1942 3109
315 201 413 256 194
463 214 844 254 rnrnnteonru
863 212 1103 248 narnus.
1118 211 1337 248 contrua
1358 210 1567 249 turos.
1583 213 1709 250 om.
1724 217 1857 250 erp.

311 339 430 374 rum
463 323 708 374 virorum
743 323 844 370 aut
879 319 1197 384 quicunque
1232 316 1382 368 alius
1418 316 1487 368 A.
1522 318 1627 369 vel
1648 319 1719 370 B.
1748 323 1855 371 ista

311 409 506 476 legens
551 407 672 458 sine
717 406 934 456 ratione
980 402 1373 470 proclamabit,
1433 402 1590 453 hunc
1645 404 1851 457 librum

315 509 438 546 esse
473 493 748 544 famosum
783 494 841 541 et
875 505 1003 545 sese
1034 488 1121 544 his
1156 487 1383 553 scriptis
1418 486 1625 554 lesum.
1664 481 1719 540 (I
1744 492 1849 544 Re-

315 579 493 629 clamo
517 578 624 628 hoc
657 575 1025 627 falsissimum·
1044 589 1166 624 esse
1204 571 1675 636 Quandoquidem
1708 575 1847 626 liber

312 663 412 716 ille
447 663 693 714 famosus
729 677 839 713 non
863 661 939 711 sit
963 660 1060 724 qui
1082 659 1376 710 veritatem
1400 655 1703 710 dumtaxat
1718 677 1837 725 pro-

314 749 528 812 fitetur,
566 750 624 798 et
659 761 780 798 eam
815 745 1081 808 maxime,
1120 757 1233 808 qua
1266 742 1539 807 ignorata
1563 749 1670 795 tota
1690 759 1827 808 pene

317 831 700 886 christianitas
756 847 857 898 per
900 830 1067 882 devia
1110 826 1445 880 ambulando
1496 829 1557 878 in
1600 829 1695 879 hoc
1730 843 1819 876 ne-

313 919 475 986 gocio
509 918 772 968 aberrare
807 920 1015 982 posset.
1077 905 1129 965 Ε
1154 911 1408 964 Secundo
1434 928 1550 964 non
1588 921 1673 965 est
1695 913 1826 964 iiber

313 1005 414 1056 ille
474 1004 720 1053 famosus
765 1002 862 1066 qui
905 1000 1247 1051 serenissimi
1292 1000 1651 1064 imperatoris
1693 1014 1835 1048 mau-

317 1089 481 1152 data,
516 1090 614 1153 qui
637 1087 1023 1138 sacratissima
1044 1083 1389 1135 diversarum
1413 1085 1837 1134 universitatum

319 1173 584 1238 consilia,
630 1172 726 1235 qui
760 1170 1060 1222 earundem
1102 1168 1443 1231 sententias,
1475 1167 1579 1231 ‚qni
1622 1181 1831 1231 regum,

316 1258 630 1325 principum
655 1257 1003 1321 aliorumque
1024 1255 1311 1306 doctorum
1347 1252 1622 1318 epistolas
1654 1253 1717 1302 in
1748 1269 1835 1302 ne-

319 1345 480 1410 gocio
515 1341 644 1394 fidei
679 1340 1087 1407 complectitur.
1158 1338 1365 1388 Tertio.
1413 1351 1523 1388 non
1566 1341 1663 1387 est
1707 1338 1837 1388 liber

319 1428 418 1479 ille
465 1428 736 1488 famosus,
785 1426 880 1489 qui
929 1425 1275 1489 componitur
1320 1423 1381 1472 in
1424 1424 1829 1473 excusationem

316 1525 504 1563 eorum
540 1523 648 1577 que
685 1509 926 1578 Cesar-ee
959 1508 1247 1560 maiestati
1278 1523 1376 1572 per
1410 1505 1643 1558 infidum
1670 1505 1829 1556 homi-

319 1611 444 1646 nem
479 1594 625 1646 falso
659 1594 1029 1661 imponuntur.
1094 1586 1147 1644 (I
1184 1595 1395 1657 Quarto
1428 1607 1549 1644 non
1584 1594 1707 1642 sunt
1732 1589 1842 1640 issa

316 1680 528 1746 scripta
561 1679 894 1743 incusanda,
933 1695 1041 1747 que
1079 1679 1149 1730 ad
1172 1677 1605 1728 instructionem
1630 1677 1848 1728 christi-

319 1765 563 1818 fidelium
597 1767 728 1816 sunt
764 1765 1099 1830 composita,
1144 1767 1207 1814 ut
1250 1763 1347 1827 qui
1380 1761 1661 1812 hactenus
1694 1763 1853 1827 igno-

320 1855 449 1904 rant
479 1850 776 1903 veritatem
812 1853 1139 1913 agnoscant.
1214 1839 1267 1897 (I
1305 1848 1511 1909 Quinto
1545 1861 1669 1896 non
1708 1847 1853 1898 dice-

320 1940 413 1988 tur
447 1935 691 1986 famosus
727 1934 826 1986 ille
870 1932 1015 1984 liber
1060 1933 1153 1984 cui
1196 1935 1393 1984 auctor
1436 1944 1718 1995 expresso
1770 1949 1853 1982 suo

321 2022 572 2086 nomine,
607 2021 715 2072 hoc
749 2018 818 2070 de
853 2033 975 2070 sese
999 2019 1120 2083 ipso
1144 2016 1455 2083 profitetur,
1495 2015 1659 2079 quod
1686 2020 1745 2068 ai
1767 2017 1851 2068 ali-

326 2107 450 2171 quis
487 2104 758 2156 articulus
795 2107 895 2153 aut
927 2101 1231 2168 improbari
1264 2102 1385 2152 sine
1422 2101 1708 2164 captione
1742 2115 1853 2168 pos·

323 2192 402 2240 sit
435 2193 536 2239 aut
569 2203 700 2239 vere
747 2186 928 2236 falsus
977 2201 1047 2236 ac
1090 2185 1257 2238 simul
1300 2185 1535 2236 nocivus
1594 2186 1851 2238 invenin'.

321 2274 502 2338 ipsum
535 2269 806 2323 videlicet
837 2273 1122 2321 auctorem
1155 2275 1272 2321 tum
1305 2271 1569 2336 paratum
1608 2285 1745 2322 esse
1782 2287 1851 2321 co-

323 2373 442 2410 ram
477 2370 806 2422 quocunque
841 2353 1025 2406 iudice
1060 2357 1175 2405 tam
1209 2353 1452 2422 seculari
1474 2367 1655 2416 quam
1680 2355 1851 2408 eccle-

326 2444 557 2494 siastico
591 2441 872 2507 publicam
907 2439 1099 2490 mortis
1134 2454 1334 2504 penam
1368 2436 1583 2502 subire,
1620 2437 1845 2506 loquen-
1875 2453 1876 2486 ῑ

325 2525 394 2574 do
437 2528 624 2573 tamen
667 2539 883 2589 semper
927 2523 995 2574 de
1042 2523 1295 2573 articulis
1339 2524 1765 2589 pregnantibus
1806 2527 1845 2570 et

325 2606 534 2656 iudicio
567 2621 800 2671 syncero
837 2610 894 2658 et
927 2607 1096 2672 digno
1142 2606 1281 2657 iuris
1326 2607 1567 2670 strepitu
1618 2605 1847 2672 (absque

331 2690 616 2753 captione,
663 2689 928 2754 fallacia,
982 2689 1107 2740 dolo
1152 2706 1219 2740 ac
1265 2691 1421 2740 inani
1466 2689 1843 2744 contentione*
