1942 3109
278 211 642 252 sxanuArro
668 212 742 249 AD
769 214 887 250 mr.
927 212 1143 250 rmvnA
1165 213 1485 250 vnmu'ns.
1552 201 1647 250 177

120 320 396 386 equitanti
442 317 682 371 ‘Dilecte
727 318 1078 370 Pfefferkorn
1122 319 1453 384 patientiam
1501 320 1645 372 habe

121 405 192 456 ad
229 409 444 471 tempus
481 419 606 454 cum
643 402 984 456 adversariis
1020 405 1135 454 tuis
1160 407 1219 454 et
1240 403 1516 456 laudabili
1540 403 1647 456 fine

120 494 326 540 cuncta
368 488 592 540 tandem
644 489 1103 540 terminabuntur.
1185 489 1376 540 Habui
1430 490 1647 554 patien-

118 577 284 639 tiam,
325 591 356 626 o
393 575 760 640 inclytissime
798 575 1127 639 imperator,
1178 578 1237 624 et
1270 589 1439 641 supra
1476 590 1643 639 quam

117 661 229 711 dici
275 663 463 726 potest
514 659 906 710 intolerabilia
953 658 1188 726 quedam
1244 658 1470 725 indigne
1524 675 1645 710 sum

116 761 431 813 perpessus,
493 745 612 811 Ego
637 745 832 809 itaque
859 744 1061 808 alogus
1087 759 1317 796 manens
1353 744 1643 810 polylogos

115 833 325 898 reperi,
364 835 422 882 et
456 830 664 880 nemini
699 845 906 880 nocens
943 829 1183 879 iniustos
1222 830 1375 880 sensi
1410 828 1643 880 malefa-

115 922 316 967 ctores.
380 913 540 978 Quod
562 916 625 963 ut
646 929 835 965 verum
860 929 983 966 esse
1008 914 1300 978 probetur,
1336 931 1368 964 o
1406 914 1645 970 elemen-

113 1000 328 1051 tissime
368 997 568 1066 Cesar,
606 999 846 1062 itemque
883 1002 946 1047 ut
981 1013 1169 1048 omnes
1206 997 1511 1049 Christiani
1548 999 1643 1063 qui

115 1087 250 1136 sunt
283 1088 340 1134 et
375 1084 474 1150 qui
507 1083 682 1134 futuri
719 1085 850 1134 sunt
882 1098 1013 1134 vero
1048 1083 1241 1134 verius
1276 1083 1509 1134 credant
1554 1080 1642 1146 (li-

116 1173 208 1220 cet
243 1170 498 1235 superius
533 1169 593 1220 in
628 1168 924 1218 summario
959 1171 1149 1218 nostro
1188 1169 1331 1218 satis
1370 1169 1447 1218 sit
1482 1183 1640 1218 enar-

113 1253 318 1318 ratum)
357 1269 442 1304 me
479 1252 682 1304 fecisse
721 1251 1060 1317 triumphare
1096 1253 1421 1315 veritatem,
1465 1253 1641 1304 vexil-

112 1338 229 1389 lum
275 1337 381 1389 hoc
425 1337 546 1388 loco
592 1337 830 1405 victorie
876 1353 979 1402 per
1022 1337 1195 1404 figure
1240 1335 1459 1388 modum
1514 1337 1639 1388 sub—

110 1423 336 1486 iiciam,
382 1423 440 1472 in
485 1437 595 1486 qua
642 1422 766 1472 luce
817 1421 1027 1472 clarius
1061 1421 1342 1474 videbitur
1376 1422 1643 1472 Ioannem

108 1507 386 1560 Reuchlin
443 1523 660 1574 semper
703 1508 879 1560 fuisse
927 1510 985 1558 et
1028 1506 1321 1558 scribendo
1370 1511 1428 1558 et
1472 1507 1641 1560 offen-

107 1593 290 1645 dendo
336 1596 601 1658 priorem,
647 1609 846 1658 meque
881 1608 993 1644 non
1028 1592 1138 1642 nisi
1172 1597 1536 1657 provocatum
1574 1609 1642 1643 ae

18 1683 20 1688 '
105 1679 282 1744 impie
315 1678 495 1746 lesum
533 1682 630 1728 aut
664 1678 958 1744 scripsisse
998 1679 1096 1728 aut
1131 1680 1441 1728 attentasse
1490 1679 1642 1744 quic-

108 1779 298 1828 quam.
385 1753 436 1812 ΙΙ
481 1763 605 1812 Hoc
651 1763 819 1811 etiam
866 1768 951 1812 est
993 1762 1105 1812 toti
1146 1762 1345 1812 mundo
1392 1763 1643 1814 conside-

107 1845 372 1909 randum,
420 1845 566 1910 quod
609 1846 665 1895 in
689 1846 954 1896 munibus
991 1846 1129 1896 meis
1166 1846 1393 1910 scriptis
1429 1863 1645 1913 semper

108 1948 198 1983 me
238 1929 569 1979 subiecerim
605 1930 774 1994 rigori
810 1945 878 1980 ac
917 1931 1210 1982 severitati
1247 1931 1399 1983 iuris.
1433 1930 1443 1996 Ι
1627 1929 1776 1998 aiij*

251 2065 508 2130 Figura
551 2063 884 2115 veritatis
929 2066 988 2113 in
1024 2077 1135 2128 qua
1171 2064 1241 2114 ad
1286 2064 1506 2114 oculum

253 2152 412 2214 patet
430 2149 694 2200 Ioannem
717 2148 992 2199 Reuchlin
1016 2150 1074 2199 in
1099 2149 1350 2200 omnibus
1386 2149 1504 2200 suis

253 2232 478 2298 scriptis
533 2237 590 2286 et
642 2234 813 2286 factis
870 2248 1085 2300 semper
1130 2233 1305 2285 fuisse
1352 2249 1505 2286 reum

689 2318 1064 2385 originarium.

221 2433 274 2492 (I
323 2437 671 2490 Consultatio
728 2441 1053 2505 prepostera
1099 2437 1327 2490 Ioannis
1368 2438 1643 2490 Reuchlin

105 2532 240 2582 fons
285 2530 344 2577 et
388 2526 540 2591 origo
587 2524 762 2578 omnis
799 2524 935 2575 mali
970 2540 1039 2573 ac
1076 2523 1249 2575 totius
1284 2529 1471 2593 nostre
1511 2541 1637 2577 con-

105 2613 398 2676 tentionis,
436 2613 505 2662 ab
531 2610 964 2677 Archiepiscopo
989 2610 1336 2677 MoguntinO,
1360 2610 1640 2677 imperiali

108 2715 188 2756 ea
221 2699 280 2748 in
313 2712 374 2749 re
422 2697 798 2750 commissario
845 2699 902 2752 et
946 2696 1063 2749 suis
1109 2700 1165 2749 et
1206 2695 1343 2748 mihi
1386 2695 1637 2762 legitime

1298 2780 1365 2833 12
