1942 3109
359 209 461 262 292
529 224 998 261 nnmn‘n‘nonms
1036 225 1355 260 OBBCVBOR.
1382 225 1733 263 REvanIR.
1758 226 1837 261 BOV

364 332 590 384 fabulas
629 331 1056 394 cantilenasque
1090 333 1371 394 versetur,
1408 332 1687 383 refertas
1724 333 1839 398 prum

362 421 421 468 et
442 416 773 467 titillatione
797 415 1167 480 voluptatum,
1186 414 1519 481 libidinum,
1540 419 1839 484 flagitium

258 499 346 554 2:6¹²
376 503 518 554 Nam
564 501 708 566 quod
751 505 812 550 tu
856 501 1062 566 flagitii
1090 495 1115 566 ss
1148 515 1327 564 genus
1362 501 1428 549 in
1467 504 1676 567 poetis
1712 503 1839 552 noni}

361 588 556 640 venies
604 585 800 636 extolli
847 589 904 636 et
947 583 1262 652 predicari?
1333 585 1527 652 Digni
1574 589 1680 639 illi
1716 585 1839 653 quidm

367 674 463 738 qui
498 675 554 724 et
587 673 744 723 vates
781 674 839 722 et
872 670 1047 720 divini
1083 669 1407 719 dicerentur
1448 673 1721 724 ministri
1740 681 1841 722 eoru

295 823 300 828 ὓ
366 759 587 809 deorum
624 771 762 820 quos
795 754 1099 818 habebant,
1125 754 1619 820 profligatissima
1663 765 1718 810 et
1738 751 1841 821 pemi-

364 843 586 893 tissima
631 854 848 907 queque
892 838 1275 903 postulantes,
1336 839 1387 888 si
1435 842 1621 894 modo
1672 834 1839 894 ermzhi

371 928 477 992 dii,
523 930 582 978 et
615 941 724 976 non
759 923 1003 975 stultitia
1038 926 1225 988 potius
1263 939 1467 974 eorum
1510 929 1619 991 qui
1654 929 1747 995 hec
1772 937 1841 972 eon·

368 1013 674 1075 finxissent,
711 1010 1019 1060 referentes
1055 1008 1241 1059 omnia
1286 1007 1363 1058 ad
1401 1015 1722 1077 appetitum
1752 1009 1841 1072 quis·

371 1114 476 1163 que
527 1112 685 1147 suum
729 1095 986 1144 insanum
1030 1096 1086 1144 et
1129 1095 1451 1144 amentem‘.
1536 1097 1585 1148 Ο
1626 1096 1843 1152 Lulliane,

370 1199 402 1232 o
449 1181 670 1231 Simeon
711 1178 1007 1241 Lulliane,
1054 1192 1217 1242 quam
1262 1189 1367 1226 nos
1418 1179 1542 1248 hee
1579 1179 1721 1232 verba
1750 1191 1843 1240 per·

371 1267 652 1330 stringunt
687 1268 744 1314 et
777 1261 1080 1314 indelebile
1104 1261 1263 1312 nobis
1288 1264 1637 1317 scandalum
1650 1268 1843 1314 mortem⁴

372 1367 478 1415 que
513 1350 904 1414 sempiternam
937 1345 1241 1396 minantur!
1280 1343 1393 1396 Sed
1418 1362 1545 1418 que
1574 1347 1842 1416 sequuntur?

377 1436 702 1485 ‘Finxerunt
735 1431 844 1483 sibi
878 1446 1160 1510 sermones
1196 1445 1441 1494 nequam
1482 1441 1691 1505 poete,
1730 1437 1837 1485 Lot-2-

371 1523 487 1566 tum
533 1519 619 1564 est
662 1514 1009 1564 mendacium
1054 1529 1115 1564 os
1171 1514 1397 1565 illorum
1443 1521 1513 1567 et
1557 1523 1745 1573 secuti
1770 1522 1844 1568 sum<

369 1601 706 1662 vanitatem,
761 1597 845 1647 Ad
897 1598 1294 1664 increpandum
1337 1601 1523 1652 verba
1576 1608 1844 1658 concinnant

374 1690 430 1737 et
473 1698 777 1734 sermonem
829 1683 1182 1747 protulerunt
1233 1685 1561 1752 inventum,
1630 1697 1695 1743 et
1734 1699 1839 1740 tmen

373 1770 564 1824 nescio
612 1783 778 1834 quam
822 1769 930 1819 sibi
974 1767 1313 1832 persuadent
1358 1770 1609 1834 gloriam
1658 1771 1845 1826 nominis.

375 1873 482 1925 que
527 1855 670 1906 nihil
713 1860 800 1906 est
841 1855 1132 1920 profutura
1169 1854 1218 1904 si
1255 1861 1633 1918 comparetur.
1708 1861 1844 1910 Poea-

374 1957 492 1990 rum
539 1939 709 2005 igitur
753 1939 1029 2004 insignem
1082 1937 1383 1988 stultitiam
1430 1949 1735 2004 persancte
1778 1957 1844 1992 car

374 2041 512 2091 pens
546 2025 890 2087 Hieremias,
935 2023 1086 2074 Ecce
1124 2020 1353 2088 (inquit)
1390 2039 1495 2075 vos
1540 2027 1797 2079 confiditis
1824 2027 1844 2073 i÷

377 2110 722 2162 sermonibus
757 2108 1057 2170 mendacii,
1106 2107 1203 2171 qui
1245 2123 1357 2157 non
1399 2111 1707 2171 proderunt
1728 2109 1839 2158 nobi

379 2198 435 2245 et
480 2194 662 2245 secuti
704 2193 838 2244 deos
883 2193 1098 2243 alienos
1144 2193 1201 2242 in
1246 2191 1513 2256 Balaam,
1566 2195 1677 2246 hoc
1718 2195 1844 2246 esti:

375 2277 697 2342 voraginem
753 2277 810 2326 et
863 2277 1218 2342 precipitium
1261 2276 1606 2334 declinatis'.
1678 2281 1761 2331 Ad
1798 2295 1845 2328 tm

377 2379 538 2432 guem
581 2362 862 2430 Hieremie
907 2377 1085 2414 sermo
1140 2365 1335 2427 poetas
1387 2360 1613 2426 irridet,
1678 2379 1845 2430 quorux

380 2449 610 2501 totidem
647 2447 725 2497 dii
759 2451 888 2497 sunt
923 2451 1059 2510 quot
1093 2462 1254 2513 nuge.
1324 2446 1415 2495 Ita
1449 2449 1763 2509 perniciosi
1794 2451 1844 2500 sil

379 2537 560 2596 poete,
598 2531 894 2593 perniciosi
931 2535 989 2580 et
1024 2532 1222 2580 ceteris
1258 2531 1307 2580 si
1342 2529 1691 2584 lectitentur.
1766 2537 1844 2584 Ta:

378 2617 565 2676 potest
588 2613 880 2674 quisquam
913 2613 1063 2662 inter
1096 2613 1315 2663 illorum
1349 2613 1559 2676 scripta
1596 2629 1713 2667 non
1750 2633 1844 2669 ene:

380 2695 532 2754 vari,
580 2708 743 2755 quam
775 2696 836 2741 in
869 2695 999 2758 igne
1036 2711 1147 2744 non
1178 2697 1292 2760 uri,
1338 2697 1398 2744 in
1432 2709 1582 2758 aqua
1626 2714 1749 2751 non
1778 2717 1845 2768 pe]
