1942 3109
873 867 930 926 1.

487 972 538 1030 (Ι
584 967 997 1032 Iohannes
1042 967 1299 1034 Labia

297 1071 390 1120 dei
425 1073 606 1135 gratia
640 1073 1106 1122 Prothonotarius
1147 1074 1491 1138 apostolicus

645 1157 983 1208 Venerabili
1016 1157 1137 1207 viro

131 1237 462 1306 Magistro
519 1241 682 1293 Ortv
699 1243 803 1292 ino
863 1241 995 1292 Gra
1011 1241 1110 1292 tio
1153 1241 1537 1294 Daventrie
1554 1243 1658 1294 nsi

573 1330 636 1376 ut
671 1327 836 1377 fratri
873 1322 1200 1379 charissimo

125 1407 340 1459 Sal'utis
380 1411 599 1461 centum
635 1411 792 1462 milia
829 1409 1094 1463 sestertia
1126 1411 1431 1464 secundum
1456 1427 1655 1465 novam

663 1495 1112 1548 Grammaticam.

215 1631 550 1697 Acceperim
575 1630 995 1698 nudiustertius,
1018 1633 1339 1685 honorande
1363 1635 1467 1699 vir,
1487 1650 1653 1685 unum

115 1713 317 1766 librum
367 1729 533 1780 quem
577 1711 878 1767 dominatio
921 1723 1114 1769 vestra
1158 1720 1371 1770 miserit
1414 1720 1550 1770 mihi
1586 1737 1653 1770 ex

116 1799 371 1852 Colonia.
445 1801 522 1850 Et
567 1801 678 1850 fuit
718 1802 812 1852 vel
861 1806 948 1852 est
982 1801 1118 1853 talis
1153 1802 1299 1854 liber
1334 1803 1653 1852 intitulatus

117 1883 392 1952 ‘Epistole
445 1883 818 1936 Obscurorum
863 1885 1153 1937 Virorum'.
1235 1885 1443 1938 Sancte
1500 1886 1655 1948 deus,

111 1969 388 2032 quomodo
413 1968 626 2036 letatus
652 1971 854 2020 eumin
892 1969 1055 2021 corde
1092 1987 1241 2036 meo,
1280 1971 1501 2037 quando
1536 1971 1653 2022 vidi

111 2055 272 2103 illum
323 2053 558 2118 librum,
607 2055 742 2118 quia
788 2054 959 2105 habet
994 2055 1173 2104 multa
1208 2055 1443 2120 pulchra.
1479 2058 1538 2105 in
1574 2071 1653 2119 se,

106 2139 348 2188 metrice
395 2138 490 2188 vel
537 2139 789 2203 prosaice
841 2139 1165 2204 compilata.
1245 2139 1320 2189 Et
1366 2139 1477 2190 fuit
1522 2139 1657 2188 mihi

107 2235 375 2288 magnum
402 2222 666 2288 gaudium
691 2225 751 2274 in
775 2221 927 2273 dulci
953 2223 1157 2289 iubilo,
1194 2224 1338 2290 quod
1370 2224 1487 2277 vidi
1510 2224 1655 2289 quod

109 2307 338 2357 habetis
389 2307 596 2356 multos
643 2309 824 2358 socios
869 2307 1079 2359 Poetae
1128 2313 1187 2360 et
1228 2310 1554 2360 Rethoricos
1600 2313 1659 2358 et

48 2443 63 2453 ,
110 2391 461 2458 TheologoS,
501 2393 597 2455 qui
659 2393 909 2444 scribunt
963 2395 1124 2445 vobis
1184 2397 1240 2445 et
1296 2397 1427 2445 sunt
1474 2393 1655 2444 Amici

111 2473 293 2526 vestri
349 2480 550 2526 contra
604 2469 907 2528 Iohannem
965 2477 1260 2528 Reuchlin'.
1342 2478 1657 2528 Habuimus

113 2560 233 2610 heri
272 2561 659 2624 collationem,
697 2567 754 2612 et
788 2562 1017 2612 fuerunt
1052 2574 1264 2612 mecum
1303 2562 1483 2626 aliqui
1520 2561 1657 2611 Cur·

113 2647 288 2695 tisani
334 2648 509 2712 periti
558 2650 616 2695 et
657 2645 932 2697 habentes
978 2647 1180 2697 bonam
1216 2647 1553 2710 practicam,
1602 2647 1663 2688 et

115 2746 217 2795 ego
263 2733 430 2797 posui
477 2731 639 2780 illum
684 2730 888 2780 librum
937 2729 1009 2778 ad
1057 2741 1320 2776 mensam.
1392 2725 1469 2772 Et
1512 2724 1665 2782 post·

1298 2807 1355 2854 11
