1942 3109
253 206 354 257 314
429 220 719 258 annonas·
750 220 1112 257 onscvnonvu
1136 220 1389 256 vmouvu
1412 220 1590 257 nova.

253 325 526 390 telligere.
585 326 660 375 Et
685 342 812 391 ergo
837 326 1039 377 relicta
1052 323 1196 377 'vera
1222 328 1276 376 et
1300 325 1561 391 originali
1584 327 1773 380 Theo-

253 409 436 475 logia‚
470 410 610 462 nihil
649 411 883 477 amplius
920 410 1139 461 faciunt
1172 412 1284 461 nisi
1307 409 1450 475 quod
1475 410 1773 477 disputant

255 500 312 546 et
348 501 802 561 argumentantur
838 501 897 547 et
927 499 1149 547 movent
1173 496 1401 547 inutiles
1426 499 1768 563 questiones.

253 580 326 629 Et
359 582 469 631 ista
505 581 760 633 faciendo
796 580 989 631 dicunt
1023 596 1083 631 se
1118 579 1415 631 defendere
1459 581 1622 631 fidem
1659 583 1769 635 Ca·

253 664 543 730 tholicam,
583 682 704 717 cum
741 671 926 717 tamen
961 667 1232 717 neminem
1260 664 1405 731 apud
1432 682 1490 735 se
1515 667 1767 719 habeant

254 752 350 814 qui
381 756 594 817 pugnat
631 756 821 802 contra
857 750 1033 801 fidem.
1106 756 1163 801 et
1208 752 1289 801 sic
1333 750 1601 801 inutiliter
1634 767 1757 815 per-

253 835 388 885 dunt
421 840 668 901 tempora
705 840 762 887 et
795 851 903 886 non
941 836 1233 887 conferunt
1270 835 1517 900 aliquam
1547 835 1757 885 utilita-

251 924 364 971 tem
398 921 457 971 in
494 921 736 972 ecclesia
771 921 877 972 dei.
940 920 1049 971 Sed
1072 921 1122 971 si
1146 920 1553 986 disputationes
1576 935 1759 971 eorum

251 1005 520 1057 haberent
555 1007 801 1072 aliquam
825 1006 1154 1070 utilitatem,
1192 1010 1325 1055 tunc
1349 1009 1580 1071 possunt
1603 1005 1765 1056 illam

251 1095 467 1143 vertere
515 1090 586 1140 ad
632 1091 967 1143 commodum
1014 1090 1251 1157 ecclesie
1296 1089 1425 1141 fidei
1471 1087 1765 1158 catholice

254 1176 430 1227 eundo
483 1191 582 1241 per
634 1175 890 1227 mundum
947 1180 1005 1226 et
1054 1174 1339 1243 predicare
1391 1175 1621 1226 verbum
1674 1174 1768 1226 dei

253 1263 398 1312 sicut
422 1261 706 1326 Apostoli,
745 1265 800 1311 et
835 1260 1117 1325 disputare
1158 1264 1348 1309 contra
1373 1259 1581 1325 Grecos
1622 1260 1770 1324 quod

253 1346 482 1398 redeant
515 1347 573 1396 in
607 1346 865 1396 unionem
903 1359 1024 1393 cum
1060 1343 1303 1395 ecclesia
1333 1344 1598 1396 Romana.
1658 1344 1767 1397 Vel

254 1434 304 1483 si
337 1447 446 1482 non
479 1431 696 1481 vellent
727 1431 891 1495 longe
928 1424 1112 1492 abire,
1150 1429 1349 1481 saltem
1382 1430 1528 1481 irent
1561 1430 1621 1479 in
1655 1430 1767 1481 Bo-

253 1517 490 1565 hemiam
535 1514 928 1565 concludentes
974 1514 1133 1564 illam
1178 1520 1395 1580 gentem
1431 1530 1551 1565 cum
1582 1514 1761 1579 Argu-

252 1601 452 1651 mentis
477 1603 532 1650 et
559 1598 904 1664 syllogismis
929 1599 1061 1649 suis.
1124 1598 1231 1649 Sed
1263 1599 1369 1650 hoc
1394 1616 1501 1651 non
1522 1598 1759 1649 faciunt.

252 1687 454 1737 Verum
508 1685 589 1736 ibi
632 1683 920 1749 disputant
959 1684 1058 1735 ubi
1100 1699 1211 1735 non
1265 1687 1351 1735 est
1395 1698 1557 1750 opus:
1608 1684 1763 1749 Ergo

254 1768 551 1821 “visitabit
575 1785 668 1821 eos
693 1768 978 1820 dominus”
1017 1771 1073 1821 et
1104 1770 1290 1819 mittet
1325 1769 1585 1833 quosdam
1622 1768 1761 1819 alios

251 1857 523 1905 Doctores
560 1869 753 1921 grece,
799 1854 977 1905 latine
1015 1857 1073 1904 et
1104 1854 1369 1905 hebraice
1402 1852 1624 1918 doctOS,
1668 1853 1764 1918 qui

253 1938 490 1989 “eiectis
525 1938 642 1989 illis
678 1938 952 2007 fecibuff,
980 1938 1044 2004 ‚id
1080 1944 1165 1991 est
1186 1938 1395 1990 ablatis
1419 1938 1537 1989 illis
1560 1939 1762 2004 ineptis

255 2024 722 2075 Cavillationibus
769 2029 827 2075 et
877 2006 1201 2075 adulterinis
1237 2021 1538 2088 Theologiq
1575 2028 1635 2073 et
1670 2024 1757 2075 ob-

251 2110 426 2160 scuris
453 2110 1030 2173 commentationibus,
1058 2108 1329 2159 adducent
1353 2108 1607 2159 lucernas
1634 2120 1759 2159 suas

253 2198 310 2244 et
353 2193 717 2244 illustrabunt
760 2195 1093 2257 scripturas,
1151 2196 1207 2243 et
1250 2193 1549 2243 restituent
1602 2193 1767 2244 nobis

254 2278 541 2342 antiquam
565 2281 622 2327 et
643 2273 833 2328 veram
857 2273 1239 2340 Theologiam‚
1277 2276 1423 2326 sicut
1456 2291 1631 2341 nuper
1664 2276 1769 2327 ille

253 2364 665 2431 prenominatus
699 2362 962 2411 Erasmus
1010 2359 1321 2411 emendavit
1363 2361 1533 2413 libros
1577 2362 1773 2411 sancti

252 2450 588 2513 Hieronimi‚
634 2452 690 2497 et
733 2447 872 2499 fecit
915 2461 1009 2497 eos
1054 2446 1305 2510 imprimi.
1378 2446 1543 2497 etiam
1578 2455 1767 2495 emen·

254 2532 410 2583 davit
442 2549 642 2585 novum
675 2535 1095 2594 testamentum,
1133 2531 1277 2594 quod
1311 2546 1411 2595 ego
1451 2524 1611 2577 credo
1637 2542 1763 2581 esse

253 2613 449 2667 maiori
491 2618 728 2667 utilitati
771 2632 935 2683 quam
980 2617 1029 2667 si
1070 2616 1273 2680 viginti
1315 2614 1470 2664 milia
1518 2612 1761 2679 Scotiste

252 2702 344 2755 vel
366 2703 648 2772 Thomiste
676 2706 894 2754 centum
929 2717 1105 2753 annos
1140 2699 1489 2766 disputarent
1526 2699 1591 2749 de
1615 2698 1757 2748 Ente
