1942 3109
283 184 347 235 14
416 196 796 235 Pernarconm
821 193 1297 233 narrasses-ru
1321 191 1785 230 manamaur.

279 318 382 369 ego
419 306 476 353 et
507 304 568 353 in
601 318 804 368 magna
838 301 1227 354 familiaritate
1276 297 1361 364 (ut
1394 298 1683 365 opinabar)
1716 300 1789 349 ab

281 404 346 439 eo
369 388 596 453 recessi,
635 388 924 439 conferens
949 402 1036 436 me
1074 384 1145 436 ad
1179 384 1527 451 imperatoris
1566 385 1788 435 curiam.

281 473 406 536 Qua
441 472 662 536 quidem
696 488 756 522 re
791 472 876 521 sic
910 469 1150 521 fideliter
1174 486 1273 537 per
1294 485 1381 521 me
1407 468 1665 535 expedita
1684 485 1793 520 non
1906 427 1911 577 Ι

279 561 367 607 est
408 558 544 607 mihi
590 559 660 607 ab
707 556 809 607 illo
853 559 1080 609 servata
1122 554 1285 619 fides,
1332 558 1395 605 ut
1428 556 1617 624 sepius
1650 555 1795 605 infra

279 640 514 693 dicetur.
584 642 935 706 Quapropter
969 639 1165 705 perfidi
1198 639 1359 708 Iudei
1380 655 1503 691 sese
1530 654 1792 705 suumque

277 727 570 791 negocium
604 741 714 776 non
749 725 1134 791 neglexerunt,
1170 729 1231 775 ut
1254 725 1388 775 mihi
1412 725 1529 776 suis
1556 725 1789 774 astuciis

280 808 637 861 occluderent
671 811 839 874 viam,
876 809 1015 860 licet
1050 825 1115 859 eo
1152 812 1400 875 tempore
1424 823 1605 873 neque
1628 824 1797 874 pecu·

277 895 374 945 nia
391 909 571 958 neque
589 894 710 945 ulla
726 894 876 945 bona
896 894 977 945 eis
995 895 1309 960 potuissent
1328 894 1615 961 suppetias
1635 893 1799 944 ferre.

279 978 377 1030 sed
396 980 756 1046 imperatoria
768 980 1039 1032 Maiestas
1062 980 1215 1030 misit
1242 977 1543 1030 seeundum
1573 978 1802 1028 manda-

277 1069 396 1114 tum
431 1065 518 1115 his
554 1065 1023 1129 subsequentibus
1067 1064 1270 1116 verbis.
1340 1064 1667 1127 Priusquam
1711 1066 1807 1112 ta-

279 1162 404 1199 men
451 1148 522 1199 ad
555 1148 698 1200 illud
732 1149 1053 1214 deveniam,
1103 1165 1204 1215 ego
1248 1148 1460 1223 bumile
1506 1147 1809 1198 membrum

281 1234 522 1303 ecclesie
567 1238 689 1304 tue,
737 1238 793 1286 et
827 1250 1030 1287 novum
1065 1249 1314 1300 germen,
1367 1248 1463 1285 oro
1500 1236 1667 1297 atque
1704 1234 1810 1284 ob-

279 1335 437 1375 secro
481 1319 1019 1371 Reverendissimam
1077 1319 1475 1383 paternitatem
1531 1321 1685 1367 tuam
1746 1319 1813 1367 in

282 1400 502 1452 Christo
537 1403 685 1468 Iesu,
721 1408 985 1469 tuamque
1021 1405 1081 1455 in
1116 1404 1264 1455 omni
1298 1417 1501 1469 genere
1532 1402 1815 1453 virtutum

280 1484 525 1537 divinam
571 1489 757 1551 potius
813 1503 979 1551 quam
1024 1488 1319 1540 humanam
1363 1488 1703 1554 sapientiam
1755 1492 1818 1539 et

280 1571 550 1621 invictum
587 1570 759 1620 animi
794 1571 986 1636 robur,
1034 1576 1097 1621 ut
1141 1589 1227 1625 me
1274 1574 1530 1623 miserum
1564 1587 1680 1623 non
1714 1573 1817 1623 de—

283 1669 438 1707 seras
493 1653 592 1707 sed
647 1656 716 1705 ab
779 1657 927 1707 omni
982 1656 1362 1709 invadentium
1406 1656 1661 1723 periculo
1709 1657 1817 1709 de-

281 1740 490 1791 fenses.

386 1816 439 1875 (I
475 1824 762 1876 Protestor
795 1826 989 1891 itaque
1024 1826 1131 1878 hoc
1166 1826 1291 1879 loco
1329 1842 1513 1879 coram
1546 1842 1833 1880 reveren·

279 1908 509 1963 <lissima
543 1911 882 1984 paternitate
917 1915 1017 1963 tua
1050 1927 1135 1963 me
1160 1912 1301 1962 nihil
1325 1928 1447 1963 esse
1471 1914 1831 1978 scripturum

282 1995 352 2047 ad
391 1999 770 2063 cuiuscunque
815 1984 1063 2048 hominis
1096 1998 1413 2062 infamiam,
1458 1996 1558 2049 sed
1600 1998 1834 2049 nudam

279 2084 576 2134 veritatem
609 2082 759 2135 velle
796 2082 1161 2133 manifestare
1198 2086 1255 2133 et
1289 2098 1387 2148 pro
1422 2082 1585 2133 falsis
1621 2084 1837 2154 sique

283 2172 470 2216 essent
503 2154 704 2231 penam
739 2167 1036 2216 sustinere.
1106 2166 1314 2219 Valeat
1347 2166 1593 2217 feliciter
1625 2166 1838 2221 Reve-

280 2248 609 2307 rendissima
644 2250 957 2314 paternitas
994 2253 1131 2300 tua..
1182 2248 1413 2319 colonie
1437 2251 1687 2305 Anno-2?-
1716 2255 1841 2309 rui.

285 2386 339 2454 ([
364 2401 627 2468 Sequitur
661 2399 1052 2453 mandatum
1078 2400 1133 2454 S.
1160 2403 1229 2454 D.
1255 2402 1321 2456 N.
1346 2403 1843 2470 Imperatoris

845 2486 1225 2538 secundum.

382 2586 495 2638 Nos
531 2586 946 2641 Maximilianus
994 2588 1183 2640 divina
1230 2590 1456 2640 favente
1506 2590 1851 2643 clementia

283 2670 492 2723 electus
527 2672 626 2723 Ro.
663 2672 963 2737 imperator
1000 2688 1217 2738 semper
1249 2672 1535 2737 Augustus
1570 2687 1642 2721 ac
1674 2674 1849 2727 Ger-
