1942 3109
213 234 314 287 316
388 251 675 288 prsroms
698 250 1064 289 onscvnonvu
1086 244 1341 289 vinonvn
1366 252 1539 291 nova.

213 354 346 407 deus
385 356 679 409 avertisset
713 356 852 409 illud
875 358 1099 422 malum,
1125 359 1341 410 omnino
1365 358 1726 411 devorassem

213 456 352 491 eum.
423 442 498 491 Et
531 458 640 493 non
677 446 863 508 potest
899 444 1125 509 exponi,
1162 444 1307 507 quod
1342 442 1617 495 Reuchlin
1654 447 1728 496 sit

211 525 309 577 ille
345 526 508 593 lupus
543 544 749 594 rapax:
789 529 918 592 quia
953 529 1012 578 in
1036 532 1155 578 tota
1177 530 1299 579 vita
1324 544 1425 579 sua
1448 532 1725 581 neminem

209 612 422 677 rapuit,
459 611 515 662 id
553 616 637 664 est
669 613 943 665 neminem
978 612 1124 664 falso
1163 617 1451 665 accusavit
1473 614 1566 667 vel
1592 630 1723 666 con—

209 698 298 745 tra
339 697 656 748 vitam·aut
698 698 903 748 famam
950 698 1069 749 eius
1125 698 1293 749 dictis
1347 699 1440 749 vel
1494 701 1720 765 scriptis

211 781 340 845 egit.
445 780 552 832 Sed
619 782 920 833 attendatis
984 781 1117 847 quid
1172 787 1374 834 sonant
1428 785 1715 849 sequentia

207 867 407 917 verba:
453 864 750 919 “Introivit
792 868 848 917 in
882 868 1031 920 ovile
1066 867 1368 920 vestrum”.
1441 870 1584 933 Quia
1617 868 1713 919 ille

206 949 384 1002 bonus
418 952 693 1003 Reuchlin
738 967 1019 1018 nunquam
1060 954 1297 1007 intravit
1341 954 1579 1006 studium
1612 952 1714 1004 Co-

208 1034 486 1088 loniense:
524 1039 686 1089 immo
711 1052 993 1107 nunquam
1017 1039 1214 1091 habuit
1240 1056 1425 1091 curam
1451 1039 1517 1091 de
1544 1038 1721 1090 Theo-

207 1119 349 1186 logis
388 1120 808 1175 coloniensibus
843 1125 938 1176 vel
971 1122 1218 1175 ecclesia
1244 1124 1587 1188 Coloniensi,
1624 1122 1724 1175 secl

207 1205 404 1257 habuit
440 1207 554 1258 alia
590 1224 756 1275 agere
792 1209 1017 1260 maioris
1050 1209 1346 1260 utilitatis:
1416 1210 1563 1274 Ergo
1598 1210 1721 1274 ipse

208 1304 317 1340 non
361 1296 546 1357 potest
590 1293 702 1343 dici
745 1308 886 1343 unus
933 1308 1001 1343 ex
1045 1292 1161 1341 illis
1206 1291 1349 1357 lupis
1402 1293 1723 1357 rapacibUS,

207 1375 275 1427 de
312 1376 511 1441 quibus
546 1378 984 1442 Lichtenberger
1019 1376 1215 1437 sentit,
1264 1375 1357 1438 qui
1393 1374 1557 1426 debet
1594 1392 1721 1427 esse

211 1476 278 1509 ex
314 1462 450 1513 ovili
484 1460 818 1511 Coloniensi.
887 1459 1335 1523 Consequenter:
1373 1456 1548 1508 “Nam
1584 1464 1722 1510 tem-

206 1546 428 1609 poribus
451 1544 654 1594 vestris
681 1545 946 1608 exurgent
967 1556 1115 1593 nova
1142 1546 1198 1591 et
1220 1540 1528 1591 inaudita”:
1565 1542 1719 1593 Bene

209 1628 392 1681 “nova
438 1631 494 1679 et
538 1628 846 1692 inaudita”,
918 1627 1064 1691 Quia
1110 1640 1290 1691 neque
1338 1625 1531 1677 oculus
1576 1626 1723 1686 vidit

207 1728 387 1777 neque
434 1713 581 1765 auris
629 1712 868 1777 audivit,
913 1728 1095 1777 neque
1131 1713 1190 1762 in
1228 1727 1321 1764 cor
1353 1712 1588 1762 hominis
1624 1710 1719 1763 de-

209 1798 450 1860 seendit,
489 1797 633 1862 quod
667 1799 748 1848 ita
784 1797 979 1863 doctus
1016 1802 1073 1850 et
1104 1798 1307 1864 probus
1332 1797 1444 1861 vir,
1484 1797 1582 1862 qui
1603 1800 1715 1845 tam

205 1883 394 1955 multis
429 1884 638 1949 profuit
664 1886 719 1934 et
739 1884 948 1935 nemini
971 1898 1212 1948 unquam
1236 1882 1454 1947 nocuit,
1490 1882 1549 1931 in
1573 1896 1717 1931 sum·

205 1980 296 2017 ma
333 1972 616 2020 senectute
655 1984 756 2019 sua
791 1968 956 2020 debet
992 1970 1073 2021 ita
1112 1968 1409 2020 crudeliter
1433 1970 1489 2018 et
1512 1966 1715 2032 perfido

205 2055 399 2105 vexari
437 2057 493 2105 et
529 2055 847 2105 conturbari
883 2059 938 2106 et
971 2056 1414 2121 persecutionem
1449 2053 1585 2118 pati.
1642 2050 1713 2101 Et

207 2154 336 2204 ergo
374 2140 624 2204 sequitur
660 2138 758 2189 “in
797 2139 1054 2190 ecclesiis
1088 2139 1347 2190 vestris”=
1384 2141 1716 2202 quapropter

204 2238 313 2273 non
347 2226 534 2288 potest
565 2221 632 2272 de
667 2222 939 2272 Reuchlin
977 2222 1239 2286 allegari,
1288 2223 1419 2285 quia
1465 2223 1584 2287 ipse
1618 2221 1717 2271 bc·

203 2307 524 2374 nignissime
579 2307 720 2357 vivit
765 2309 922 2356 extra
967 2304 1266 2356 ecclesiam
1314 2304 1717 2367 Coloniensem,

205 2393 425 2444 scilicet
467 2392 525 2441 in
568 2390 912 2457 Episcopatu
957 2388 1391 2441 constantiensi.
1474 2388 1584 2437 “Et
1628 2386 1713 2436 sic

205 2492 364 2544 spero
401 2476 545 2542 quod
576 2477 807 2528 venient
841 2472 1077 2539 Canes'’,
1114 2473 1169 2523 id
1196 2478 1280 2525 cst
1304 2473 1489 2523 fideles
1517 2470 1711 2521 Custo-

205 2546 300 2613 des
335 2562 543 2625 ovium,
582 2563 676 2625 qui
710 2562 828 2611 sine
860 2558 1082 2611 Invidia
1116 2563 1172 2610 et
1194 2555 1588 2610 malevolentia
1611 2554 1713 2607 hu-

204 2648 410 2700 militer
445 2651 502 2697 et
535 2645 770 2699 fideliter
803 2649 1038 2713 pascent
1083 2660 1212 2695 oves
1250 2642 1481 2708 Christi,
1526 2641 1582 2692 id
1628 2645 1715 2693 est

203 2734 464 2800 populum
489 2731 888 2799 Christianum,
925 2730 1022 2783 “et
1055 2729 1442 2781 dilacerabant
1474 2728 1603 2779 illos
1626 2728 1713 2779 lu-
