1942 3109
73 257 556 298 nnuman-Artorius
595 256 902 294 onscvnon.
931 240 1463 310 v1non.[vn·ruuus.]
1512 243 1613 295 263

75 383 154 420 ac
192 379 410 417 veneno
443 362 774 429 pestilentes
809 362 968 414 estis.
1040 361 1283 414 Stultum
1326 366 1413 414 est
1444 363 1617 428 igitur

56 453 287 518 'optare
347 449 492 512 quod
549 448 643 499 diu
702 448 836 498 estis
899 448 1205 499 consecuti.
1304 448 1614 514 Euhenum,

56 533 446 594 'noctua-um,
493 535 772 598 asionum,
816 532 1122 597 ulularum,
1158 532 1618 599 vespertilionum

53 627 144 673 ·et
169 617 620 684 nicticoracum[‚
657 620 904 684 strygurn
937 616 1338 684 lemurumque]
1368 616 1619 682 exemplo

53 703 384 758 'nocturnis
428 703 620 756 volate
673 703 1042 768 temporibus,
1099 707 1162 753 ut
1213 706 1377 754 nocte
1422 703 1619 752 intem-

53 789 256 861 ‘pesta
290 788 608 854 palpabiles
643 787 872 856 tenebre
893 793 996 840 'vos
1029 787 1373 840 obumbrent.
1418 786 1621 839 Valete

77 891 220 928 cum
265 873 648 938 risipiscentia
693 877 750 923 et
795 872 1069 926 charitate
1116 872 1225 923 dei.
1291 872 1379 922 Ex
1412 871 1619 942 lglprcn-

75 964 291 1022 berga.

51 1152 56 1183 ι
821 1128 906 1181 42.

83 1234 142 1292 (1
192 1226 856 1292 Mammotrectus
902 1225 1621 1291 Buntemantellus

348 1331 896 1396 Eyntelrabiano
931 1331 1377 1397 Philopompo

573 1415 943 1470 obscurorum
979 1416 1165 1481 legato

731 1500 804 1555 .S.
843 1499 903 1553 Ρ.
938 1501 1007 1551 D.
1028 1497 1047 1522 ⁸

202 1601 396 1652 Edidit
451 1617 624 1666 nuper
669 1601 842 1652 libros
891 1601 1028 1653 duos
1072 1601 1425 1654 Reverendus
1469 1601 1626 1670 here-

84 1692 215 1753 tice
253 1686 554 1750 pravitatis
577 1685 900 1749 Inquisitor‚
926 1687 986 1735 in
1022 1687 1222 1752 quibus
1260 1686 1383 1738 luce
1422 1686 1627 1737 clarius

83 1771 292 1838 patet,
341 1783 506 1830 quam
551 1772 745 1820 sancte
793 1773 848 1818 et
885 1784 1049 1833 quam
1084 1771 1176 1837 pie
1214 1771 1485 1837 Georgius
1521 1771 1628 1820 Be-

51 1857 307 1918 [nignus
357 1853 414 1899 et
461 1849 712 1915 Capnion
757 1853 877 1916 ipse
934 1854 992 1902 in
1039 1869 1137 1904 suo
1183 1854 1405 1922 dialogo
1454 1855 1631 1905 locuti

89 1940 235 1992 sint.
307 1933 396 1984 Ita
443 1935 588 1984 enim
633 1936 692 1984 in
736 1935 850 1985 illis
898 1937 1320 2004 convincuntur,
1366 1944 1429 1990 ut
1474 1937 1629 1990 nullo

87 2033 354 2086 unquam
407 2021 583 2070 marte
629 2020 847 2085 possint
891 2035 1177 2086 exurgere.
1246 2022 1372 2073 Non
1417 2026 1502 2073 est
1546 2039 1630 2073 re-

49 2102 346 2169 ‚verendo
371 2103 696 2168 Inquisitori
733 2103 995 2172 machera
1030 2104 1201 2155 hebes
1237 2119 1417 2169 neque
1454 2105 1631 2172 stylus

51 2228 55 2251 ,
90 2196 384 2246 retonsus.
454 2189 500 2240 Ο
537 2189 923 2257 Philopompe,
970 2189 1096 2254 quis
1139 2190 1246 2257 hec
1290 2191 1480 2240 futura
1517 2207 1635 2240 cre-

89 2275 376 2330 didisset?
412 2271 585 2325 Nobis
619 2275 900 2344 lachryme
927 2277 1058 2326 sunt
1093 2274 1375 2338 crocodili,
1403 2273 1636 2326 Cumani

87 2375 324 2424 sumne,
371 2359 616 2409 homines
660 2361 911 2426 profecto
957 2359 1189 2410 hebetes
1228 2363 1397 2424 atque
1434 2360 1635 2412 obtusi.

88 2451 253 2505 Acta
292 2445 535 2512 agimus,
574 2460 798 2496 anseres
833 2461 981 2497 nunc
1020 2441 1104 2510 (ut
1139 2445 1387 2511 theologi
1420 2443 1633 2510 dicunt)

175 2669 200 2701 ⁴
249 2673 307 2718 ct
339 2685 432 2720 om.
469 2671 518 2718 2.
555 2668 970 2733 nycticoracum
1006 2671 1056 2721 2.
1192 2667 1217 2702 ⁰¹
1261 2669 1368 2720 Pro
1405 2682 1526 2717 cnm

93 2741 204 2794 del
227 2739 282 2788 in
307 2741 357 2791 2.
382 2744 487 2787 esc:
523 2742 584 2788 ut
607 2737 790 2788 meriti
815 2738 968 2786 estis.
1072 2733 1117 2770 ²⁴
1150 2751 1381 2788 anceres
1406 2741 1453 2787 1.
1480 2740 1534 2786 2.
