1942 3109
163 243 470 284 snm-euru
485 243 610 280 nse.
625 243 828 280 razon.
844 239 1235 281 noevur.n.13.
1252 244 1436 282 ocu.
1451 240 1568 282 1513.
1594 232 1689 283 121

164 350 372 404 bellum
405 349 838 414 diligentissima
864 365 976 413 qua
1000 351 1279 415 potuimus
1304 350 1691 403 lucubratione

167 435 548 500 conspeximus
573 435 774 485 iterum
799 437 969 498 atque
995 435 1195 486 iterum
1229 434 1467 486 vidimus
1504 451 1573 486 ac
1610 436 1689 488 le-

165 521 371 586 gimus,
425 518 736 584 complures
796 516 927 584 (heu
971 517 1225 570 dolenter
1269 519 1584 585 scribimus)
1632 521 1693 569 in

167 605 356 658 eodem
415 603 564 655 dicto
624 604 820 656 libello
878 605 1189 656 sententias
1237 602 1692 670 deprehendimus

163 691 379 756 piarum
415 690 630 740 aurium
665 689 970 740 offensivas
1008 693 1107 739 aut
1139 689 1497 754 parvulorum
1530 705 1691 740 scan-

165 775 351 828 dalum
395 774 679 839 illativas,
724 788 1009 825 sacrorum
1054 773 1338 842 doctorum
1382 775 1691 826 irreverens-

161 863 299 912 tiam
335 861 702 923 evomativas,
739 858 959 926 iudaice
998 857 1223 926 perfidie
1259 860 1484 920 favores
1518 860 1694 910 nutri-

163 947 332 1006 tivas,
367 944 460 994 vel
496 945 666 993 etiam
689 942 756 993 de
780 944 966 1011 heresi
988 947 1297 1008 suspectas.
1337 945 1481 1008 Quia
1507 949 1693 996 tamen

165 1029 580 1097 prenominatus
616 1026 810 1098 doctor
841 1027 1081 1078 Ioannes
1114 1029 1391 1079 Reuchlin
1413 1018 1495 1078 'in
1532 1029 1689 1082 calce

166 1105 302 1165 dicti
342 1112 525 1164 libelli
557 1099 900 1178 protestatus
936 1117 1025 1163 est
1036 1113 1200 1186 ,nihil
1236 1113 1388 1164 aliud
1416 1112 1564 1165 velle
1600 1129 1689 1164 sa-

164 1216 296 1265 pere
335 1202 434 1248 aut
458 1199 683 1260 sentire,
720 1200 1077 1265 preterquam
1104 1199 1467 1249 christianum
1492 1197 1692 1250 deceat

164 1285 372 1347 virum,
419 1282 748 1332 submittens
789 1297 912 1332 sese
949 1297 1019 1334 ac
1052 1284 1265 1348 scripta
1287 1299 1399 1346 ¹sua
1435 1283 1692 1334 determi-

166 1367 386 1419 nationi
440 1367 708 1434 ecclesie,
766 1366 1001 1431 ideoque
1057 1371 1327 1431 quantum
1382 1368 1513 1418 huic
1564 1383 1690 1433 pro-

165 1452 463 1506 testationi
488 1455 673 1502 actum
699 1452 1035 1502 contrarium
1056 1467 1170 1502 non
1192 1453 1411 1517 fecerit,
1434 1453 1695 1504 honorem

165 1541 484 1603 famamque
530 1537 651 1588 viro
697 1551 1012 1600 servamus,
1070 1541 1289 1588 matura
1338 1553 1557 1602 quoque
1601 1538 1695 1590 de·

164 1624 502 1676 liberatione
538 1621 853 1689 prehabito„
891 1621 1145 1673 libellum
1178 1621 1387 1672 dictum
1422 1623 1696 1674 unanimi-

167 1713 254 1760 ter
298 1705 600 1759 doctrinali
656 1721 804 1756 more
863 1705 1195 1771 tollendum,
1250 1707 1528 1758 hominum
1570 1709 1699 1758 usui

167 1790 570 1858 prohibendum
606 1794 776 1854 atque
803 1789 1172 1840 damnandum
1206 1789 1533 1842 iudicamus.
1579 1793 1694 1842 Da·

170 1881 288 1926 tum
322 1876 546 1941 Mogun.
582 1875 740 1926 Anno
777 1871 874 1926 dfli
909 1875 1209 1928 .M.D.xn1.
1248 1874 1335 1938 die
1371 1890 1503 1926 vero
1545 1875 1699 1927 Iovis

170 1961 382 2011 mensis
409 1959 668 2010 Octobris
708 1975 856 2010 ‚an
889 1963 1193 2028 nostreque
1227 1958 1593 2025 professionis
1625 1963 1699 2010 si-

169 2045 300 2111 gilli
343 2046 446 2096 sub
485 2045 846 2110 appensione.
915 2044 1003 2096 De
1048 2043 1310 2095 mandato
1359 2044 1700 2094 venerabilis

173 2135 232 2180 et
271 2129 461 2178 eximii
494 2127 583 2177 dni
616 2129 810 2180 Theol.
848 2129 1023 2180 facul.
1060 2128 1263 2180 decani
1298 2132 1355 2178 et
1389 2127 1525 2179 ordi.

414 2211 495 2260 Io.
521 2211 653 2262 fritz
677 2213 938 2265 Notarius
963 2218 1020 2266 et
1042 2213 1295 2266 bedellus
1320 2213 1664 2280 subscripsit.

287 2371 339 2430 (I
375 2379 480 2430 His
507 2378 670 2442 actis,
706 2380 870 2430 quta
895 2384 1331 2450 commissionem
1354 2384 1701 2449 imperatoris

169 2472 237 2518 et
273 2465 588 2518 sententias
613 2464 1041 2515 universitatum
1074 2470 1137 2516 ut
1174 2472 1339 2518 antea
1362 2466 1701 2532 demonstra-

178 2557 297 2602 tum
335 2555 450 2615 est,
501 2550 750 2618 heretice
796 2549 1096 2614 pravitatis
1141 2551 1397 2616 magistri
1438 2569 1536 2620 per
1571 2569 1700 2605 con-

178 2651 401 2687 sensum
423 2635 980 2702 Archiepiscoporum
1004 2639 1060 2686 et
1091 2636 1249 2686 iuxta
1270 2637 1633 2702 iuramentum
1664 2635 1675 2702 Ι

179 2725 547 2790 sacrosancte
584 2721 702 2773 sedi
737 2721 1049 2790 apostolice
1085 2721 1405 2789 prestitum,
1450 2716 1817 2785 libellumffia)
