1942 3109
236 216 305 269 68
375 230 752 267 rnrsnlconm
772 228 1012 265 narsus.
1035 228 1252 266 couTRA
1273 226 1473 265 suos.
1496 228 1764 267 0.v.r.rP.

240 352 361 389 meo
397 336 541 387 libro
566 336 815 387 manuali
850 334 1195 401 (theutonice
1233 333 1312 383 ‘in
1341 348 1558 397 mynem
1592 334 1764 386 hant-

238 420 471 489 spegel')
528 436 808 486 nunquam
864 434 1123 485 expresse
1180 422 1277 469 aut
1317 418 1500 471 verbis
1549 422 1768 484 apertis

238 509 415 573 ipsius
452 506 921 559 consultationem
954 504 1382 566 nominaverim,
1421 507 1519 553 aut
1552 502 1622 554 de
1661 505 1770 557 illa

239 594 575 645 mentionem
618 592 875 655 fecerim,
922 604 1242 654 quanquam
1276 589 1381 638 hoc
1417 592 1608 639 tamen
1643 590 1768 641 iure

240 679 429 730 facere
453 678 774 744 potuissem,
812 692 875 727 eo
904 675 1050 739 quod
1071 674 1228 725 nulla
1253 676 1376 727 erat
1399 673 1770 739 consultatiO,

244 767 299 815 et
335 763 479 827 quod
514 763 638 827 plus
673 763 793 826 ipse
845 762 1182 825 apposuerat
1229 757 1633 809 consultationi
1667 776 1767 831 sue

242 863 403 913 quam
442 847 497 897 ei
530 850 653 897 erat
686 844 1008 895 mandatum
1053 845 1120 895 ab
1159 844 1526 909 Imperatore,
1571 844 1764 897 Etiam

242 931 386 997 quod
419 932 544 995 ipsa
580 934 713 981 tune
748 930 1014 995 temporis
1047 928 1308 979 mandato
1347 929 1632 993 imperiali
1665 931 1774 979 tri·

240 1019 343 1068 bus
378 1017 494 1067 illis
530 1015 850 1067 doctoribus
888 1013 1142 1081 (quorum
1177 1017 1346 1063 antea
1379 1014 1496 1063 feci
1527 1015 1771 1065 mentio-

241 1100 387 1165 nem)
426 1102 627 1153 fuisset
659 1101 929 1165 exhibita,
964 1100 1041 1151 Et
1075 1101 1148 1149 ab
1185 1099 1604 1163 archiepiscopo
1641 1098 1774 1149 Mo-

242 1188 469 1250 guntino
508 1188 565 1236 et
610 1186 1009 1253 prenominatis
1053 1183 1374 1235 doctoribus
1411 1184 1620 1235 reiecta
1653 1199 1776 1235 nec

245 1271 457 1337 celata,
496 1272 630 1323 mihi
665 1275 833 1335 atque
870 1271 1001 1321 aliis
1037 1270 1172 1322 data
1205 1270 1427 1320 fuisset.
1499 1269 1774 1320 Attamen

242 1360 305 1407 ut
328 1360 485 1407 tanto
512 1358 713 1408 iustius
740 1371 962 1421 agerem
989 1359 1046 1406 et
1067 1355 1178 1419 ipsi
1203 1353 1524 1404 adversario
1547 1353 1770 1405 nullam

240 1441 569 1491 iniuriarum
613 1456 809 1491 ansam
848 1441 1164 1507 premerem,
1211 1439 1493 1489 nominare
1539 1439 1598 1488 in
1647 1454 1773 1491 meo

241 1526 385 1577 libro
432 1540 543 1573 non
588 1524 742 1573 volui
787 1522 962 1587 ipsius
1023 1523 1516 1587 consultationem,
1575 1523 1636 1574 id
1683 1528 1777 1573 est

244 1607 329 1672 (ut
372 1607 693 1659 theutonice
729 1608 949 1673 loquar)
1001 1624 1106 1673 syn
1149 1608 1522 1659 raetsehlach.
1593 1608 1774 1659 False

241 1694 413 1759 igitur
446 1693 581 1743 mihi
615 1692 887 1745 hactenus
920 1694 1028 1745 hoe
1061 1694 1382 1758 impositum
1417 1692 1556 1755 fuit,
1594 1694 1778 1743 sicuti

242 1778 385 1831 liber
427 1779 546 1845 ipse
592 1794 773 1843 meus,
822 1777 889 1831 de
926 1794 1034 1842 quo
1081 1786 1228 1828 nun'c
1261 1778 1597 1829 mentionem
1637 1779 1777 1842 feci,

242 1866 507 1930 perpetuo
542 1863 858 1914 testabitur.

772 2002 945 2052 Nota
981 2000 1229 2051 Tertio.

349 2112 402 2171 (l
446 2122 637 2173 Posito
674 2124 860 2171 tamen
898 2136 1034 2171 casu
1070 2118 1214 2183 quod
1263 2134 1366 2184 ego
1413 2116 1650 2182 perfidia
1697 2116 1786 2183 (si

243 2206 539 2255 veritatem
573 2204 707 2251 lieet
742 2202 933 2265 fateri)
975 2207 1032 2253 et
1067 2202 1302 2253 occultis
1337 2204 1514 2268 ipsius
1539 2204 1784 2267 scriptis

242 2287 569 2348 lacessitus,
616 2286 927 2351 importune
965 2289 1023 2336 et
1059 2302 1320 2352 expresse
1358 2290 1553 2339 contra
1587 2287 1786 2353 ipsius

243 2371 708 2423 consultationem
766 2370 1140 2435 scripsissem,
1211 2370 1404 2423 debuit
1459 2372 1610 2437 ipse,
1675 2374 1786 2435 qui

243 2457 435 2508 doctor
470 2460 560 2507 est
594 2460 651 2507 et
686 2472 884 2519 senex,
930 2454 1270 2510 moderatius
1316 2472 1531 2507 mecum
1579 2457 1782 2521 egisse

244 2544 299 2589 et
332 2540 445 2589 sibi
478 2541 599 2603 ipse
634 2544 996 2604 temperasse,
1030 2556 1134 2591 nec
1169 2544 1466 2605 propterea
1499 2556 1636 2591 suas
1673 2541 1784 2608 he-

242 2622 449 2674 reticas
495 2622 805 2686 pravitates
850 2625 907 2675 in
954 2625 1202 2675 favorem
1235 2623 1532 2691 Iudeorum
1569 2628 1784 2677 contra

244 2704 589 2756 Christianos
624 2721 723 2769 per
757 2709 931 2757 totum
977 2707 1234 2758 mundum
1277 2700 1614 2770 seminasse,
1664 2724 1788 2759 nec
