1942 3109
208 200 247 244 S.
271 203 546 239 ΠΔΤΤΗΕῙ
569 205 761 240 nucu.
800 199 841 244 9.
866 203 1138 239 Pulmrm
1163 203 1556 240 sanAUnArr.
1594 187 1694 241 ¹85

160 309 423 374 pemtori,
448 313 505 359 et
528 308 751 360 habetis
774 310 923 359 scire
950 307 1100 372 quod
1124 309 1230 359 erit
1249 323 1454 374 magna
1470 325 1690 376 guerra.

161 395 513 459 Quapropter
556 392 821 444 debemus
864 393 1054 444 dicere
1101 396 1159 443 in
1197 395 1556 446 Orationibus
1591 411 1690 445 no-

156 480 315 529 stris:
374 477 485 528 ‘Da
531 491 759 542 pacem,
807 477 1052 542 domine,
1099 478 1158 526 in
1203 477 1400 530 diebus
1445 481 1691 529 nostris’.

160 565 305 626 Quia
349 568 471 612 non'
508 565 603 612 est
646 563 847 612 bonum
895 561 1042 625 quod
1089 569 1176 614 est
1221 579 1424 629 guerra
1471 564 1528 611 in
1564 565 1690 612 istis

157 648 323 711 locis,
362 653 463 712 pro
489 645 825 696 CurtisaniS.
888 646 947 697 si
985 651 1138 697 esset
1171 663 1313 712 pax,
1351 651 1486 696 tunc
1521 647 1691 696 semel

156 733 439 782 deberetis
474 731 613 780 mihi
648 731 896 782 scribere
931 730 1002 781 de
1025 733 1311 782 Vacantia
1335 732 1498 782 unius
1523 731 1692 782 bene-

158 815 298 879 ficii,
336 817 463 866 sive
502 820 589 866 est
626 819 881 866 curatum
916 817 1038 866 sive
1085 831 1195 867 non
1243 821 1522 881 curatum,
1569 817 1689 867 sive

160 899 225 950 de
260 901 385 950 iure
420 903 749 963 patronatus
786 901 909 950 sive
948 899 1135 950 aliter.
1209 901 1354 964 Quia
1401 917 1502 966 ego
1537 916 1688 950 nunc

160 985 339 1036 habeo
373 986 579 1035 bonam
600 984 1042 1050 Experientiam‚
1082 988 1137 1034 et
1171 985 1376 1036 vellem
1411 985 1554 1036 bene
1589 987 1688 1034 im-

163 1073 389 1132 petrare
426 1069 651 1132 aliquid.
706 1069 781 1118 Et
806 1070 857 1119 si
880 1069 1104 1119 habetis
1137 1085 1308 1119 unam
1342 1069 1520 1132 litem,
1557 1073 1692 1117 tunc

170 1168 275 1218 ego
308 1152 439 1202 volo
470 1152 775 1203 sollicitare
810 1153 971 1222 vobis
1009 1153 1121 1203 hic.
1191 1153 1378 1202 Etiam
1413 1151 1481 1204 cle
1519 1167 1689 1204 causa

162 1253 285 1288 cum
330 1237 579 1288 Iohanne
612 1237 890 1288 Reuchlin
934 1237 1152 1288 debetis
1197 1239 1340 1288 scire
1387 1239 1533 1303 quod
1567 1237 1689 1288 Ma-

156 1325 335 1388 gister
378 1323 585 1372 Noster
626 1322 867 1372 Iacobus
914 1321 982 1372 de
1027 1323 1405 1373 Hochstraten
1461 1323 1690 1387 collegit

156 1407 341 1457 adhuc
365 1407 513 1457 alios
538 1406 809 1456 articulos
831 1407 891 1455 in
914 1406 1144 1470 speculo
1181 1406 1428 1456 oculari:
1469 1410 1526 1456 et
1561 1410 1692 1456 sunt

150 1494 237 1542 ita
270 1493 418 1544 benc
455 1490 801 1558 hereticales
838 1491 986 1540 sicut
1021 1491 1140 1541 alii.
1199 1491 1274 1540 Et
1307 1492 1428 1557 ipse
1463 1495 1574 1543 iam
1601 1497 1690 1543 est

148 1577 439 1645 Florentie
496 1591 622 1626 cum
673 1573 877 1638 Curta,
933 1579 989 1625 et
1041 1575 1343 1641 diligenter
1393 1577 1687 1627 sollicitat.

146 1663 273 1713 Non
308 1661 533 1712 debetis
568 1659 825 1710 dubitare
864 1659 1012 1723 quod
1045 1675 1154 1709 non
1189 1661 1472 1711 habebitis
1507 1661 1688 1712 victo-

142 1748 306 1796 riam.
380 1744 665 1794 Sci-ibatis
702 1744 835 1793 mihi
870 1745 1133 1794 similiter
1166 1761 1312 1797 nova
1351 1749 1407 1795 et
1431 1745 1688 1796 Valeatis

144 1846 276 1880 cum
312 1830 515 1895 gloria.
587 1829 795 1877 Datum
830 1829 1022 1894 Rome.

894 2081 951 2140 9.

140 2204 197 2262 (1
254 2199 689 2284 Magister,
720 2197 1153 2282 Philippus
1213 2195 1696 2264 Schlauraff

434 2303 777 2368 Magistro
816 2301 1112 2352 Ortvino
1149 2301 1394 2352 Gratio

138 2421 397 2474 Salutem
444 2419 915 2485 sesquipedalem.
997 2419 1354 2470 Venerabilis
1399 2419 1672 2488 Magister

138 2509 343 2558 sciatis
370 2505 525 2571 quod
551 2508 751 2570 accepi
775 2505 1026 2554 litteram
1049 2508 1297 2555 vestram
1321 2506 1485 2557 valde
1511 2507 1690 2572 poeti-

140 2593 344 2643 ealiter
391 2591 699 2655 scriptam,
758 2589 906 2638 sicut
954 2592 1042 2638 est
1093 2589 1432 2639 consuetudo
1479 2593 1691 2639 vestra.

132 2675 209 2726 Et
246 2675 603 2741 scripsistis:
