1942 3109
746 270 809 314 58.
837 276 921 311 1131
948 276 1196 315 rnumm.
1574 264 1673 317 337

158 386 274 445 tur,
309 380 422 430 nisi
444 377 720 429 mediante
746 378 1159 446 dispensatione
1186 380 1411 432 admissi
1432 384 1673 436 fuerunt.

159 468 233 516 Et
269 480 390 514 cum
425 464 532 514 hoc
570 468 828 531 queretur
861 464 927 515 de
966 466 1310 531 excessibus,
1360 468 1579 519 scilicet
1623 470 1671 520 si

159 551 382 601 fuerunt
420 550 478 597 in
515 548 719 613 plateis
756 550 872 599 sine
907 550 1268 616 discretione,
1314 552 1407 603 vel
1451 553 1673 603 fuerunt

162 634 304 700 apud
327 634 675 697 meretrices,
712 633 804 684 vel
827 639 1185 699 portaverunt
1212 650 1391 700 arma,
1426 637 1520 688 vel
1544 639 1672 688 tibi·

159 723 422 772 saverunt
457 734 624 768 unum
659 718 983 784 magistrum
1016 720 1109 770 vel
1144 720 1537 787 presbiterum,
1582 722 1674 774 vel

157 806 414 855 fecerunt
438 802 728 853 tumultum
750 805 810 853 in
832 804 1078 855 lectoriis
1103 806 1195 856 vel
1222 806 1492 873 collegiis.
1540 808 1673 859 Ter-

155 891 236 939 tio
272 888 334 939 fit
370 887 712 953 dispensatio
746 892 806 938 in
841 888 1097 954 Artibus,
1138 892 1363 954 ‘quando
1398 908 1509 943 non
1544 898 1673 943 sunt

153 977 299 1026 bene
336 973 616 1023 habituati
649 974 706 1022 in
751 972 1037 1036 scienciis,
1084 977 1143 1023 et
1186 990 1298 1024 non
1343 977 1479 1026 satIs
1528 993 1669 1028 cotn-

157 1057 471 1123 pleverunt.
555 1071 730 1121 nuper
789 1058 848 1106 in
901 1057 1149 1107 examine
1204 1059 1422 1129 quesivi
1476 1076 1669 1112 unum:

157 1141 286 1191 ‘Dic
329 1140 460 1190 mihi
505 1140 772 1205 quomodo
816 1143 1005 1190 tamen
1049 1144 1207 1192 venit
1250 1144 1394 1208 quod
1438 1149 1499 1196 tu
1532 1144 1675 1205 nihil

155 1224 456 1289 respondes
469 1227 512 1275 ’θ’
547 1226 704 1275 Dixit
725 1225 851 1288 ille,
881 1225 1025 1289 quod
1050 1231 1196 1278 esset
1220 1230 1301 1278 ita
1324 1229 1510 1279 timax.
1564 1229 1669 1280 Re·

156 1308 356 1375 spondi
391 1326 518 1375 ego,
557 1310 703 1373 quod
738 1324 846 1361 non
883 1310 1159 1361 crederem
1210 1312 1352 1375 quod
1396 1318 1546 1363 esset
1590 1316 1671 1365 ita

156 1395 352 1456 timax,
385 1394 481 1445 sed
505 1395 648 1446 bene
675 1394 950 1445 crederem
975 1394 1119 1459 quod
1146 1400 1293 1446 esset
1316 1397 1396 1446 ita
1420 1398 1667 1463 ignorax.

129 1480 316 1528 ‘Tunc
362 1478 499 1529 dixit
545 1477 661 1544 ‘per
703 1477 891 1543 deum,
936 1495 1070 1545 non,
1116 1480 1330 1532 domine
1375 1481 1669 1549 Magister:

159 1579 264 1629 ego
309 1564 490 1614 habeo
536 1578 792 1628 magnam
836 1565 1126 1616 scientiam
1178 1566 1355 1631 intus,
1412 1568 1508 1619 sed
1559 1585 1668 1620 non

154 1649 282 1700 vult
318 1648 505 1698 exire'.
573 1648 648 1696 Et
681 1648 762 1697 sic
797 1648 1115 1713 dispensavi
1154 1665 1274 1700 cum
1311 1666 1392 1701 eo.
1463 1652 1550 1701 Ita
1584 1655 1668 1704 vi-

157 1732 308 1784 detis
346 1728 489 1794 quod
523 1731 916 1783 universitates
948 1732 1111 1783 valde
1138 1734 1491 1787 minorentur.
1547 1736 1667 1804 Ego

157 1818 342 1867 habeo
377 1831 542 1865 unum
576 1813 925 1867 domicellum
951 1832 1110 1881 quem
1133 1834 1307 1884 nuper
1329 1820 1669 1888 interrogavi

155 1915 328 1964 super
361 1915 526 1949 unum
561 1916 871 1951 excessum:
921 1904 1053 1951 tunc
1097 1904 1392 1955 rebellavit
1435 1906 1568 1955 mihi
1613 1912 1670 1958 et

155 1983 353 2037 statim
389 1984 641 2037 tibisavit
674 2000 776 2035 me.
847 1984 920 2033 Et
954 1985 1068 2034 dixi
1104 1988 1183 2037 ei:
1229 1986 1353 2037 ‘hoc
1398 2004 1497 2055 ego
1541 1992 1669 2042 volo

156 2050 383 2121 servare
429 2082 604 2133 usque
652 2068 721 2119 ad
764 2070 1193 2134 promotionem',
1249 2073 1481 2123 innuens
1527 2076 1669 2138 quod

155 2153 390 2203 deberet
431 2154 552 2217 pati
595 2154 928 2204 reiicionem.
1010 2154 1313 2219 Respondit
1354 2156 1499 2225 ipset
1548 2159 1667 2229 ‘ego

153 2234 464 2287 merdarem
487 2236 643 2287 vobis
679 2254 842 2304 super
875 2242 1092 2291 vestros
1126 2240 1575 2310 baculaureatus,
1613 2251 1669 2297 et

155 2323 254 2371 ibo
305 2318 376 2369 ad
411 2318 660 2385 Italiam,
705 2324 801 2375 ubi
844 2329 1197 2393 preceptores
1240 2342 1348 2377 non
1384 2328 1669 2395 decipiunt

158 2408 244 2457 sic
281 2420 412 2455 suos
450 2402 778 2471 discipulos,
825 2412 880 2458 et
913 2424 1022 2459 non
1055 2410 1264 2460 habent
1296 2414 1355 2461 in
1390 2428 1493 2462 usu
1528 2415 1667 2465 istas

157 2493 442 2542 fantasias
478 2490 752 2541 facientes
782 2493 1117 2544 bacularios.
1180 2492 1287 2544 Sed
1324 2496 1539 2559 quando
1566 2498 1669 2549 ali-

160 2575 290 2641 quis
337 2580 422 2627 est
465 2575 685 2641 doctae,
731 2580 862 2625 tunc
904 2575 1077 2626 habet
1119 2577 1402 2630 honoreme
1450 2583 1667 2645 quando

159 2664 351 2710 autem
387 2664 472 2711 est
504 2659 785 2724 indoctus,
821 2659 1057 2710 habetur
1090 2662 1235 2711 sicut
1270 2662 1413 2714 alius
1440 2667 1667 2718 asinus.’

156 2746 238 2794 Et
273 2744 388 2793 dixi
425 2745 478 2794 ei
523 2743 624 2794 ‘Tu
659 2743 899 2806 ribalde,
944 2741 1119 2793 velles
1165 2750 1225 2793 tn·
1270 2747 1669 2809 parvipendere

1306 2828 1370 2875 22
