1942 3109
295 239 391 291 134
547 253 840 290 nmsronffl
877 252 1244 289 onscvnonvu
1278 253 1551 288 vmonvu.

290 359 462 409 libros
511 373 690 422 neque
737 359 1023 424 papirum,
1082 357 1179 418 sed
1224 358 1409 408 omnia
1454 358 1685 421 scripsit
1742 358 1819 408 ad

289 443 576 508 pellicium
623 459 797 494 suum.
868 445 957 494 Ita
1006 445 1173 493 etiam
1208 443 1444 494 nutrivit
1478 457 1537 492 sc
1570 441 1817 494 Plautus

291 529 387 592 qui
434 528 682 593 portavit
728 543 927 579 saccos
976 527 1047 579 ad
1090 527 1459 580 molendinam
1502 526 1653 576 sicut
1700 530 1816 578 asi-

289 627 416 677 nus,
455 617 511 664 et
547 617 734 664 tamen
769 617 964 678 postea
1010 613 1193 664 evasit
1224 613 1285 662 in
1308 611 1687 664 doctissimum
1713 628 1815 662 au-

287 702 491 764 torem,
551 700 685 762 quia
744 701 942 763 postea
1003 699 1228 762 scripsit
1269 701 1447 748 metra
1494 700 1551 756 et
1593 711 1813 761 prosas,

289 783 554 851 Preterea
589 788 652 832 ut
686 784 884 834 sciatis
920 784 1017 846 qui
1052 787 1182 832 sunt
1214 783 1307 832 hic
1343 781 1450 832 viri
1474 780 1645 846 docti,
1682 782 1816 833 volo

289 868 448 918 vobis
483 869 636 932 prius
685 869 925 918 recitare
969 867 1041 918 de
1086 867 1463 933 dignioribu8‚
1514 870 1571 916 et
1614 865 1815 918 deinde

289 952 608 1002 successive
646 952 713 1002 de
751 953 906 1015 aliis,
955 953 1117 1016 quia,
1162 955 1227 1000 ut
1268 951 1409 1000 dicit
1449 950 1818 1019 philosophus

287 1037 462 1102 primo
497 1037 862 1102 phisicorum:
901 1035 1157 1102 ‘Oportet
1190 1051 1259 1086 ex
1290 1035 1703 1086 universalibus
1746 1036 1819 1086 ad

291 1121 602 1187 singularia
638 1121 972 1186 procedere'.
1045 1121 1120 1170 Et
1153 1121 1474 1186 Porphirius
1510 1121 1683 1170 etiam
1720 1120 1816 1171 de-

290 1205 508 1256 scendit
543 1221 576 1256 a
613 1221 816 1270 genere
855 1204 1275 1271 generalissimo
1312 1204 1384 1254 ad
1418 1205 1664 1268 speciem
1688 1220 1815 1271 spe-

293 1290 678 1354 cialissimam,
725 1290 823 1340 ubi
868 1290 1025 1340 iubet
1068 1288 1233 1340 Plato
1280 1290 1586 1353 quiescere.
1659 1289 1737 1338 Et
1781 1305 1812 1339 a

291 1373 635 1439 dignioribus
695 1372 862 1424 debet
919 1372 1040 1423 fieri
1096 1373 1497 1438 denominatio,
1556 1377 1620 1424 ut
1678 1374 1818 1424 dic-it

289 1457 518 1523 gentilis
571 1458 838 1522 magister
883 1457 941 1506 in
988 1458 1230 1508 secundo
1275 1458 1343 1509 de
1389 1459 1604 1508 animas
1660 1459 1819 1508 Inter

288 1557 476 1592 omnes
515 1541 768 1592 doctores
805 1542 1109 1610 Theologie
1148 1547 1235 1593 est
1268 1558 1409 1593 unus
1444 1542 1538 1593 hic
1584 1543 1680 1605 qui
1728 1547 1817 1592 est

288 1626 604 1694 predicator
639 1627 954 1690 nobiscum,
1007 1631 1063 1676 et
1106 1626 1277 1678 habet
1320 1627 1566 1678 tubalem
1600 1641 1815 1690 vocem,

289 1710 425 1761 licet
459 1725 664 1776 parvus
700 1711 804 1760 sits
851 1710 1011 1760 illum
1062 1711 1295 1761 audiunt
1338 1711 1603 1762 homines*
1629 1710 1813 1762 liben-

294 1799 382 1846 ter
415 1795 704 1864 predicare
743 1799 800 1845 et
833 1798 1028 1845 tenent
1064 1794 1275 1859 aliquid
1312 1793 1378 1845 de
1417 1812 1507 1860 eo,
1546 1795 1681 1860 quia
1717 1812 1815 1862 per

291 1880 453 1931 deum
488 1881 607 1945 ipse
646 1883 732 1931 est
765 1879 989 1944 doctus,
1039 1883 1095 1930 et
1130 1879 1321 1930 doctus
1356 1881 1413 1929 in
1448 1881 1810 1944 superlativo,

292 1964 418 2014 dico
442 1965 621 2028 vobiS,
659 1967 716 2013 et
749 1963 909 2013 multi
944 1964 1191 2014 homines
1227 1966 1440 2014 intrant
1476 1965 1595 2014 eius
1630 1965 1811 2033 predi-

295 2049 564 2112 cationes‚
604 2049 738 2113 quia
761 2050 884 2114 ipse
909 2052 996 2099 est
1020 2048 1372 2100 delectabilis
1398 2053 1453 2099 et
1476 2049 1693 2100 lacerat
1716 2051 1815 2098 bo-

291 2149 392 2184 nos
416 2149 610 2200 pessos
635 2134 693 2183 in
720 2134 952 2185 ambone
978 2134 1097 2184 sive
1126 2133 1411 2184 cancellis.
1480 2134 1599 2199 Ego
1626 2133 1818 2186 audivi

291 2219 464 2269 semel
488 2219 558 2269 ab
597 2233 663 2268 eo
701 2233 768 2268 ex
803 2217 964 2268 libris
987 2218 1363 2269 Posteriorum
1397 2217 1465 2269 de
1504 2220 1815 2285 questione,

293 2304 426 2367 quia
464 2305 550 2352 est
586 2301 720 2367 quid
755 2306 859 2365 est,
896 2303 943 2352 si
992 2307 1108 2366 est,
1160 2306 1217 2352 et
1260 2307 1485 2368 propter
1530 2302 1663 2367 quid
1708 2307 1814 2366 est,

294 2392 350 2437 et
385 2389 570 2437 omnia
607 2387 776 2438 scivit
811 2389 869 2436 in
903 2387 1224 2438 theutonice
1272 2386 1477 2438 dicere.
1546 2387 1815 2454 Preterea

293 2472 462 2523 semel
509 2471 822 2539 predicavit
866 2471 931 2522 de
978 2471 1333 2536 virginitate,
1383 2475 1439 2522 et
1482 2471 1623 2522 dixit
1668 2470 1815 2536 quod

295 2558 540 2622 virgines
569 2571 674 2626 que
701 2557 1006 2607 amiserunt
1030 2572 1187 2608 suam
1209 2556 1605 2622 virginitatem,
1632 2556 1817 2606 solent
1834 2575 1853 2584 -

293 2641 477 2692 dicere
514 2641 658 2706 quod
695 2644 770 2693 sit
805 2643 884 2692 eis
919 2657 1021 2706 per
1053 2643 1164 2692 vim
1199 2642 1429 2692 factum.
1500 2641 1655 2692 'runc
1690 2642 1814 2705 ipse

291 2727 460 2776 dixit:
508 2725 678 2778 ‘Bene
713 2727 1011 2791 veneritis,
1059 2742 1157 2792 per
1190 2731 1331 2777 vim:
1380 2741 1481 2792 ego
1519 2741 1718 2794 quere,
1766 2726 1815 2775 si
