1942 3109
261 255 360 311 186
395 270 778 309 rnrnnroonm
795 265 1271 307 »erumpentem
1298 265 1595 305 rueme.
1612 268 1804 306 marr.

257 382 322 429 ut
377 379 536 429 iuxta
591 377 770 443 ipsius
827 374 1268 441 chyrographum
1328 388 1401 423 ac
1462 374 1807 438 petitionem

259 479 400 515 novo
437 464 616 529 ipsum
653 461 1097 513 christianissimi
1132 458 1499 525 imperatoris
1536 460 1807 513 mandato

259 564 374 599 una
417 562 542 599 cum
589 548 790 598 ceteris
834 545 1299 598 universitatibus
1342 560 1525 609 super
1586 546 1803 597 consul-

259 634 476 683 tatione
515 631 752 697 quadam
789 636 986 683 contra
1030 629 1327 683 nonnullos
1375 628 1698 698 Iudeorum
1740 630 1799 680 li-

259 720 390 769 bros
425 716 683 770 habenda
718 734 818 783 per
851 732 1029 769 meam
1064 714 1547 767 sollicitationem
1570 716 1794 767 inscribi

259 804 532 866 facerem,
583 816 754 865 quare
791 804 1023 854 obsecro
1058 816 1205 851 nunc
1240 797 1541 863 indignum
1590 817 1677 852 me
1714 801 1787 849 iu-

257 888 500 953 dicabit,
559 902 683 937 cum
737 902 845 951 quo
899 888 1039 937 iuris
1090 884 1435 936 decisionem
1492 887 1789 953 expectet?

257 973 445 1024 Verba
489 976 620 1023 sunt
665 987 770 1023 nec
815 970 1010 1022 auditu
1054 970 1245 1036 digna.
1321 958 1375 1019 (Ι
1428 970 1675 1033 Quinto.
1746 968 1805 1020 Si

257 1057 498 1109 Ioannes
531 1057 804 1109 Reuchlin
847 1072 933 1107 mc
980 1056 1146 1107 nihili
1176 1054 1337 1107 modo
1375 1054 1575 1106 facere
1614 1056 1803 1107 voluit

263 1146 319 1191 et
353 1143 578 1207 penitus
615 1141 900 1205 indignum
935 1154 1194 1203 censere,
1240 1140 1303 1189 in
1347 1154 1513 1203 quem
1554 1154 1661 1204 pro
1700 1142 1803 1189 tri-

259 1226 456 1278 bunali
503 1230 803 1291 quicquam
849 1229 1011 1291 agat,
1054 1224 1341 1276 debuisset
1386 1228 1445 1274 et
1483 1226 1619 1288 ipse·
1645 1226 1805 1289 prius

260 1313 319 1361 in
355 1328 458 1363 sua
495 1312 908 1362 consultatione
933 1310 1081 1375 apud
1108 1309 1407 1377 Cesaream
1429 1308 1803 1361 Maiestatem

262 1396 403 1447 nihil
440 1400 638 1447 contra
670 1412 756 1446 me
792 1394 1094 1460 proditorie
1141 1394 1469 1459 scripsisse,
1518 1410 1633 1445 nec
1680 1411 1799 1460 per·

261 1480 396 1529 fidos
442 1479 640 1545 Iudeos
685 1480 743 1527 in
793 1479 1035 1546 ecclesie
1082 1479 1407 1530 scandalum
1452 1481 1663 1531 contra
1712 1495 1795 1529 me

261 1566 478 1615 secreto
506 1560 591 1625 (ut
614 1562 734 1626 ipse
757 1560 864 1628 ait)
891 1564 1133 1628 turpiter
1148 1563 1486 1615 defendisse.
1533 1555 1589 1614 (I
1606 1564 1795 1615 Sexto.

261 1649 312 1699 si
345 1648 404 1697 in
439 1648 556 1698 suis
591 1647 894 1701 invectivis
931 1652 990 1699 et
1022 1647 1211 1699 multis
1250 1649 1379 1699 aliis
1414 1649 1475 1697 in
1526 1650 1677 1701 locis
1718 1649 1797 1699 di-

262 1737 466 1798 gnatur
501 1738 696 1785 contra
729 1748 817 1785 me
851 1733 1097 1784 scribere
1136 1737 1191 1783 et
1226 1732 1541 1785 execrabili
1578 1736 1799 1787 calamo

263 1820 488 1886 publice
525 1820 820 1882 insectari,
869 1833 1039 1881 quare
1078 1818 1309 1869 obsecro
1344 1817 1403 1867 id
1445 1818 1657 1885 lingua
1706 1837 1807 1873 ans

267 1918 453 1955 coram
488 1904 634 1954 iusto
670 1902 854 1953 iudice
891 1918 1003 1953 non
1040 1904 1320 1954 absolvit?
1368 1917 1495 1953 cum
1544 1904 1703 1955 illud
1737 1907 1809 1956 sit

263 1990 586 2054 iniquitatis
602 2028 617 2054 ‚
654 1989 760 2041 hoc
783 2002 914 2040 vero
937 1988 1161 2055 iusticie
1186 1988 1379 2039 solius.
1442 1978 1497 2036 ff
1524 1987 1806 2055 Septimo.

264 2076 502 2127 Ioannes
525 2074 800 2125 Reuchlin
821 2074 999 2124 fertur
1022 2088 1145 2123 esse
1178 2073 1361 2138 legum
1394 2071 1619 2125 doctor.
1666 2075 1803 2141 quod

265 2161 315 2209 si
351 2162 432 2207 ita
469 2163 581 2222 est,
601 2159 812 2208 -merito
849 2157 1127 2224 ledentem
1162 2157 1393 2208 iuridice
1417 2159 1607 2224 magis
1640 2176 1809 2226 quem

265 2256 363 2305 per
395 2242 508 2291 vim
545 2242 853 2306 opprimere
889 2240 1148 2292 debebat.
1196 2256 1384 2295 verum
1420 2244 1561 2307 quia
1595 2246 1715 2296 hoc
1750 2247 1807 2295 in

264 2326 411 2375 hunc
445 2340 623 2391 usque
648 2325 793 2377 diem
815 2340 1099 2391 nunquam
1122 2327 1293 2393 fecit,
1328 2342 1427 2395 sue
1451 2330 1807 2393 professioni

266 2411 638 2477 degenerans,
695 2411 956 2463 seductor
1010 2414 1194 2490 potius
1240 2429 1405 2478 quam
1448 2412 1659 2464 doctor
1704 2418 1813 2467 erit

268 2496 651 2557 appellandus.
735 2488 788 2546 (I
833 2496 1071 2549 Octavo·
1130 2512 1240 2547 non
1284 2512 1403 2549 sum
1448 2498 1809 2551 reficiendus

267 2592 369 2640 ego
405 2580 540 2639 quia
585 2580 795 2642 laicae,
843 2596 948 2630 nec
994 2584 1289 2645 propterea
1334 2585 1807 2647 contemnendus,

267 2660 400 2721 quia
435 2660 519 2708 sic
555 2664 795 2711 maxima
833 2663 1273 2714 Christianorum
1309 2678 1441 2728 pars
1478 2668 1809 2719 reiicienda

266 2742 427 2789 foret.
497 2743 570 2791 Et
621 2745 671 2792 si
717 2744 922 2806 aliquis
969 2747 1244 2799 obiecerit
1289 2747 1357 2799 ‘si
1400 2749 1675 2805 indoctus
1726 2770 1809 2818 es,
