1942 3109
289 228 525 267 onmvnu
565 226 764 265 GBATII
799 224 1079 263 EPIs'rOLA
1114 224 1525 265 APOLOGE‘HCA.
1553 205 1564 215 ·
1595 209 1698 265 355

164 336 427 389 doctores
464 336 801 399 anteponere
838 330 1161 395 nolueritis,
1207 328 1494 381 maledicti
1540 331 1698 385 eritis

164 422 263 485 (ut
285 420 540 473 habetur.
565 432 645 471 11.
673 432 725 483 q.
752 416 865 483 111.)
894 416 1044 483 apud
1067 414 1226 468 deum
1254 419 1310 467 et
1341 416 1609 480 homines,
1644 420 1703 467 et

55 512 58 545 ἲ
162 506 555 572 increpatione
610 502 835 554 tandem
892 502 1246 554 severissima
1307 502 1698 568 corripiemini,

56 619 65 627 ·
162 592 403 655 Eritque
440 589 575 641 deus
610 588 777 640 iudex
811 588 961 638 inter
993 602 1094 639 vos
1133 591 1189 639 et
1221 602 1323 640 nos
1359 588 1418 639 in
1454 587 1698 637 extremo

55 682 64 713 ‘-
104 697 137 737 5
167 675 367 729 iudicii
410 674 528 739 die,
577 674 686 737 Qui
730 674 869 725 licet
903 672 1078 739 gradu
1120 673 1272 724 lento
1313 670 1396 735 (ut
1431 674 1518 721 est
1553 669 1698 737 apud

55 770 60 803 2
161 760 459 815 Valerium
510 759 811 811 Maximum
865 758 1011 810 libro
1074 759 1248 824 primo
1307 756 1376 808 de
1434 755 1698 822 neglecta

160 843 468 909 religione)
508 843 579 892 ad
610 843 918 894 vindictam
962 843 1051 895 sui
1092 842 1386 911 procedat,
1433 842 1702 908 supplicii

55 940 65 949 ·
164 932 361 979 tamen
395 925 719 979 dilationem
753 928 1102 981 intolerabili
1137 928 1378 994 quadam
1413 928 1696 993 gravitate

170 1012 569 1078 compensabit.
612 1003 663 1062 11
700 1012 762 1063 Si
798 1016 986 1065 autem
1017 1014 1111 1065 vel
1137 1012 1390 1079 Capnion
1424 1012 1565 1078 ipse,
1601 1010 1696 1065 vel

56 1115 141 1159 -10
164 1112 270 1151 vos
316 1096 541 1148 obscuri
584 1101 639 1149 et
682 1098 957 1163 theologis
1002 1099 1237 1164 nostris,
1282 1102 1340 1149 et
1373 1098 1509 1147 mihi
1544 1096 1699 1148 deni·

55 1192 67 1229 r
166 1198 294 1248 que.
317 1182 565 1233 Ortwino
610 1182 895 1248 indignari
939 1183 1039 1234 abs
1085 1200 1145 1234 re
1186 1182 1509 1248 volueritis,
1560 1180 1696 1247 [me-

55 1252 65 1309 Ι
162 1282 348 1319 mores
385 1267 761 1333 apostolorum
794 1267 1026 1332 erimus,
1065 1268 1160 1332 qui
1193 1267 1354 1319 ibant
1387 1266 1696 1333 gaudentes

166 1369 205 1407 a
242 1356 547 1419 conspectu
592 1353 842 1417 consilii,
890 1352 1152 1417 quoniam
1197 1352 1351 1417 digni
1395 1356 1555 1403 erant
1595 1368 1695 1419 pro

160 1438 297 1489 Iesu
340 1438 547 1491 christo
593 1436 988 1491 contumeliam
1033 1440 1167 1503 pati.
1237 1438 1350 1489 Nos
1403 1438 1578 1503 igitur
1632 1441 1697 1487 ut

55 1541 135 1585 15
159 1524 307 1575 libet
362 1526 763 1591 persequimini
820 1528 877 1575 et
934 1523 1346 1577 mendaciorum
1391 1522 1694 1575 describite

56 1616 58 1621 ·
165 1612 478 1662 atramento
492 1608 527 1675 ‚]
574 1612 751 1663 vestri
794 1613 982 1663 tamen
1030 1610 1136 1661 erit
1180 1613 1295 1661 tum
1331 1607 1532 1675 officii,
1577 1612 1694 1661 tum

160 1694 533 1745 humanitatis
579 1711 692 1746 non
732 1696 1020 1762 ignorare,
1067 1711 1168 1748 vos
1203 1710 1316 1747 una
1351 1709 1540 1745 omnes
1575 1696 1695 1743 tam

164 1775 459 1827 scribendo
484 1791 649 1841 quam
670 1777 994 1829 offendendo
1017 1794 1233 1845 semper
1251 1779 1430 1829 fuisse
1460 1777 1691 1843 priores,

160 1862 282 1913 Nec
339 1863 425 1919 est
482 1860 628 1925 quod
682 1861 818 1911 mihi
868 1855 993 1926 quis
1048 1862 1115 1913 de
1169 1858 1418 1913 manuali
1462 1861 1692 1928 speculo

70 1963 139 2007 20
159 1947 389 1998 Ioannis
424 1946 784 2011 Pepericorni
826 1948 1078 2013 neophiti
1113 1944 1392 2013 (helminis
1436 1946 1687 2012 profecto
1711 1953 1792 2020 hij
1887 2010 1890 2017 ν

165 2032 463 2083 christiani
497 2034 555 2081 et
577 2031 683 2082 viri
719 2030 874 2094 boni)
900 2034 1201 2096 quicquam
1235 2032 1486 2096 obiiciat,
1525 2045 1692 2095 quum

163 2133 311 2169 anno
357 2116 563 2168 domini
604 2116 921 2167 Mneccau.
962 2116 1196 2169 Colonia
1243 2116 1314 2167 ad
1349 2131 1554 2167 annum
1589 2116 1688 2169 ab·

162 2218 315 2267 sens,
339 2204 399 2253 in
432 2202 715 2269 superiore
749 2200 890 2253 illud
911 2200 1206 2253 Alemania
1238 2202 1400 2253 nobis
1431 2202 1691 2267 ignoran-

159 2290 311 2341 tibus
348 2285 735 2353 composuerit,
760 2284 956 2351 Sitque
980 2284 1006 2353 Η
1027 2287 1314 2355 Moguntie
1341 2285 1426 2352 (ut
1448 2288 1682 2354 metipse
1707 2301 1778 2369 fij

74 2388 139 2433 25
162 2373 421 2439 capnion
455 2373 514 2422 in
550 2388 653 2423 sua
689 2372 1040 2437 defensione,
1087 2371 1226 2423 folio
1262 2387 1376 2421 .111.
1413 2372 1565 2423 facie
1601 2388 1686 2424 se-

164 2458 365 2523 cunda,
389 2456 732 2509 lucidissime
756 2454 1070 2523 profitetur)
1096 2473 1196 2523 per
1221 2457 1690 2527 chalcographum

160 2545 283 2599 illic
328 2543 677 2597 habitantem
721 2542 982 2595 nundinis
1029 2542 1299 2611 aprilibus
1342 2545 1684 2617 impressum.

230 2715 273 2751 ¹8
307 2717 511 2785 primos
536 2730 752 2785 semper
774 2716 970 2769 fuisse.
995 2719 1047 2768 2.
1152 2716 1196 2751 ²²
1234 2716 1305 2771 ad
1330 2718 1470 2769 omis.
1495 2720 1549 2769 2.

1267 2803 1334 2859 23
1351 2805 1382 2840 *
