1942 3109
89 258 551 298 LAMENTATIORES
589 257 890 293 OBSCVROR·
918 257 1222 294 REvanm.
1250 258 1427 295 NOVAE.
1496 241 1597 293 295

87 379 270 415 corum
305 378 452 413 more
488 361 651 412 simul
685 360 991 412 effudimus.
1028 362 1228 413 Nullus
1263 363 1408 412 enim
1443 362 1598 413 locus

85 449 172 514 (ut
215 446 400 512 audio)
448 448 598 496 intra
642 460 906 496 oceanum
951 451 1064 510 est,
1119 447 1217 496 ubi
1258 452 1445 513 nostre
1489 462 1599 496 non

85 536 198 584 sint
230 534 350 600 vise
384 529 654 599 epistole,
710 531 807 580 ubi
841 531 1066 594 inquam
1098 534 1289 581 nostra
1320 531 1383 580 in
1418 530 1600 581 eccle-

83 620 224 668 siam
269 616 357 668 dei
401 620 735 681 scommata,
792 619 848 664 et
891 614 1218 679 pestilentes
1264 615 1499 683 quedam
1542 617 1601 664 in

83 703 362 753 Christum
399 703 628 766 eiusque
661 705 894 751 matrem
928 698 1301 766 blasphemie,
1345 715 1414 748 ac
1448 699 1601 748 mille

82 787 304 838 tandem
351 791 546 838 contra
591 801 779 837 omnes
821 787 1001 837 bonos
1035 781 1325 834 mendacia
1358 799 1469 834 non
1502 784 1600 833 ha·

81 875 320 922 beantur
355 872 411 918 in
447 872 660 934 precio,
709 869 855 935 apud
890 885 987 921 eos
1022 868 1260 920 maxime
1296 869 1395 932 qui
1425 869 1604 933 poeti·

81 954 167 1004 cis
203 953 476 1018 figmentis
512 953 931 1017 obbrutuerunt,
952 954 1226 1016 nobisque
1250 955 1380 1002 sunt
1412 967 1602 1017 quam-

79 1036 348 1088 similimi.
386 1036 874 1088 Transcenderunt
895 1039 1042 1089 enim
1062 1036 1234 1102 Alpes
1259 1037 1605 1088 execrabiles

78 1122 184 1190 ille
211 1125 395 1188 nostre
423 1122 678 1190 epistole,
703 1125 1026 1186 montesque
1042 1121 1349 1186 Armenios,
1370 1120 1604 1186 Caspios

77 1209 257 1259 etiam
301 1209 358 1255 et
389 1206 661 1273 Ripheos,
709 1221 778 1256 ac
820 1210 998 1257 totum
1033 1221 1175 1274 pene
1208 1210 1481 1257 terrarum
1516 1221 1603 1256 or-

77 1295 211 1341 bem
249 1305 383 1358 ceca
419 1290 658 1340 omnium
691 1290 1065 1354 nequitiarum
1098 1291 1242 1341 nube
1268 1305 1336 1341 ac
1359 1294 1606 1342 tartareo

75 1373 424 1441 impudentie
482 1375 632 1424 fumo
688 1374 854 1439 longe
910 1374 1139 1438 lateque
1194 1375 1605 1426 obumbramnt.

75 1461 438 1524 Quapropter
497 1458 882 1510 sanctissimus
937 1444 998 1508 in
1042 1458 1262 1510 Christo
1316 1463 1477 1525 pater
1536 1475 1604 1510 ac

73 1544 333 1596 dominus
368 1547 557 1594 noster
579 1543 696 1594 Leo
730 1559 879 1609 papa
913 1543 1157 1595 decimus
1190 1561 1303 1597 non
1334 1546 1606 1596 immerito

73 1629 244 1680 nobis
281 1627 546 1680 Obscuris
581 1628 986 1679 Reuchlinistis
1022 1628 1332 1694 maledixit,
1367 1645 1472 1680 nec
1506 1645 1604 1681 no-

73 1717 168 1764 bis
220 1710 420 1776 solum,
467 1727 659 1765 verum
706 1714 876 1763 etiam
925 1713 1140 1762 cunctis
1174 1717 1487 1766 nostrarum
1520 1717 1603 1764 in-

73 1795 424 1850 vectivarum
455 1798 906 1863 impressoribus,
938 1795 1348 1860 venditoribus,
1386 1792 1605 1849 conser-

73 1878 390 1942 vatoribus,
425 1879 666 1946 illasque
702 1882 940 1932 triduum
978 1883 1129 1931 intra
1150 1884 1277 1947 post
1308 1882 1607 1948 apostolici

73 1963 298 2016 ieci-eti
332 1963 586 2014 notitiam
623 1968 940 2018 comburere
978 1963 1383 2016 differentibus.
1428 1965 1602 2017 Video

81 2048 253 2116 gitur
285 2061 387 2097 nos
424 2050 482 2096 et
513 2048 742 2100 miseros
779 2067 903 2102 esse
941 2055 1002 2101 et
1034 2049 1315 2113 infelices,
1339 2051 1603 2101 omnium-

73 2149 184 2200 1¹10
227 2131 516 2181 criminum
549 2147 750 2197 genere
785 2134 1064 2187 delibutos
1100 2151 1169 2186 ac
1204 2135 1370 2201 plane
1406 2135 1604 2186 suffar-

73 2220 329 2278 :inatos,
374 2216 672 2282 brevique,
719 2215 802 2282 (ni
836 2219 956 2286 Gog
1003 2225 1059 2271 et
1092 2221 1299 2288 Magog
1331 2235 1444 2270 una
1481 2233 1603 2270 cum

73 2301 421 2356 Antichristo
457 2315 557 2352 suo
591 2301 684 2352 vel
719 2302 902 2366 potius
937 2309 1127 2356 nostro
1162 2306 1323 2356 nobis
1358 2303 1603 2372 presidio

73 2385 212 2452 tint)
263 2384 335 2436 ad
381 2386 590 2436 inferos
643 2387 972 2438 catervatim
1008 2378 1388 2441 descensuros.
1462 2388 1602 2439 Vale

73 2479 132 2525 it
167 2474 362 2537 potes,
411 2474 469 2531 et
504 2470 850 2522 suavissimis
895 2472 1007 2521 tuis
1052 2472 1255 2526 litteris
1290 2489 1377 2524 me
1412 2486 1601 2538 quam-

73 2558 310 2610 )rimum
337 2555 644 2606 consolare.
684 2554 842 2618 Quod
876 2556 926 2605 si
960 2571 1071 2606 non
1107 2558 1328 2621 feceris,
1352 2558 1600 2623 Delphos

73 2645 294 2702 tetam,
342 2647 530 2692 nostro
567 2639 816 2705 Apollini
848 2637 1135 2703 Musisque
1171 2655 1365 2691 novem
1402 2648 1602 2692 cuncta

74 2724 372 2776 elaturus.
406 2726 491 2774 Ex
505 2724 774 2776 Cremona
799 2725 958 2775 nonis
984 2723 1600 2790 nuperSeptembribus.
