1942 3109
367 239 468 294 308
533 255 1007 292 ΒΔΠΒΕΤΔΤῙΟΠΒΕ
1042 253 1357 290 OBSCVBOB·
1382 254 1713 292 nnvcnnnff.
1734 251 1838 290 EOVS

370 362 652 426 capitique
709 359 1023 410 consulant.
1092 359 1357 422 Denique
1412 360 1470 408 si
1524 361 1590 408 in
1646 360 1731 410 his
1768 356 1839 421 ipsh

365 443 666 510 prudenter
699 444 1011 511 deligendis
1044 458 1175 509 spes
1210 443 1339 508 ipsa
1374 458 1483 493 nos
1518 445 1795 504 fefellerit,
1814 443 1839 484 ri

365 529 733 589 vindicemus,
779 529 1185 592 multarumque
1231 527 1692 578 universitatum
1732 528 1839 577 The·-

365 613 524 680 logos
559 615 985 680 supprimamus,
1020 613 1215 662 missos
1250 612 1449 663 facere
1476 614 1838 664 consiliumesty

369 703 426 749 et
461 699 776 750 temeritate
811 697 1103 750 dumtaxat
1146 700 1317 761 atque
1362 696 1691 748 mendaciis
1732 695 1791 760 (ut
1811 694 1835 738 ³:

367 783 514 833 hunc
557 797 738 847 usque
781 783 926 834 diem
960 780 1219 846 fecimus)
1257 796 1357 846 pro
1388 782 1556 832 virili
1608 782 1831 834 decemre-

367 867 614 918 Litteras
671 872 856 918 autem
901 866 1287 932 Pepericorni,
1354 879 1504 929 quas
1568 867 1643 917 ad
1696 883 1763 916 me
1789 863 1833 910 'm-

367 952 573 1002 faustis
609 951 814 1003 dedisti
861 951 1088 1014 avibus,
1132 949 1438 1014 lachrymis
1486 967 1667 1018 prope
1708 947 1837 999 delevi.

367 1035 509 1087 Nam
543 1041 706 1087 tanta
741 1035 876 1085 mihi
922 1036 1121 1084 innata
1170 1037 1257 1085 est
1289 1034 1559 1100 malicia,
1608 1040 1668 1086 ut
1697 1034 1837 1085 veriti-

368 1124 482 1170 tem
515 1122 693 1187 ipsam
731 1124 922 1171 contra
945 1119 1209 1170 Ioannem
1224 1118 1513 1169 Reuchlin
1548 1118 1838 1180 triumphare.

367 1205 491 1269 pati
523 1207 848 1269 neutiquam
881 1205 1109 1270 possim,
1146 1203 1255 1253 etsi
1286 1201 1635 1254 Lactantius
1658 1199 1839 1252 rimia-

367 1305 472 1340 nus
496 1289 642 1340 libro
677 1291 852 1354 primo
887 1289 1199 1339 divinarum
1234 1287 1658 1339 institutionum
1684 1284 1833 1336 nullum

369 1389 492 1424 esse
547 1372 790 1424 voluerit
844 1373 1027 1422 animo
1084 1371 1269 1422 cibum
1324 1373 1677 1436 suaviorem,
1730 1381 1831 1434 qua:

365 1458 622 1508 veritatis
661 1457 1051 1520 cognitionem.
1099 1456 1252 1508 Cave
1286 1460 1553 1524 preterea
1592 1458 1661 1508 de
1682 1467 1813 1507 nume·

367 1553 466 1588 nos
504 1553 626 1588 esse
664 1538 1035 1588 obscurorum
1072 1539 1381 1590 Christiani
1422 1541 1767 1609 intelligant,
1794 1551 1825 1583 n*-

366 1625 616 1674 veterum
669 1622 1095 1687 consuetudine,
1154 1625 1265 1674 viri
1315 1625 1527 1688 fortes,
1594 1623 1827 1677 acrioribts

368 1707 664 1774 suppliciis
697 1708 875 1759 civem
908 1709 1282 1772 perniciosum
1306 1723 1479 1773 quam
1500 1711 1725 1763 hostem
1740 1717 1819 1758 affl·

366 1794 560 1843 rimum
595 1797 1021 1858 persequantur.
1090 1791 1233 1843 Vale
1270 1792 1384 1843 diu.
1444 1809 1555 1846 nec
1594 1801 1784 1846 tuorum
1804 1797 1827 1832 ‘t

368 1880 621 1946 peniteat
655 1878 999 1928 delictorum.
1070 1879 1155 1950 Εις
1188 1877 1615 1945 Heydelberga.

1093 2097 1157 2149 27

683 2185 734 2244 (ἶ
776 2181 1127 2246 Ioannes
1170 2179 1585 2246 Iambicus

685 2284 1177 2353 Bartholomeo
1213 2283 1568 2349 Sapphico

986 2369 1060 2422 .S.
1096 2371 1164 2419 P.
1196 2369 1265 2420 D.

467 2473 643 2523 Vetus
700 2473 836 2522 mihi
893 2476 1104 2534 tecum,
1166 2484 1234 2521 ac
1292 2471 1519 2522 stabilis
1580 2473 1676 2540 (ut
1728 2469 1828 2525 nosti

369 2569 582 2618 semper
619 2555 953 2604 consuetudo
991 2556 1123 2616 fuit,
1168 2567 1277 2619 que
1311 2569 1417 2603 nec
1452 2560 1763 2624 temporum
1793 2574 1829 2606 ca

365 2636 639 2696 humitate,
675 2650 778 2684 nec
813 2636 989 2685 livore
1016 2637 1218 2698 peribit
1242 2637 1575 2692 invidorum.
1628 2646 1711 2696 Te
1732 2646 1826 2709 igit:

367 2729 462 2762 oro
499 2719 665 2774 atque
703 2718 956 2779 obsecro,
1004 2722 1067 2764 ut
1103 2719 1315 2780 aliquot
1358 2721 1498 2770 mihi
1538 2731 1785 2779 carmina
1810 2743 1827 2772 a
