1942 3109
142 256 302 298 aasr.
325 256 400 298 An
421 254 664 296 navent.
683 252 1033 296 courosvssa.
1052 251 1361 296 arrswous
1386 261 1437 295 ο.
1459 253 1513 295 v.
1571 236 1667 300 183

141 366 292 416 hanc
337 367 584 415 nostram
628 363 944 430 apologiam
988 378 1099 415 non
1132 363 1457 414 indecenter
1491 365 1549 414 in
1584 365 1667 415 lu-

146 465 269 500 cem
305 448 446 499 dedi.
509 449 860 515 Quapropter
895 449 1229 514 Antiphates
1266 449 1387 514 ipse
1414 447 1669 514 Capnion

145 551 215 586 ac
239 534 442 600 reliqui
463 533 930 600 Philocapniones
955 549 1067 585 non
1089 533 1247 587 modo
1284 533 1669 601 gravissimam

143 619 388 688 cesaree
421 619 736 671 maiestatis
773 635 1093 683 censuram,
1140 634 1331 670 verum
1365 617 1667 670 indelebile

139 708 502 773 sacrosancte
545 703 696 756 sedis
743 705 1057 772 apostolice
1101 703 1553 756 maledictionem
1584 703 1668 752 in-

140 799 450 841 currerunt.
543 782 596 841 (I
631 790 918 842 Postremo
953 794 1019 840 ut
1050 790 1251 855 paucis
1294 789 1513 853 finiam,
1558 788 1669 838 Fu-

139 875 326 925 mulus
363 879 420 926 et
445 876 685 926 Obscuri
717 891 826 926 non
859 874 1093 940 illepide
1130 874 1295 926 simul
1330 874 1671 926 conveniunt

142 958 307 1008 Sicut
353 959 502 1010 enim
543 958 786 1010 fumulus
829 960 970 1010 nihil
1016 961 1075 1010 in
1120 975 1181 1012 se
1215 959 1443 1010 luminis
1478 959 1669 1022 habet,

141 1044 228 1092 sic
275 1043 442 1092 etiam
489 1042 710 1094 obscuri
752 1045 1011 1096 veritatis
1056 1045 1241 1096 lumen
1296 1044 1505 1094 sentire
1559 1057 1673 1093 non

138 1121 395 1194 possunt.
465 1129 670 1180 Verum
703 1128 812 1180 hae
847 1128 917 1180 de
951 1145 1011 1180 re
1048 1130 1215 1193 satis,
1252 1128 1409 1180 modo
1445 1128 1670 1194 iusticie

141 1226 214 1262 ac
248 1212 480 1263 veritati
513 1213 676 1265 favor
708 1227 820 1264 non
853 1212 1084 1267 officiat.

258 1343 508 1399 Notate
546 1347 894 1414 impudens
934 1347 1353 1416 quorundam
1386 1363 1563 1401 men·

766 1433 1050 1486 dacium.

247 1544 304 1604 (I
343 1554 554 1606 Dicunt
607 1553 864 1606 nonnulli
909 1566 1139 1606 causam
1180 1558 1427 1606 nostram
1474 1556 1669 1607 contra

137 1639 408 1690 Ioannem
429 1639 704 1691 Reuchlin
727 1655 838 1690 non
863 1655 987 1692 esse
1026 1653 1255 1690 causam
1288 1637 1417 1690 fidei
1452 1639 1549 1689 sed
1583 1639 1667 1688 in-

135 1723 311 1789 vidie.
369 1723 493 1772 Hoc
515 1725 768 1788 profecto
792 1724 1159 1775 falsissimum
1184 1727 1290 1774 est.
1346 1724 1489 1774 Nam
1511 1724 1669 1774 nulla

138 1820 388 1869 unquam
423 1808 706 1867 contentio
737 1809 888 1858 inter
921 1809 1102 1873 ipsum
1138 1810 1195 1858 et
1226 1809 1505 1856 nostrates
1540 1807 1671 1869 fuit,

137 1889 326 1944 veluti
359 1890 550 1940 multis
577 1893 830 1956 epistolis
853 1893 1003 1943 ultro
1028 1893 1279 1956 citroque
1304 1895 1362 1940 in
1388 1891 1667 1942 charitate

138 1989 254 2027 non
289 1973 420 2025 ficta
455 1976 640 2026 missis
677 1975 801 2026 luce
839 1977 1048 2027 clarius
1086 1992 1154 2025 ac
1176 1988 1309 2026 vero
1332 1975 1519 2026 verius
1544 1991 1667 2040 pro·-

139 2061 268 2114 bari
303 2063 502 2124 potest.
562 2060 812 2124 Itemque
849 2065 910 2110 ut
945 2059 1015 2111 de
1049 2060 1261 2125 meipso
1297 2059 1519 2124 loquar,
1557 2075 1667 2109 non

141 2146 237 2208 egi
283 2145 580 2208 quicquam
625 2149 821 2197 contra
849 2143 858 2210 1
891 2144 1157 2208 eundem,
1205 2148 1313 2194 aut'
1352 2147 1547 2196 contra
1580 2144 1671 2194 Iu·
1693 2143 1747 2198 Θ

140 2231 280 2296 deos
325 2227 538 2278 invidia
581 2234 790 2294 motus,
838 2231 972 2296 quia
1018 2246 1129 2282 non
1172 2231 1320 2280 hunc
1356 2230 1663 2293 antinum,

139 2312 244 2366 sed
279 2327 468 2364 omnes
504 2314 671 2364 simul
703 2314 930 2383 Iudeos,
966 2319 1082 2366 tam
1105 2319 1296 2366 notum
1320 2329 1487 2378 quam
1510 2316 1666 2379 igno·

137 2407 287 2464 tum,
325 2399 632 2450 iustissimo
668 2400 791 2451 zelo
823 2405 1150 2465 persecutus
1172 2415 1309 2452 sumt
1370 2398 1541 2449 Nemo
1566 2399 1671 2462 igi-

139 2491 232 2534 tur
267 2485 472 2535 falsum
508 2484 771 2549 loquatur
805 2486 864 2535 in
912 2485 1152 2554 ecclesie
1197 2483 1551 2548 scandalum,
1598 2499 1668 2536 ne

139 2584 268 2621 sero
301 2569 645 2633 postmodum
681 2572 949 2640 peniteat⁴
