1942 3109
387 248 456 291 67.
479 241 566 299 [5.]
587 252 864 290 normann
889 254 1067 291 srscn
1086 254 1159 289 nn
1178 252 1476 290 cunnum.
1591 236 1693 291 373

176 359 524 423 ritussancti,
563 358 708 422 quod
742 373 1025 422 nunquam
1060 358 1391 423 minoratur,
1438 359 1572 422 quia
1607 363 1695 410 est

173 446 249 495 ibi
271 460 423 496 mera
447 444 634 511 gratia
660 444 1103 508 spiritussancti.
1142 442 1361 493 Deinde
1386 443 1499 493 sibi
1522 442 1691 494 aliam

173 529 438 580 ancillam
471 532 763 595 procurat,
803 532 860 579 et
893 529 1039 579 facit
1073 528 1183 579 sibi
1208 528 1379 578 etiam
1404 528 1553 578 sicut
1578 528 1689 578 iam

172 615 384 679 scripsi.
467 617 523 664 et
567 614 652 663 sic
695 613 796 664 ille
841 612 975 664 ordo
1018 614 1077 661 in
1132 612 1324 662 multis
1379 612 1693 662 hominibus

171 698 390 750 occulte
427 699 651 749 crescit.
719 698 880 749 Nunc
915 697 1044 750 volo
1080 698 1290 748 inferre
1326 698 1692 762 proverbiali-

171 788 280 848 ter,
338 783 471 847 quia
519 783 880 834 communiter
924 783 1157 834 diciturx
1215 780 1691 846 ‘Quandocunque

173 870 378 932 abbae,
413 867 472 918 id
509 872 594 918 est
629 871 790 934 pater
825 882 1141 934 supremus,
1178 869 1408 933 apponit
1428 872 1691 931 tesseras,

169 958 302 1003 tunc
347 956 578 1017 possunt
621 954 830 1003 fratres
878 952 1117 1003 ludere’:
1170 952 1277 1003 hoc
1330 956 1417 1002 est
1468 952 1691 1016 quando

167 1036 376 1104 prelati
407 1037 584 1087 nostri
619 1037 840 1101 antiqui
873 1040 1005 1087 sunt
1040 1038 1120 1087 ita
1154 1036 1453 1100 luxuriosi,
1502 1039 1559 1085 et
1594 1034 1691 1084 tlu—

171 1123 304 1172 cunt
347 1120 429 1172 ita
473 1122 849 1172 miserabilem
892 1122 1096 1185 vitam,
1144 1120 1291 1187 Ergo
1336 1136 1437 1171 nos
1484 1118 1695 1170 subditi

167 1206 321 1257 licite
356 1220 647 1271 possumus
684 1221 935 1270 sequere.
1008 1206 1131 1271 Hec
1178 1208 1267 1257 est
1307 1206 1457 1255 bona
1502 1219 1691 1255 conse-

169 1291 427 1355 quentia,
477 1290 610 1355 quia
654 1291 914 1356 perspexi
956 1291 1017 1340 in
1052 1292 1302 1339 tractatu
1336 1290 1404 1340 de
1440 1290 1692 1354 supposi-

167 1376 440 1426 tionibus:
503 1376 636 1439 quia
679 1376 760 1427 ibi
803 1372 868 1438 lij
910 1374 1163 1441 prelatus
1210 1374 1472 1441 supponit
1504 1389 1693 1439 perso-

167 1460 390 1511 naliter.
461 1459 558 1510 sed
611 1459 911 1511 secundum
958 1460 1273 1510 Marsilium
1308 1460 1568 1524 supponit
1607 1458 1690 1507 in-

164 1546 340 1597 ferius
383 1545 770 1597 materialiter.
849 1546 1013 1596 Nunc
1058 1544 1130 1594 ad
1173 1546 1539 1611 propositum:
1590 1559 1691 1609 ego

163 1629 370 1682 vellem
424 1628 568 1693 quod
625 1629 846 1693 quando
899 1630 1169 1695 magister
1220 1632 1410 1680 noster
1452 1628 1692 1679 Iacobus

165 1713 478 1764 Hochstrat
511 1712 572 1762 in
603 1712 778 1764 Roma
814 1711 957 1763 nihil
994 1712 1163 1763 sciret
1196 1712 1395 1763 Ioanni
1417 1712 1692 1763 Reuchlin

166 1797 372 1850 abinde
407 1797 656 1863 lucrare,
695 1796 840 1863 quod
877 1798 1203 1862 impetraret
1237 1798 1399 1849 nobis
1425 1798 1692 1848 laxiorem

163 1882 441 1944 ordinem,
491 1882 638 1931 sicut
681 1882 781 1932 ille
817 1882 1251 1947 prenominatus.
1325 1880 1467 1931 Caro
1504 1885 1691 1931 tamen

163 1980 269 2017 nos
307 1963 638 2028 quandoque
685 1964 858 2016 etiam
903 1964 1186 2014 stimulat:
1232 1980 1335 2029 ego
1382 1965 1501 2015 scio
1546 1964 1692 2027 quod

163 2066 260 2102 ero
304 2049 634 2115 brevissime
680 2050 796 2114 vite
834 2046 1055 2112 quando
1090 2063 1202 2098 non
1235 2047 1410 2099 debeo
1447 2047 1691 2111 quando-

164 2150 276 2197 que
315 2148 620 2199 expurgare
655 2138 817 2184 vetus
853 2133 1211 2197 fermentum,
1260 2132 1403 2197 quod
1441 2134 1692 2184 contraxi

166 2233 238 2267 ex
271 2216 390 2266 illis
427 2218 625 2267 caseis.
679 2218 930 2283 parcatis
965 2218 1129 2283 mihi,
1176 2220 1312 2284 quia
1356 2218 1553 2283 loquor
1594 2235 1690 2271 vo-

162 2302 383 2353 biscum
431 2302 776 2369 cordialiter,
823 2303 880 2353 id
927 2306 1013 2355 est
1058 2318 1165 2370 que
1201 2304 1339 2355 mihi
1372 2308 1505 2355 sunt
1540 2306 1692 2355 circa

162 2404 278 2439 cor.
347 2386 472 2453 Ego·
513 2402 729 2453 semper
771 2390 938 2439 t'rmeo
988 2388 1134 2453 quod
1188 2389 1294 2439 illa
1352 2404 1527 2439 causa
1586 2390 1693 2439 erit

158 2472 368 2524 malum
403 2471 566 2523 finem
601 2474 919 2538 acquirere,
965 2476 1113 2525 sicut
1158 2490 1333 2525 causa
1368 2474 1688 2524 Bemensis.

156 2559 274 2609 Vos
319 2559 460 2609 satis
505 2558 870 2610 intellexistis
925 2574 1030 2610 me.
1109 2559 1378 2610 Dominus
1423 2558 1693 2624 Magister

155 2646 352 2693 noster
375 2642 614 2694 Ioannes
638 2642 1089 2710 Amphoratieius
1114 2644 1341 2708 optavit
1360 2643 1519 2693 vobis
1552 2642 1691 2692 mul-

158 2732 254 2776 tas
289 2726 530 2779 salutes:
567 2730 688 2794 ipse
728 2728 912 2778 evasit
938 2728 1001 2776 in
1026 2727 1323 2778 solemnem
1346 2728 1554 2775 virum:
1590 2725 1694 2773 Est
