1942 3109
222 281 324 333 214
401 296 686 332 musi-0121:
713 295 1082 331 osscvnonvu
1105 294 1360 330 vutonvm
1387 293 1565 334 nova.

224 405 415 450 rantur
448 400 594 450 tales
628 401 935 474 frascariffi
993 400 1068 448 Et
1112 400 1282 450 etiam
1325 397 1496 448 dixitz
1546 389 1744 461 ‘Quale

224 486 443 550 signum
480 489 565 536 est
598 485 733 549 hoc,
780 483 924 548 quod
960 484 1232 549 Theologi
1266 499 1376 534 non
1412 481 1618 533 audent
1650 499 1745 533 no·

224 570 463 620 minibus
484 570 720 635 propriis
740 569 982 619 scribere
1005 573 1196 619 contra
1215 567 1516 618 Iohannem
1531 567 1744 617 Reueh-

224 654 304 703 lin
342 658 399 704 et
436 655 790 722 coherenteS,
839 651 935 703 sed
981 651 1346 702 subordinant
1387 667 1556 701 unum
1590 652 1745 702 bufo-

226 755 350 788 nem
387 741 482 802 qui
516 752 695 803 neque
730 737 992 787 honorem
1026 751 1205 802 neque
1242 737 1389 786 bona
1423 735 1594 787 habet
1625 751 1746 800 per-

228 822 386 886 dere,
426 827 484 873 et
518 822 649 872 huic
686 821 1010 872 adscribunt
1044 822 1269 871 libros?
1308 821 1465 870 Tunc
1491 818 1747 885 respondi

226 922 357 970 ego:
404 907 772 958 ‘Pfefferkorn
819 905 1040 970 quidem
1087 904 1396 971 composuit
1439 906 1746 968 materiam,

226 989 322 1042 sed
346 990 617 1056 Magister
643 991 908 1042 Ortvinus
944 994 1144 1056 postea
1179 989 1531 1040 latinisavit'.
1589 990 1748 1038 Dixit

225 1075 529 1141 plebanus:
573 1073 742 1126 ‘Bene
790 1077 906 1126 scio
953 1073 1099 1138 quod
1135 1073 1402 1124 Ortvinus
1449 1074 1751 1138 composuit

225 1161 331 1211 hoc
366 1160 627 1224 latinum,
666 1161 799 1223 quia
836 1161 1028 1210 statim
1066 1160 1300 1224 cognovi
1333 1157 1524 1207 stilum
1562 1173 1750 1208 suum:

229 1245 398 1294 etiam
434 1245 551 1294 scio
590 1243 734 1307 quod
768 1245 888 1308 ipse
916 1244 1184 1294 Ortvinus
1221 1246 1308 1292 est
1343 1241 1409 1292 de
1444 1242 1591 1292 bona
1627 1257 1750 1306 pro-

227 1328 418 1394 genie,
478 1327 702 1377 scilicet
755 1326 1110 1377 sacerdotali.
1195 1326 1303 1378 Sed
1358 1326 1559 1375 dicatis
1615 1327 1753 1376 mihi

228 1427 424 1462 unum:
459 1411 570 1461 Vos
606 1411 830 1460 habetis
866 1411 1036 1461 fateri
1073 1411 1218 1475 quod
1251 1411 1603 1461 Pfefferkorn
1640 1426 1752 1460 non

228 1497 338 1546 scit
361 1494 735 1559 Alphabetum
760 1494 1012 1544 latinum.
1072 1496 1146 1544 Et
1181 1497 1229 1545 si
1263 1511 1374 1546 non
1413 1497 1521 1545 scit
1557 1495 1754 1560 alpha-

226 1580 442 1642 betum,
478 1578 653 1629 multo
688 1579 867 1628 minus
904 1580 1014 1628 solt
1048 1578 1252 1644 legere.
1311 1580 1386 1629 Et
1419 1581 1470 1630 si
1502 1596 1611 1630 nou
1645 1581 1760 1629 scit

228 1665 449 1728 legere,
485 1662 657 1713 multo
693 1663 873 1713 minus
910 1663 1021 1712 scit
1053 1663 1392 1729 intelligere.
1451 1664 1526 1714 Et
1563 1665 1612 1714 si
1645 1681 1756 1714 non

228 1748 338 1797 scit
390 1746 737 1812 intelligere,
794 1746 965 1797 multo
1021 1749 1200 1798 minus
1256 1749 1364 1798 scit
1408 1749 1651 1799 scribere
1697 1753 1760 1798 et

229 1825 573 1896 componere.
644 1831 719 1881 Et
764 1832 813 1880 si
858 1846 969 1881 non
1006 1834 1116 1882 scit
1148 1832 1335 1898 legere
1370 1848 1550 1896 neque
1585 1833 1757 1883 intel-

226 1917 403 1982 ligere
440 1930 620 1979 neque
658 1916 932 1978 scribere,
977 1916 1152 1967 multo
1197 1917 1378 1967 minus
1426 1918 1534 1967 scit
1567 1916 1760 1982 dispu-

230 2003 350 2050 tare
387 2000 454 2051 de
490 2001 619 2050 istis
657 2001 1044 2069 questionibus
1082 2016 1222 2065 quas
1259 2016 1417 2051 nemo
1453 2004 1638 2066 potest
1662 2015 1761 2050 sa·

229 2100 360 2150 pere
415 2085 526 2134 nisi
584 2086 660 2134 sit
714 2084 1175 2151 profundissimus
1223 2085 1523 2136 litteratus.
1607 2087 1763 2149 Quo-

228 2169 387 2220 modo
436 2185 564 2234 ergo
614 2173 700 2219 est
746 2170 1017 2234 possibile
1066 2168 1213 2233 quod
1268 2170 1387 2234 ipse
1447 2172 1768 2235 composuit

229 2255 375 2304 hanc
410 2254 700 2302 materiam
735 2252 827 2303 vel
861 2252 1041 2303 latine
1075 2253 1168 2303 vel
1201 2255 1486 2304 teutonice
1521 2256 1611 2305 vel
1657 2255 1765 2306 he-

228 2338 473 2388 braice?'
510 2336 790 2401 Respondi
828 2336 972 2402 quod
1008 2337 1230 2388 videtur
1261 2338 1398 2388 mihi
1434 2338 1579 2401 quod
1601 2339 1768 2389 Pfef-

229 2421 457 2472 ferkorn
502 2421 676 2471 habet
720 2423 803 2472 ita
846 2421 1222 2472 illuminatum
1265 2422 1642 2488 intellectum,
1705 2432 1773 2474 et

228 2507 311 2556 ita
348 2521 480 2573 sepe
517 2505 731 2556 audivit
764 2507 929 2556 istam
965 2507 1256 2556 materiam
1283 2505 1425 2570 quod
1451 2506 1770 2558 adiuvante

230 2589 333 2641 deo
392 2594 448 2640 et
495 2606 561 2640 ex
605 2591 877 2640 instinctu
922 2591 1338 2655 spiritussancti
1383 2591 1527 2641 bene
1573 2593 1777 2655 potest

230 2673 517 2739 disputare
541 2672 793 2739 desuper.
852 2673 926 2722 Et
962 2690 1133 2724 causa
1168 2673 1272 2723 illa
1309 2677 1394 2724 est
1428 2674 1510 2724 ita
1546 2674 1775 2738 facili3‚

232 2757 378 2822 quod
430 2757 705 2809 Reuchlin
760 2761 949 2823 posset
1003 2758 1156 2808 vinci
1207 2759 1267 2807 in
1323 2773 1388 2808 ea
1445 2759 1615 2808 etiam
1659 2773 1776 2822 per
