1942 3109
235 269 312 307 As
339 267 431 306 sn*
455 267 669 306 meurs
695 266 808 304 cvu
835 267 946 312 Qvo
971 266 1215 306 aaron.
1242 267 1367 306 rvm
1392 268 1548 306 serm.
1588 252 1685 306 187

153 389 336 439 quare
371 377 428 424 te
465 374 698 440 opponis
736 373 922 440 legum
955 372 1177 424 doctori
1211 377 1269 424 et
1302 376 1519 442 poete?
1578 374 1683 425 Re-

153 457 404 524 spondeo
439 459 702 510 Ioannem
724 457 1001 510 Reuchlin
1036 458 1355 510 theutonice
1390 459 1685 524 scripsisse

155 549 219 594 et
265 543 534 594 articulos
579 547 768 612 nostre
817 544 1189 597 contentionis
1234 543 1393 594 nulla
1436 543 1684 608 indigere

153 628 440 692 doctrina,
481 643 684 693 eosque
720 632 838 678 tam
873 643 999 680 esse
1021 629 1356 680 manifestos
1380 632 1435 680 et
1458 629 1688 680 veritati

150 719 270 764 tam
309 713 460 764 clare
496 718 898 780 repugnantes,
945 718 1010 765 ut
1044 716 1215 765 etiam
1252 714 1322 764 ab
1359 729 1529 764 uxore
1564 729 1686 764 mea

150 799 410 850 faciliter
459 800 720 850 convinci
763 803 1013 865 possent.
1094 799 1446 864 Quapropter
1490 799 1539 848 si
1584 813 1684 848 un-

153 898 327 947 quam
363 882 434 932 ad
468 898 566 932 nos
605 882 896 934 Coloniam
927 884 1172 948 venerit,
1218 882 1513 934 schedulas
1558 884 1684 948 ipsa

153 967 415 1018 omnibus·
460 967 824 1018 ecclesiarum
869 967 1053 1020 valvis
1110 967 1345 1033 affigens
1401 967 1685 1032 publicam

154 1056 356 1102 contra
390 1053 572 1117 ipsum
607 1051 1039 1119 disputationem
1074 1053 1267 1117 inibit,
1315 1056 1379 1103 ut
1424 1052 1473 1102 si
1506 1053 1683 1102 virum

151 1135 497 1202 detestatur,
531 1139 734 1189 fortem
757 1137 1004 1189 offendat
1026 1137 1327 1189 mulierem.
1360 1135 1369 1202 Ι
1428 1127 1481 1186 (l
1502 1137 1679 1190 Nono.
1700 1138 1801 1205 <aij

153 1221 220 1273 Si
242 1221 482 1273 Ioannes
504 1221 782 1272 Reuchlin
815 1223 1107 1274 iactitaret
1140 1238 1201 1274 se
1235 1222 1519 1274 meliorem
1554 1237 1679 1273 esse

151 1306 556 1370 Pepericorno,
613 1322 716 1373 ego
771 1306 828 1357 id
881 1307 1125 1360 fortasse
1178 1322 1459 1373 negarem.
1538 1307 1681 1357 Nam

151 1393 276 1455 ipse
299 1405 398 1456 pro
423 1390 610 1459 Iudeis
645 1392 948 1444 falsissime
984 1392 1239 1458 scripsit,
1274 1392 1681 1458 Pepericornus

151 1479 343 1527 autem
377 1491 506 1528 vere
545 1481 740 1530 contra
761 1477 981 1546 Iudeos.
1047 1468 1100 1527 (l
1132 1478 1385 1528 Decimo.
1420 1477 1683 1528 mentitur

148 1563 390 1612 Ioannes
411 1562 688 1614 Reuchlin
721 1578 808 1614 me
843 1562 1057 1614 lanium
1091 1563 1268 1614 fuisse
1292 1563 1441 1614 inter
1462 1561 1679 1629 Ιιιᾶᾳοει.

151 1645 302 1710 quod
347 1647 396 1694 si
439 1647 523 1696 ita
569 1651 750 1710 esset,
797 1663 908 1698 non
951 1651 1145 1698 tamen
1189 1661 1291 1711 ego
1338 1647 1405 1696 ob
1444 1645 1681 1712 idipsum

152 1729 614 1781 contemnendus:
651 1731 852 1782 beatus
887 1732 1036 1783 enim
1058 1732 1258 1782 Petrus
1293 1731 1540 1794 piscator
1574 1731 1683 1780 fuit

152 1817 214 1862 et
247 1814 422 1863 ceteri
459 1814 701 1878 apostoli
735 1817 1047 1880 piscatores
1080 1815 1175 1866 vel
1208 1815 1429 1866 omnino
1453 1813 1679 1864 indocti.

157 1887 211 1945 (I
258 1896 581 1948 Undecimo.
637 1913 747 1950 11011
795 1904 881 1950 est
925 1901 1169 1952 fortasse
1212 1898 1409 1950 melior
1454 1899 1679 1964 Peperi-

155 1996 324 2032 corno
369 1981 610 2032 Ioannes
653 1982 926 2034 Reuchlin
976 1985 1107 2046 quia
1151 1983 1347 2035 doctus
1392 1983 1533 2032 Nam
1588 1982 1678 2033 do-

157 2067 396 2118 ctissimi
431 2081 564 2132 sepe
600 2066 708 2117 viri
747 2070 802 2116 et
838 2071 1163 2132 arrogantes
1200 2072 1329 2118 sunt
1355 2071 1411 2118 et
1434 2066 1679 2133 pessimi.

155 2153 280 2202 Non
337 2153 521 2216 arguit
576 2150 832 2202 doctrina
890 2152 1254 2218 probitatem,
1316 2152 1491 2217 quod‘
1517 2167 1682 2216 quam

152 2238 230 2288 sit
273 2235 745 2303 verum'heretici
791 2251 979 2288 omnes
1026 2237 1265 2302 probant
1320 2239 1414 2302 qui
1469 2253 1683 2302 semper

150 2321 464 2372 doctissimi
496 2321 671 2370 fuere.
734 2312 787 2370 (I
809 2320 1151 2374 Duodecimo
1189 2321 1249 2372 Si
1284 2321 1351 2372 de
1387 2320 1681 2372 nobilitate

151 2408 376 2474 generis
413 2410 500 2456 est
534 2405 952 2470 disputandum,
984 2421 1095 2472 ego
1132 2421 1200 2457 ex
1236 2405 1510 2456 laudabili
1536 2405 1683 2455 tribu

150 2493 437 2558 Neptalim
493 2491 741 2558 genitus,
799 2507 910 2558 qua
963 2507 1097 2542 vero
1140 2490 1417 2543 Reuchlin
1470 2491 1682 2555 ignoro.

121 2579 276 2636 ,Hoc
313 2581 500 2630 antem
535 2593 604 2628 ex
651 2578 780 2629 aliis
827 2577 1019 2629 audivi
1063 2580 1279 2643 patrem
1324 2577 1501 2640 ipsius
1546 2591 1681 2641 pau-

153 2662 439 2727 perculum
475 2663 650 2713 fuisse
687 2668 744 2714 et
779 2665 1133 2728 antiquarum
1172 2661 1480 2726 caligarum
1502 2675 1681 2710 resar-

156 2750 482 2800 cinatorem.
559 2739 612 2797 (I
645 2749 946 2802 Postremo.
1009 2764 1111 2815 ego
1148 2749 1383 2813 probavi
1417 2745 1681 2798 Ioannem
