1942 3109
269 166 288 195 1

281 248 318 291 6.
346 250 630 289 consul
657 247 916 287 nourr.
955 244 997 289 7.
1020 248 1263 285 Διηιιτι
1288 248 1574 285 Acvricis.
1616 232 1713 285 179

165 358 340 408 habet
384 357 478 406 hie
529 354 776 405 Causam
817 354 946 405 fidei
992 358 1184 405 contra
1224 369 1393 405 unum
1446 354 1711 405 Iun-istam

162 443 520 511 secularem'.
605 441 770 489 Tunc
823 438 1109 491 Curtisani
1155 439 1533 491 laudaverunt
1586 454 1709 500 Qum

163 532 224 578 et
267 543 406 595 sepe
453 526 726 575 dixerunt
765 524 921 575 mihi:
969 524 1224 577 ‘Domine
1263 524 1517 589 Corneli,
1566 540 1707 575 com·

163 611 426 663 mendate
469 626 562 661 me
613 610 744 659 huic
789 610 1028 663 notabili
1071 610 1391 676 Theologo'.
1462 610 1709 659 Protune

161 698 364 748 habuit
395 697 682 757 fautores,
722 698 780 745 et
803 693 989 746 Causa
1012 710 1117 745 aua
1141 695 1285 747 bene
1310 696 1491 745 stetit.
1548 694 1711 745 Nunc

166 786 360 833 autem
405 780 804 843 derelinquitis
851 796 975 830 eum
1010 795 1121 831 non
1156 782 1447 830 mittentes
1482 779 1537 829 ei
1572 778 1713 829 satis

164 867 234 917 de
279 866 546 931 pecunia.
619 864 738 930 Ego
785 865 958 915 semel
1004 865 1088 915 fui
1132 866 1191 915 in
1227 863 1464 916 Camera
1508 864 1707 930 ipsius,

165 956 302 1001 tunc
327 949 446 1001 vidi
477 950 560 1001 ibi
595 950 784 1000 iacere
825 964 1065 1015 cappam
1098 964 1283 1013 suam,
1316 954 1377 999 et
1408 948 1525 999 vidi
1560 948 1711 1012 quod

167 1038 282 1087 fuit
325 1037 498 1100 plena
540 1034 940 1100 pediculorum.
1024 1033 1099 1083 Et
1152 1033 1271 1099 ipse
1316 1032 1515 1085 videns
1561 1032 1710 1097 quod

181 1136 286 1185 ego
331 1119 478 1182 vidi,
518 1119 790 1185 allegavit
835 1120 1175 1183 scripturam
1219 1118 1413 1167 dicens
1467 1117 1711 1167 ‘Anima-

179 1204 262 1254 lia
299 1208 400 1253 tua
434 1203 766 1255 habitabunt
799 1205 858 1254 in
907 1218 1007 1253 ea:
1050 1203 1269 1267 parasti
1314 1203 1373 1253 in
1416 1200 1707 1253 dulcedine

171 1293 271 1340 tua
306 1290 572 1354 pauperi,
611 1288 784 1339 deus'.
844 1288 920 1337 Et
953 1287 1155 1339 iterum
1190 1288 1333 1339 dixit
1368 1286 1703 1340 ‘Tabescere

167 1390 256 1425 me
304 1373 448 1423 fecit
484 1374 635 1423 zelus
671 1373 860 1423 meus'.
931 1372 1053 1439 Ego
1088 1378 1277 1425 autem
1312 1388 1382 1423 ex
1418 1373 1703 1424 commise-

165 1459 388 1509 ratione
425 1458 574 1508 flevi.
642 1457 877 1508 Debetis
923 1472 1056 1523 ergo
1104 1472 1228 1508 esse
1276 1472 1375 1521 pro
1417 1472 1511 1521 ec,
1558 1455 1707 1521 quod

163 1549 358 1594 tamen
393 1544 602 1593 fratres
637 1539 1017 1609 predicatores
1052 1542 1279 1591 mittant
1314 1544 1367 1592 ei
1386 1543 1699 1608 pecuniam.

164 1630 228 1679 Si
262 1628 464 1678 dicunt
499 1626 646 1691 quod
681 1642 791 1677 non
839 1627 1077 1691 habent,
1122 1632 1260 1677 tunc
1304 1626 1529 1678 dicatis·
1556 1626 1703 1689 quod

161 1713 462 1779 accipiant
506 1711 574 1762 de
623 1710 754 1774 illa,
809 1726 977 1775 quam
1022 1712 1367 1777 collegerunt
1410 1728 1477 1761 ex
1522 1710 1707 1761 indul·

159 1798 405 1863 gentiis:
453 1796 592 1859 quia
627 1800 714 1845 est
751 1811 922 1847 causa
957 1795 1111 1861 fidei,
1160 1800 1217 1848 et
1259 1812 1367 1863 que
1404 1796 1703 1859 impetran-

159 1887 256 1933 tur
299 1882 362 1931 in
407 1880 514 1931 illa
563 1895 765 1944 causa,
823 1883 1195 1947 impetrantur
1247 1896 1349 1946 pro
1394 1877 1499 1931 fide
1547 1877 1705 1929 Chri·

157 1968 372 2017 stiana.
446 1965 668 2016 Valete.
739 1966 948 2016 Datum
982 1965 1253 2033 Auguste.

908 2216 962 2275 7.

305 2341 356 2401 ([
400 2337 708 2402 Frater
755 2334 1150 2400 Albertus
1195 2334 1572 2401 Acuficis

457 2439 796 2505 Magistro
834 2439 1125 2491 Ortvino
1163 2438 1406 2491 Gratio

796 2522 1065 2575 Salutem.

259 2644 635 2699 Honorabilis
669 2646 782 2705 vir,
819 2657 997 2706 nuper
1030 2642 1187 2693 venit
1221 2641 1329 2691 huc
1352 2658 1467 2692 una
1488 2644 1705 2697 littera,

163 2746 198 2779 a
241 2731 628 2782 dominatione
674 2730 867 2777 vestra
913 2724 1053 2773 mihi
1096 2722 1401 2773 destinata.
1472 2721 1551 2767 Et
1587 2729 1711 2761 cum

1299 2800 1398 2849 12*
