1942 3109
339 206 412 249 21.
435 210 710 247 manuus
735 210 979 249 ΗΟΒΟΟΤ.
1014 208 1081 251 22.
1106 212 1301 251 100001
1326 214 1575 253 utnon.
1628 200 1731 253 233

201 313 272 364 de
321 313 628 365 sodalitate
683 321 878 367 nostra
929 331 1095 381 qnam
1148 318 1437 372 habuimus
1488 320 1729 373 invicem

202 414 326 448 cum
357 400 612 451 stetimus
639 400 968 469 Deventrie.
1014 402 1163 467 Ergo
1192 418 1367 468 nuper
1390 404 1487 456 ille
1506 406 1729 457 Beanus

197 484 434 535 veniens
460 483 570 533 huc
605 488 664 534 et
695 488 920 548 portans
951 486 1089 535 mihi
1114 486 1253 536 illud
1278 492 1523 539 vestrum
1550 490 1726 541 dicta-

194 584 324 617 men
371 567 516 617 dixit
563 566 710 631 quod
752 567 970 619 dixistis
1018 570 1072 619 ei
1117 569 1185 620 ιΟ
1230 570 1327 621 ille
1363 571 1595 623 Iodocus
1629 589 1730 639 pro

194 667 347 702 nunc
384 656 476 702 est
507 653 570 701 in
605 652 790 716 patria
826 657 882 703 et
914 653 1091 703 hebet
1128 654 1303 705 bonos
1348 655 1471 705 dies
1518 662 1575 706 et
1616 672 1727 707 non

195 741 362 787 curat
393 750 496 802 pro
531 738 656 786 me’.
724 736 844 802 Ego
889 737 1197 803 respondeo
1246 738 1389 802 quod
1436 740 1575 790 nihil
1624 744 1727 791 est.

193 823 344 884 Quia
379 836 493 871 non
529 836 650 870 sum
693 820 761 869 de
809 820 1049 886 talibus,
1096 828 1153 873 et
1196 822 1377 873 adhuc
1422 824 1565 875 bene
1609 826 1727 875 scio

191 904 470 968 quomodo
524 918 741 968 semper
789 905 1097 972 Deventrie
1154 907 1460 971 scripsistis
1511 908 1583 959 sd
1627 925 1725 974 pa-

189 990 423 1039 rietem:

259 1074 374 1137 Qui
420 1073 618 1138 procul
664 1076 752 1123 est
797 1074 1006 1136 oculis,
1110 1074 1305 1138 procul
1352 1078 1439 1125 est
1474 1090 1507 1124 a
1544 1075 1725 1126 cordis

1007 1158 1233 1208 lumine.

185 1242 264 1291 Et
297 1256 400 1307 per
445 1239 636 1305 deum,
681 1241 808 1291 heri
855 1242 1080 1305 quando
1124 1242 1327 1293 fuimus
1372 1242 1429 1293 in
1468 1240 1621 1296 Cena
1668 1248 1726 1294 et

187 1327 490 1379 habuimus
536 1325 603 1375 de
647 1325 764 1375 illis
809 1326 1059 1391 piscibus
1102 1326 1169 1378 de
1214 1328 1401 1392 patris
1444 1344 1573 1379 mes
1628 1328 1727 1391 qui

184 1414 470 1462 vocantur
501 1408 666 1474 Amq,
715 1409 848 1473 qnia
891 1414 1057 1474 pater
1098 1426 1253 1461 meus
1288 1411 1535 1474 portavit
1568 1412 1723 1474 mihi,

185 1499 326 1545 tunc
363 1492 562 1559 optavi
595 1506 696 1544 vos
741 1496 800 1543 et
843 1492 985 1543 dixi:
1033 1494 1100 1544 ‘O
1146 1496 1195 1543 si
1230 1494 1503 1559 Mag-ister
1536 1494 1723 1547 Ortvi·

185 1594 292 1629 nus
329 1577 564 1628 deberet
599 1590 724 1626 esse
760 1592 987 1645 presens
1026 1583 1083 1628 et
1108 1577 1393 1629 comedere
1418 1578 1485 1630 de
1510 1579 1723 1630 talibus

183 1664 470 1727 piscibus,
523 1664 659 1709 tunc
713 1676 808 1710 cor
859 1660 1089 1712 deberet
1136 1662 1273 1711 mihi
1322 1662 1529 1728 letari'.
1614 1662 1723 1711 Re·

183 1745 416 1813 spondit
467 1748 634 1809 peter
685 1760 840 1795 meus
897 1744 1057 1807 ‘Quis
1114 1748 1201 1794 est
1244 1745 1351 1795 iste
1398 1746 1721 1797 Ortvinus‘P

183 1836 328 1881 tunc
374 1828 491 1878 dixi
535 1828 590 1879 ei
633 1828 778 1892 quod
827 1830 964 1879 estis
1012 1829 1197 1878 socius
1233 1843 1389 1879 meus
1426 1830 1721 1893 antiquus,

188 1918 249 1964 et
283 1913 476 1963 fuistis
509 1926 724 1963 mecum
759 1913 1099 1978 Deventrie‚
1148 1916 1205 1962 et
1240 1912 1461 1977 quando
1499 1928 1602 1978 ego
1639 1914 1722 1963 fui

187 2012 386 2049 secum
431 1995 604 2061 domi,
650 1998 762 2047 Vos
807 1998 1003 2046 fuistis
1050 1996 1375 2060 primax-insa
1422 2001 1479 2045 et
1522 2002 1721 2061 postes

183 2086 244 2132 in
277 2082 652 2133 universitate
680 2079 1003 2131 Coloniensi
1024 2079 1217 2129 fuistis
1242 2078 1525 2144 depositor
1546 2094 1721 2142 meus,

187 2165 414 2230 quando
439 2164 673 2229 deposui
693 2165 983 2229 besnium,
1010 2163 1143 2226 quis
1166 2176 1267 2213 vos
1290 2163 1525 2214 venistis
1544 2158 1719 2213 'unum

187 2264 398 2300 annum
445 2250 576 2298 ante
623 2264 710 2299 me
758 2247 828 2298 sd
876 2247 1191 2310 Coloniam,
1240 2250 1299 2297 et
1341 2252 1539 2311 postes
1584 2250 1721 2299 steti

183 2335 478 2386 vobiscum
501 2345 682 2395 usque
718 2331 788 2382 ad
823 2330 1053 2397 gradum
1088 2330 1555 2381 bacalaureatus=
1590 2340 1719 2381 tunc

183 2434 286 2470 vos
323 2416 637 2480 accepistis
669 2417 1072 2480 magisterium.
1145 2412 1254 2463 Sed
1298 2428 1401 2477 ego
1436 2420 1717 2479 promotus

185 2504 245 2552 in
289 2499 649 2553 bacularinm
692 2499 760 2550 de
797 2500 987 2563 grstia.
1020 2498 1113 2548 dei
1145 2497 1355 2547 recessi
1392 2495 1462 2545 sd
1496 2499 1717 2549 univer-

183 2589 420 2637 sitatem
465 2572 1043 2647 Wittenpergensetnz
1096 2584 1231 2631 tunc
1274 2580 1359 2631 fui
1402 2580 1718 2644 scholiregs

185 2668 482 2721 hincinde:
519 2673 576 2719 et
611 2668 696 2719 sic
731 2682 842 2717 non
877 2664 995 2717 vidi
1026 2678 1146 2717 vos.
1204 2663 1281 2710 Et
1314 2662 1435 2711 dixi
1470 2664 1523 2710 ei
1545 2662 1719 2710 multa
