1942 3109
273 234 344 286 70
531 247 822 284 umerorum
859 247 1229 286 onscvnonvn
1264 247 1535 284 vmonvu.

271 357 438 424 poeta
483 355 579 419 qui
621 359 854 406 vocatus
902 355 1012 405 fuit
1048 353 1298 406 Samuel:
1346 359 1402 406 et
1434 371 1583 406 nunc
1616 355 1803 408 solum

271 443 331 495 in
365 443 480 492 ista
521 441 751 492 civitate
787 445 918 491 sunt
951 441 1093 493 bene
1117 441 1337 507 viginti,
1376 446 1431 492 et
1452 445 1663 492 vexant
1696 459 1803 494 nos

274 543 464 580 omnes
509 526 606 590 qui
649 530 897 576 tenemus
945 541 1069 576 cum
1115 527 1376 590 antiquis.
1454 527 1577 593 Ego
1618 543 1804 593 nuper

275 612 504 664 realiter
537 610 797 677 expedivi
829 626 999 662 unum
1034 613 1133 677 qui
1166 611 1307 664 dixit
1342 611 1487 676 quod
1520 612 1803 664 scholaris

275 715 388 750 non
441 697 723 764 significat
775 713 1069 763 personam
1115 698 1213 761 qui
1256 697 1413 748 vadit
1458 697 1529 748 ad
1572 697 1804 750 scholas

276 782 528 834 discendi
563 767 756 847 causa,
793 786 851 833 et
883 781 1029 832 dixi:
1069 781 1265 846 ‘asine,
1298 783 1386 834 vis
1422 787 1485 834 tu
1520 784 1803 849 corrigere

272 867 552 920 doctorem
599 871 854 918 sanctum
899 868 997 932 qui
1040 869 1196 933 ponit
1238 868 1403 919 istam
1448 868 1801 922 dictionem?

272 955 480 1005 Postea
515 953 740 1019 scripsit
773 953 892 1018 ipse
927 969 1096 1004 unam
1128 954 1467 1006 invectivam
1503 954 1574 1005 ad
1596 971 1704 1019 me,
1740 960 1805 1008 et

275 1039 462 1104 posuit
503 1039 679 1089 multa
723 1039 1085 1104 opprobriosa
1126 1038 1307 1102 dicta,
1368 1043 1425 1090 et
1468 1039 1610 1089 dixit
1654 1041 1804 1103 quod

274 1139 385 1176 non
441 1140 562 1176 sum
612 1124 1005 1189 grammaticus
1049 1124 1252 1188 bonne,
1314 1125 1447 1190 quia
1488 1141 1599 1176 non
1645 1131 1803 1177 recte

277 1211 508 1275 exposui
529 1211 642 1260 ista
666 1210 945 1262 vocabula
971 1208 1191 1275 quando
1214 1210 1529 1274 practicavi
1544 1211 1604 1260 in
1620 1212 1803 1276 prima

275 1299 431 1361 parte
477 1293 809 1359 Alexandri,
859 1297 916 1344 et
960 1295 1020 1343 in
1065 1293 1209 1345 libro
1254 1294 1319 1345 de
1365 1293 1545 1346 Modis
1590 1296 1802 1362 signifi·

278 1378 458 1430 candi.
527 1379 603 1430 Et
646 1379 776 1431 volo
822 1379 983 1430 vobis
1031 1380 1277 1430 scribere
1324 1380 1634 1434 formaliter
1666 1381 1805 1434 illos

276 1460 567 1528 terminos,
607 1463 751 1528 quod
785 1463 999 1516 debetis
1034 1463 1227 1516 videre
1265 1464 1411 1529 quod
1444 1470 1595 1518 recte
1632 1482 1805 1532 expo-

273 1551 390 1614 sui,
435 1547 736 1600 secundum
783 1564 972 1600 omnes
1017 1550 1440 1614 vocabulari08‚
1486 1554 1543 1602 et
1576 1551 1658 1602 -ad
1693 1553 1805 1604 hoc

273 1649 495 1700 possum
551 1633 799 1700 allegare
847 1634 1163 1686 autenticos
1210 1639 1461 1700 autores,
1522 1636 1693 1686 etiam
1738 1638 1804 1688 in

277 1721 602 1786 Theologia.
683 1719 758 1768 Et
817 1719 993 1784 primo
1052 1719 1195 1770 dixi:
1257 1718 1435 1770 ‘Seria
1494 1720 1804 1784 aliquando

273 1805 554 1872 significat
600 1803 796 1870 ollam,
845 1807 900 1854 et
943 1807 1077 1854 tunc
1114 1799 1389 1855 dicitur'a
1426 1804 1615 1870 Syria,
1662 1808 1807 1871 quia

271 1893 330 1941 in
375 1891 482 1941 tali
522 1890 814 1955 provincia
847 1890 1023 1956 primo
1058 1889 1215 1940 facta
1249 1894 1361 1952 est3
1400 1890 1567 1941 etiam
1603 1895 1796 1956 potest

274 1976 386 2026 dici
423 1991 457 2026 a
493 1975 675 2039 seriis,
715 1975 848 2040 quia
886 1979 972 2025 est
1005 1975 1164 2026 utilis
1214 1979 1269 2025 et
1314 1977 1665 2039 necessaria3
1702 1978 1802 2029 vel

275 2077 309 2112 a
344 2061 507 2124 serie,
543 2057 600 2109 id
638 2063 723 2110 est
758 2059 947 2110 ordine
982 2058 1057 2109 fit.
1128 2059 1268 2110 Item
1291 2060 1516 2112 Patritii
1538 2059 1805 2114 dicuntur

273 2151 462 2213 patres
509 2148 844 2196 senatorum.
917 2144 1059 2196 Item
1094 2159 1287 2196 currus
1336 2145 1539 2196 dicitur
1584 2163 1622 2198 a
1671 2163 1800 2200 cur-

272 2231 460 2296 rendo,
497 2231 632 2296 quia
657 2246 755 2295 per
792 2245 916 2282 eum
955 2234 1183 2302 currunt
1217 2231 1484 2282 interiora
1520 2231 1590 2281 ad
1616 2238 1796 2286 extra.

273 2317 414 2368 Item
448 2317 555 2382 iuS,
592 2316 746 2380 iuris,
783 2313 1067 2382 significat
1101 2314 1400 2379 iustitiam3
1438 2316 1534 2367 sed
1569 2318 1675 2382 iuS,
1714 2319 1801 2369 iu·

272 2403 376 2466 tis,
415 2401 694 2469 significat
727 2402 1005 2468 prodium:
1042 2399 1185 2451 unde
1220 2417 1443 2452 versus:

342 2488 455 2552 Ius,
493 2490 646 2554 iutis,
681 2486 912 2551 mand0;
948 2489 1055 2552 ius,
1080 2487 1240 2551 iuris,
1262 2487 1322 2537 in
1348 2488 1566 2552 agmine
1590 2489 1801 2552 pando.

273 2574 413 2626 Item
456 2576 645 2626 Lucar
695 2572 976 2640 significat
1018 2572 1311 2638 pecuniam
1356 2560 1462 2640 que
1508 2572 1804 2640 colligitur

275 2676 344 2711 ex
378 2661 504 2712 luco
539 2659 632 2711 vel
669 2675 736 2710 ex
769 2658 950 2724 sylva.
1020 2658 1163 2710 Item
1184 2656 1487 2710 mantellus
1512 2659 1803 2725 significat

271 2746 538 2810 pallium,
575 2750 633 2796 et
665 2743 793 2796 inde
830 2745 987 2795 venit
1014 2743 1402 2798 diminutivum
1436 2745 1801 2800 manticulas.
