1942 3109
326 237 429 295 324
496 249 963 289 autumnoue
1001 247 1311 285 onscvaon.
1337 246 1667 281 nssvcnmu.
1695 244 1840 281 nom.

1669 364 1692 391 Χ

374 461 425 521 11
469 454 990 537 Querimonia
1031 451 1234 515 fidei
1277 450 1378 514 ad
1423 450 1811 514 obscuros

774 553 1408 619 Reuchlinistas.

402 679 550 732 Gens
586 677 812 728 inimica
846 674 955 740 dei,
992 690 1098 743 que
1135 678 1190 725 te
1225 674 1462 725 vesania
1499 676 1766 738 torquet?

474 764 610 827 Quis
677 750 832 813 fui-or
897 775 1073 825 usque
1129 758 1268 810 adeo
1337 756 1511 809 corda
1579 758 1838 824 prophana

873 847 1054 911 rapit?

416 933 693 1000 spargitis
728 932 786 982 in
823 931 1032 982 Christi
1065 929 1304 981 famulos
1339 928 1634 979 Mavortia
1669 928 1794 990 tela,

290 1026 315 1067 4
474 1017 714 1069 Nectitis
751 1019 810 1068 et
842 1016 944 1066 leti
977 1016 1122 1066 retia
1157 1030 1294 1081 seva
1327 1014 1524 1063 trucis.

410 1102 554 1167 Quid
588 1103 749 1153 iuvat
794 1101 1043 1151 insontes
1079 1100 1164 1149 sic
1187 1099 1371 1148 Marte
1408 1098 1692 1149 lacessere
1727 1097 1841 1145 duro

476 1186 895 1251 christigenae?
956 1183 1091 1248 quid
1119 1183 1208 1233 sic
1241 1197 1342 1232 nos
1377 1183 1634 1248 iugulare
1667 1181 1842 1231 iuvat}

410 1275 523 1324 Vos
560 1270 747 1321 colitis
784 1284 983 1336 spurce
1019 1271 1173 1335 secte
1207 1266 1452 1318 ludibria
1489 1267 1679 1330 Tul-ei,

294 1364 321 1403 8
479 1358 807 1406 Tartareum
846 1354 1032 1404 colitis
1070 1355 1126 1403 et
1161 1352 1280 1401 sine
1315 1366 1503 1402 merce
1541 1352 1749 1401 Iovem.

413 1442 563 1491 Tura
598 1439 745 1489 datis
781 1438 1037 1489 manibus
1059 1438 1182 1487 Diti
1214 1452 1325 1487 non
1357 1436 1513 1485 iusta
1549 1436 1836 1502 prophanis.

476 1522 661 1585 Atque
695 1526 895 1572 vorant
927 1522 1101 1587 stygii
1131 1521 1340 1585 Turpia
1374 1519 1497 1570 liba
1537 1535 1734 1571 canes.

410 1606 669 1673 Ecclesie
704 1620 924 1656 sacram
957 1605 1134 1655 nolite
1170 1606 1447 1656 lacessere
1483 1604 1704 1669 sedem,

296 1702 345 1743 12
478 1691 643 1741 Hanc
680 1689 931 1740 Christus
968 1691 1187 1753 statuit,
1223 1690 1330 1756 hec
1363 1690 1484 1739 sine
1523 1688 1644 1740 fine
1680 1689 1838 1740 manet.

412 1776 614 1827 Pellite
649 1775 994 1838 barbaricos,
1029 1789 1128 1825 vos
1163 1774 1390 1836 Thurci,
1427 1787 1606 1841 queso
1647 1775 1845 1825 furora

482 1861 771 1923 Nosseque
808 1873 1118 1925 supremum
1155 1856 1357 1909 discite
1394 1872 1570 1923 queso
1607 1858 1784 1909 deum.

416 1945 570 1995 Heus
603 1946 821 1995 vestros
858 1943 1069 1992 animos
1106 1940 1324 1992 seducit
1345 1941 1560 2007 pseudo
1579 1944 1850 2008 propheta.

300 2038 348 2081 16
486 2031 659 2091 Quem
694 2025 1113 2092 phlegethontei
1145 2026 1380 2091 gurgitis
1417 2025 1570 2076 unda
1599 2032 1784 2077 vorat.

416 2113 579 2165 Vana
612 2110 745 2161 fides
768 2114 957 2163 vestra
992 2115 1094 2174 est,
1118 2126 1229 2160 non
1264 2114 1350 2161 est
1372 2111 1595 2161 ratione
1621 2112 1857 2177 probata.

487 2194 763 2246 Adversus
801 2211 1064 2245 summum
1100 2198 1312 2260 pugnat
1346 2194 1546 2257 iniqua
1579 2194 1789 2248 Iovem.

422 2278 653 2342 Sculpta
699 2276 839 2328 nihil
872 2282 1088 2329 vestros
1132 2282 1362 2344 possunt
1405 2279 1757 2331 simulachra
1799 2283 1857 2329 iu-

888 2378 1024 2414 vare

302 2464 351 2503 20
489 2449 748 2513 Optatus,
784 2446 927 2497 nihil
962 2450 1020 2497 et
1053 2447 1228 2497 stulta
1263 2446 1594 2497 ministeria.

424 2644 468 2677 ¹³
502 2646 656 2709 stigii
692 2649 739 2696 1.
882 2646 920 2677 ¹⁶
957 2648 1120 2711 queso
1145 2650 1195 2697 2.
1334 2645 1376 2677 ¹⁹
1410 2646 1854 2714 phlegetonteiss.

352 2708 397 2741 ²²
434 2718 672 2779 quattuor
693 2726 868 2765 versus
892 2712 1127 2778 Sculpta
1153 2750 1164 2765 .
1181 2748 1220 2767 ..
1249 2713 1354 2769 dei.
1381 2715 1526 2771 omis.
1553 2720 1606 2771 2.
