1942 3109
283 239 352 291 90
423 255 804 294 rursmcomu
829 257 1299 295 nunnus.conrm
1326 257 1795 302 nuos.o.v.1n›r.

285 361 630 413 medicinam.
690 365 857 414 miror
899 364 1071 429 igitur
1106 378 1276 428 quare
1312 379 1528 414 sacram
1566 370 1791 434 scriptu-

284 464 402 499 ram
447 449 670 499 sinistre
717 465 752 498 a
796 464 856 499 se
903 449 1211 514 allegatam
1256 464 1365 500 non
1412 454 1711 504 commutet
1743 457 1796 506 in

283 534 501 585 melius.
563 535 837 599 mirorque
868 534 1105 599 amplius
1142 549 1313 598 quare
1339 549 1399 585 se
1426 535 1531 584 tali
1556 551 1625 586 ac
1648 543 1794 590 tanto

285 619 412 672 fidei
447 621 682 686 negocio
717 623 833 669 tam
867 620 985 670 late
1020 622 1244 684 tamque
1282 622 1611 685 arroganter
1632 623 1797 674 inter-

284 707 558 770 posuerit,
609 709 665 756 et
709 705 822 754 iam
870 704 1148 769 pertinaci
1186 704 1369 754 animo
1410 702 1492 767 (id
1526 707 1661 770 quod
1693 708 1794 775 he-

285 792 582 842 reticorum
609 789 716 854 est)
754 793 837 839 tot
869 787 1333 839 universitatibus
1372 791 1541 839 reniti
1578 790 1792 842 audeat.

287 873 396 924 Sed
431 873 572 924 fecit
605 875 783 924 bonus
820 875 942 937 ipse
967 875 1055 924 vir
1077 872 1317 924 Ioannes
1340 873 1621 925 Reuchlin
1656 877 1789 940 quod

285 957 474 1024 plures
512 958 614 1009 alii
648 960 930 1023 fecerum,
982 961 1079 1023 qui
1123 958 1355 1009 aliorum
1392 959 1673 1011 hominum
1704 977 1792 1012 ne-

286 1058 451 1107 quam
497 1046 742 1094 sinistris
787 1044 1243 1110 persuasionibus
1290 1043 1511 1110 decepti
1556 1061 1615 1096 se
1652 1049 1797 1112 ipsos

283 1129 498 1179 incauti
532 1129 906 1194 perdiderunt.

390 1205 443 1263 (I
488 1215 913 1278 Decimoquinto
972 1213 1171 1264 scribit
1226 1228 1287 1262 se
1346 1213 1551 1264 habere
1606 1230 1805 1279 puram

288 1301 688 1352 conscientiam
723 1303 780 1350 et
815 1301 997 1350 omnia
1036 1297 1257 1348 credere
1283 1313 1391 1365 que
1418 1297 1661 1349 ecclesia
1688 1315 1806 1351 cre·

287 1386 369 1435 dit
407 1388 481 1436 ‚et
504 1400 551 1434 c.
621 1383 774 1434 Nihil
833 1387 920 1434 est
976 1383 1082 1432 hoc
1139 1381 1355 1446 dicere,
1416 1381 1702 1434 dummodo
1756 1389 1809 1436 et

288 1470 500 1532 scripta
537 1473 593 1517 et
627 1469 800 1517 verba
837 1469 1176 1518 contrarium
1198 1468 1451 1532 probent.
1512 1465 1637 1517 Scit
1662 1471 1801 1519 enim

289 1554 410 1618 ipse
448 1565 554 1618 que
591 1551 880 1616 scripserit
913 1551 1177 1616 religioso
1214 1553 1363 1617 patri
1396 1552 1665 1616 magistro
1697 1567 1798 1602 no-

285 1641 402 1687 stro
429 1634 681 1685 Conrado
719 1635 890 1685 Koliu
924 1634 1178 1686 Ulmensi
1218 1653 1287 1686 .x.
1315 1637 1430 1686 kal.
1456 1637 1624 1688 Febr.
1652 1638 1807 1688 Anno

287 1722 561 1771 .M.D.xr1.
589 1718 734 1786 quod
769 1721 991 1772 scilicet
1024 1722 1196 1772 verba
1231 1721 1473 1772 debeant
1524 1721 1807 1774 deservire

287 1807 602 1858 intentioni.
675 1805 738 1856 Si
789 1807 958 1871 igitur
1012 1806 1145 1854 talis
1192 1807 1303 1854 fuit
1344 1806 1520 1870 ipsius
1572 1807 1811 1858 intem-’10

291 1896 346 1943 et
383 1891 564 1941 adhuc
603 1893 705 1954 est,
743 1890 936 1953 qualia
971 1894 1103 1940 sunt
1137 1891 1257 1940 eius
1292 1890 1505 1954 scripta
1532 1895 1591 1940 et
1614 1893 1819 1955 verbs,

289 1978 594 2046 hereticum
639 1975 1003 2042 proculdubio
1049 1976 1229 2041 ipsum
1264 1989 1387 2024 esse
1422 1973 1683 2026 dicamus
1721 1993 1822 2026 ne-

292 2079 448 2114 cesse
487 2067 590 2113 est.
664 2064 720 2111 et
766 2060 823 2110 id
867 2075 1058 2112 verum
1095 2076 1217 2111 esse
1254 2056 1555 2109 multarum
1588 2059 1831 2109 univer-

290 2150 518 2199 sitatum
553 2145 874 2196 testimonia
909 2147 1166 2210 probant.

398 2222 450 2278 ([
483 2228 714 2278 Decimo
749 2231 925 2276 sexto.
990 2228 1129 2277 Orat
1162 2227 1446 2278 humiliter
1480 2229 1837 2291 mag-istrum

293 2319 565 2376 nostrum,
601 2315 664 2362 ut
700 2327 910 2362 errores
945 2311 1184 2379 heretici
1216 2311 1328 2362 sibi
1348 2313 1405 2362 in
1430 2312 1663 2376 scrIptis
1689 2318 1842 2364 mit-

293 2403 498 2451 tantur.
570 2397 781 2448 Adiicit
825 2411 1045 2462 quoque
1094 2396 1297 2448 Canteiz
1339 2398 1475 2447 mihi
1518 2394 1723 2462 gallus
1792 2403 1847 2449 et

289 2486 430 2534 flebo
471 2487 544 2532 ‚et
570 2498 616 2531 c.
645 2498 712 2532 ac
749 2484 798 2532 si
845 2482 1059 2534 diceret
1098 2483 1235 2532 Cum
1280 2483 1413 2532 mihi
1459 2482 1587 2532 loca
1640 2484 1847 2533 mani-

292 2568 506 2615 festata
541 2567 752 2615 fuerint
785 2567 845 2616 in
891 2569 1093 2631 quibus
1140 2567 1350 2630 erravi,
1398 2569 1529 2614 tunc
1576 2571 1851 2627 paratus

297 2664 387 2698 ero
427 2649 610 2698 omnia
647 2664 928 2701 revocare.
992 2648 1100 2700 Sed

373 2735 618 2782 astutam
652 2733 855 2796 vapido
891 2735 1039 2798 gerit
1074 2735 1176 2784 sub
1212 2735 1439 2798 pectore
1475 2731 1751 2796 vulpem.
