<?xml version="1.0" encoding="UTF-8"?>
<!DOCTYPE html PUBLIC "-//W3C//DTD XHTML 1.0 Transitional//EN"
    "http://www.w3.org/TR/xhtml1/DTD/xhtml1-transitional.dtd">
<html xmlns="http://www.w3.org/1999/xhtml" xml:lang="en" lang="en">
 <head>
  <title>
</title>
<meta http-equiv="Content-Type" content="text/html;charset=utf-8" />
  <meta name='ocr-system' content='tesseract 3.04.00' />
  <meta name='ocr-capabilities' content='ocr_page ocr_carea ocr_par ocr_line ocrx_word'/>
</head>
<body>
  <div class='ocr_page' id='page_1' title='image "./epistolaeobscur00huttgoog_0805.png"; bbox 0 0 1942 3109; ppageno 0'>
   <div class='ocr_carea' id='block_1_1' title="bbox 300 202 1738 255">
    <p class='ocr_par' dir='ltr' id='par_1_1' title="bbox 300 202 1738 255">
     <span class='ocr_line' id='line_1_1' title="bbox 300 202 1738 255; baseline -0.006 0"><span class='ocrx_word' id='word_1_1' title='bbox 300 202 405 255; x_wconf 76' lang='lat'><strong>344</strong></span> <span class='ocrx_word' id='word_1_2' title='bbox 472 215 709 253; x_wconf 75' lang='lat' dir='ltr'><strong>oarvnn</strong></span> <span class='ocrx_word' id='word_1_3' title='bbox 748 212 946 253; x_wconf 64' lang='lat' dir='ltr'><strong>eas-ru</strong></span> <span class='ocrx_word' id='word_1_4' title='bbox 981 209 1262 249; x_wconf 63' lang='lat' dir='ltr'><strong>aaaron</strong></span> <span class='ocrx_word' id='word_1_5' title='bbox 1295 208 1738 249; x_wconf 57' lang='lat' dir='ltr'><strong>arenosas-1022.</strong></span> 
     </span>
    </p>
   </div>
   <div class='ocr_carea' id='block_1_2' title="bbox 302 316 1875 2746">
    <p class='ocr_par' dir='ltr' id='par_1_2' title="bbox 302 316 1875 2746">
     <span class='ocr_line' id='line_1_2' title="bbox 302 316 1859 385; baseline -0.01 -8"><span class='ocrx_word' id='word_1_6' title='bbox 302 338 443 377; x_wconf 78' lang='lat' dir='ltr'><strong>cum.</strong></span> <span class='ocrx_word' id='word_1_7' title='bbox 516 320 627 385; x_wconf 82' lang='lat' dir='ltr'><strong>Qui</strong></span> <span class='ocrx_word' id='word_1_8' title='bbox 658 318 844 370; x_wconf 85' lang='lat' dir='ltr'><strong>astitit</strong></span> <span class='ocrx_word' id='word_1_9' title='bbox 878 333 914 368; x_wconf 86' lang='lat' dir='ltr'><strong>a</strong></span> <span class='ocrx_word' id='word_1_10' title='bbox 948 316 1160 369; x_wconf 78' lang='lat' dir='ltr'><strong>dextris</strong></span> <span class='ocrx_word' id='word_1_11' title='bbox 1194 316 1490 381; x_wconf 85' lang='lat' dir='ltr'><strong>pauperis,</strong></span> <span class='ocrx_word' id='word_1_12' title='bbox 1527 319 1602 364; x_wconf 85' lang='lat' dir='ltr'><strong>ut</strong></span> <span class='ocrx_word' id='word_1_13' title='bbox 1639 316 1859 366; x_wconf 66' lang='lat' dir='ltr'><strong>salvam</strong></span> 
     </span>
     <span class='ocr_line' id='line_1_3' title="bbox 302 398 1834 471; baseline -0.007 -11"><span class='ocrx_word' id='word_1_14' title='bbox 302 408 522 460; x_wconf 80' lang='lat' dir='ltr'><strong>faceret</strong></span> <span class='ocrx_word' id='word_1_15' title='bbox 558 420 592 457; x_wconf 88' lang='lat' dir='ltr'><strong>a</strong></span> <span class='ocrx_word' id='word_1_16' title='bbox 627 402 1090 471; x_wconf 73' lang='lat' dir='ltr'><strong>persequentibus</strong></span> <span class='ocrx_word' id='word_1_17' title='bbox 1127 400 1372 450; x_wconf 86' lang='lat' dir='ltr'><strong>animam</strong></span> <span class='ocrx_word' id='word_1_18' title='bbox 1405 402 1648 451; x_wconf 85' lang='lat' dir='ltr'><strong>meam&#39;.</strong></span> <span class='ocrx_word' id='word_1_19' title='bbox 1697 398 1834 451; x_wconf 77' lang='lat' dir='ltr'><strong>Aliud</strong></span> 
     </span>
     <span class='ocr_line' id='line_1_4' title="bbox 304 482 1832 555; baseline -0.005 -12"><span class='ocrx_word' id='word_1_20' title='bbox 304 498 393 543; x_wconf 84' lang='lat' dir='ltr'><strong>est</strong></span> <span class='ocrx_word' id='word_1_21' title='bbox 438 490 581 541; x_wconf 85' lang='lat' dir='ltr'><strong>enim</strong></span> <span class='ocrx_word' id='word_1_22' title='bbox 637 488 705 541; x_wconf 85' lang='lat' dir='ltr'><strong>de</strong></span> <span class='ocrx_word' id='word_1_23' title='bbox 756 487 969 555; x_wconf 70' lang='lat' dir='ltr'><strong>heresi,</strong></span> <span class='ocrx_word' id='word_1_24' title='bbox 1030 483 1187 537; x_wconf 85' lang='lat' dir='ltr'><strong>aliud</strong></span> <span class='ocrx_word' id='word_1_25' title='bbox 1239 482 1312 533; x_wconf 85' lang='lat' dir='ltr'><strong>de</strong></span> <span class='ocrx_word' id='word_1_26' title='bbox 1367 484 1540 537; x_wconf 78' lang='lat' dir='ltr'><strong>vitiis</strong></span> <span class='ocrx_word' id='word_1_27' title='bbox 1601 486 1832 537; x_wconf 72' lang='lat' dir='ltr'><strong>humanis</strong></span> 
     </span>
     <span class='ocr_line' id='line_1_5' title="bbox 306 568 1834 637; baseline -0.005 -11"><span class='ocrx_word' id='word_1_28' title='bbox 306 574 655 627; x_wconf 84' lang='lat' dir='ltr'><strong>contendere.</strong></span> <span class='ocrx_word' id='word_1_29' title='bbox 727 570 892 621; x_wconf 83' lang='lat' dir='ltr'><strong>Aliud</strong></span> <span class='ocrx_word' id='word_1_30' title='bbox 944 585 1166 635; x_wconf 83' lang='lat' dir='ltr'><strong>quoque</strong></span> <span class='ocrx_word' id='word_1_31' title='bbox 1217 568 1640 637; x_wconf 73' lang='lat' dir='ltr'><strong>blasphemare</strong></span> <span class='ocrx_word' id='word_1_32' title='bbox 1687 570 1834 629; x_wconf 80' lang='lat' dir='ltr'><strong>deum,</strong></span> 
     </span>
     <span class='ocr_line' id='line_1_6' title="bbox 306 652 1863 721; baseline -0.004 -10"><span class='ocrx_word' id='word_1_33' title='bbox 306 659 463 711; x_wconf 87' lang='lat' dir='ltr'><strong>aliud</strong></span> <span class='ocrx_word' id='word_1_34' title='bbox 504 658 816 711; x_wconf 83' lang='lat' dir='ltr'><strong>hominibus</strong></span> <span class='ocrx_word' id='word_1_35' title='bbox 862 654 997 721; x_wconf 84' lang='lat' dir='ltr'><strong>(etsi</strong></span> <span class='ocrx_word' id='word_1_36' title='bbox 1039 652 1336 717; x_wconf 85' lang='lat' dir='ltr'><strong>immerito)</strong></span> <span class='ocrx_word' id='word_1_37' title='bbox 1379 653 1666 707; x_wconf 82' lang='lat' dir='ltr'>illudere.</span> <span class='ocrx_word' id='word_1_38' title='bbox 1737 656 1863 706; x_wconf 68' lang='grc' dir='ltr'>Νοιιὶ</span> 
     </span>
     <span class='ocr_line' id='line_1_7' title="bbox 308 740 1842 815; baseline -0.004 -20"><span class='ocrx_word' id='word_1_39' title='bbox 308 746 596 815; x_wconf 83' lang='lat' dir='ltr'><strong>patiuntur</strong></span> <span class='ocrx_word' id='word_1_40' title='bbox 646 740 944 807; x_wconf 80' lang='lat' dir='ltr'><strong>Theologi‚</strong></span> <span class='ocrx_word' id='word_1_41' title='bbox 1001 740 1306 791; x_wconf 80' lang='lat' dir='ltr'><strong>salvatoris</strong></span> <span class='ocrx_word' id='word_1_42' title='bbox 1363 740 1562 793; x_wconf 86' lang='lat' dir='ltr'><strong>nostri</strong></span> <span class='ocrx_word' id='word_1_43' title='bbox 1611 741 1842 791; x_wconf 85' lang='lat' dir='ltr'><strong>humani·</strong></span> 
     </span>
     <span class='ocr_line' id='line_1_8' title="bbox 308 824 1844 891; baseline -0.006 -7"><span class='ocrx_word' id='word_1_44' title='bbox 308 832 483 884; x_wconf 72' lang='lat' dir='ltr'><strong>tatem</strong></span> <span class='ocrx_word' id='word_1_45' title='bbox 526 827 749 879; x_wconf 82' lang='lat' dir='ltr'><strong>habitui</strong></span> <span class='ocrx_word' id='word_1_46' title='bbox 796 825 1106 891; x_wconf 85' lang='lat' dir='ltr'><strong>comparari</strong></span> <span class='ocrx_word' id='word_1_47' title='bbox 1147 824 1514 891; x_wconf 88' lang='lat' dir='ltr'><strong>meretricio,</strong></span> <span class='ocrx_word' id='word_1_48' title='bbox 1563 826 1844 891; x_wconf 82' lang='lat' dir='ltr'><strong>ipsumque</strong></span> 
     </span>
     <span class='ocr_line' id='line_1_9' title="bbox 308 910 1842 977; baseline -0.005 -10"><span class='ocrx_word' id='word_1_49' title='bbox 308 918 373 967; x_wconf 83' lang='lat' dir='ltr'><strong>ut</strong></span> <span class='ocrx_word' id='word_1_50' title='bbox 406 912 719 977; x_wconf 76' lang='lat' dir='ltr'><strong>simplicem</strong></span> <span class='ocrx_word' id='word_1_51' title='bbox 750 910 1029 963; x_wconf 82' lang='lat' dir='ltr'><strong>hominem</strong></span> <span class='ocrx_word' id='word_1_52' title='bbox 1065 913 1122 961; x_wconf 86' lang='lat' dir='ltr'><strong>et</strong></span> <span class='ocrx_word' id='word_1_53' title='bbox 1157 924 1398 973; x_wconf 84' lang='lat' dir='ltr'><strong>servum,</strong></span> <span class='ocrx_word' id='word_1_54' title='bbox 1439 925 1565 961; x_wconf 84' lang='lat' dir='ltr'><strong>non</strong></span> <span class='ocrx_word' id='word_1_55' title='bbox 1605 914 1678 961; x_wconf 86' lang='lat' dir='ltr'><strong>ut</strong></span> <span class='ocrx_word' id='word_1_56' title='bbox 1711 910 1842 961; x_wconf 79' lang='lat' dir='ltr'><strong>deum</strong></span> 
     </span>
     <span class='ocr_line' id='line_1_10' title="bbox 310 994 1842 1064; baseline -0.005 -13"><span class='ocrx_word' id='word_1_57' title='bbox 310 1014 346 1051; x_wconf 79' lang='lat' dir='ltr'><strong>a</strong></span> <span class='ocrx_word' id='word_1_58' title='bbox 378 996 569 1064; x_wconf 77' lang='lat' dir='ltr'><strong>Iudeis</strong></span> <span class='ocrx_word' id='word_1_59' title='bbox 605 996 1015 1061; x_wconf 84' lang='lat' dir='ltr'><strong>interemptum.</strong></span> <span class='ocrx_word' id='word_1_60' title='bbox 1061 994 1312 1058; x_wconf 76' lang='lat' dir='ltr'><strong>Itemque</strong></span> <span class='ocrx_word' id='word_1_61' title='bbox 1350 1008 1472 1045; x_wconf 83' lang='lat' dir='ltr'><strong>non</strong></span> <span class='ocrx_word' id='word_1_62' title='bbox 1509 1010 1698 1060; x_wconf 82' lang='lat' dir='ltr'><strong>posse</strong></span> <span class='ocrx_word' id='word_1_63' title='bbox 1733 996 1842 1045; x_wconf 83' lang='lat' dir='ltr'><strong>satis</strong></span> 
     </span>
     <span class='ocr_line' id='line_1_11' title="bbox 312 1077 1870 1146; baseline -0.003 -14"><span class='ocrx_word' id='word_1_64' title='bbox 312 1098 381 1134; x_wconf 84' lang='lat' dir='ltr'><strong>ex</strong></span> <span class='ocrx_word' id='word_1_65' title='bbox 413 1096 557 1133; x_wconf 75' lang='lat' dir='ltr'><strong>novo</strong></span> <span class='ocrx_word' id='word_1_66' title='bbox 580 1081 806 1146; x_wconf 75' lang='lat' dir='ltr'><strong>probari</strong></span> <span class='ocrx_word' id='word_1_67' title='bbox 829 1082 1166 1131; x_wconf 83' lang='lat' dir='ltr'><strong>testamento</strong></span> <span class='ocrx_word' id='word_1_68' title='bbox 1193 1077 1486 1130; x_wconf 83' lang='lat' dir='ltr'><strong>Christum</strong></span> <span class='ocrx_word' id='word_1_69' title='bbox 1513 1079 1845 1133; x_wconf 82' lang='lat' dir='ltr'><strong>salvatorem</strong></span> <span class='ocrx_word' id='word_1_70' title='bbox 1857 1090 1870 1129; x_wconf 55' lang='grc' dir='ltr'><em>Ἀ</em></span> 
     </span>
     <span class='ocr_line' id='line_1_12' title="bbox 308 1162 1844 1229; baseline -0.002 -15"><span class='ocrx_word' id='word_1_71' title='bbox 308 1169 561 1217; x_wconf 81' lang='lat' dir='ltr'><strong>nostrum</strong></span> <span class='ocrx_word' id='word_1_72' title='bbox 604 1164 690 1228; x_wconf 83' lang='lat' dir='ltr'><strong>(ut</strong></span> <span class='ocrx_word' id='word_1_73' title='bbox 724 1166 782 1215; x_wconf 81' lang='lat' dir='ltr'><strong>ia</strong></span> <span class='ocrx_word' id='word_1_74' title='bbox 817 1164 1049 1229; x_wconf 76' lang='lat' dir='ltr'><strong>Georgii</strong></span> <span class='ocrx_word' id='word_1_75' title='bbox 1093 1162 1316 1227; x_wconf 76' lang='lat' dir='ltr'>dialogo</span> <span class='ocrx_word' id='word_1_76' title='bbox 1353 1162 1644 1229; x_wconf 83' lang='lat' dir='ltr'><strong>habetur)</strong></span> <span class='ocrx_word' id='word_1_77' title='bbox 1681 1180 1844 1217; x_wconf 76' lang='lat' dir='ltr'><strong>veru·</strong></span> 
     </span>
     <span class='ocr_line' id='line_1_13' title="bbox 310 1246 1842 1317; baseline -0.005 -12"><span class='ocrx_word' id='word_1_78' title='bbox 310 1250 489 1305; x_wconf 73' lang='lat' dir='ltr'><strong>fuisse</strong></span> <span class='ocrx_word' id='word_1_79' title='bbox 512 1249 691 1300; x_wconf 83' lang='lat' dir='ltr'><strong>deum.</strong></span> <span class='ocrx_word' id='word_1_80' title='bbox 736 1250 859 1317; x_wconf 75' lang='lat' dir='ltr'><strong>Hec</strong></span> <span class='ocrx_word' id='word_1_81' title='bbox 884 1252 941 1299; x_wconf 87' lang='lat' dir='ltr'><strong>et</strong></span> <span class='ocrx_word' id='word_1_82' title='bbox 975 1247 1092 1298; x_wconf 88' lang='lat' dir='ltr'><strong>alia</strong></span> <span class='ocrx_word' id='word_1_83' title='bbox 1128 1246 1184 1297; x_wconf 85' lang='lat' dir='ltr'><strong>id</strong></span> <span class='ocrx_word' id='word_1_84' title='bbox 1220 1262 1398 1312; x_wconf 80' lang='lat' dir='ltr'><strong>genus</strong></span> <span class='ocrx_word' id='word_1_85' title='bbox 1434 1248 1656 1313; x_wconf 84' lang='lat' dir='ltr'><strong>multa,</strong></span> <span class='ocrx_word' id='word_1_86' title='bbox 1681 1250 1842 1314; x_wconf 80' lang='lat' dir='ltr'><strong>longe·</strong></span> 
     </span>
     <span class='ocr_line' id='line_1_14' title="bbox 313 1331 1842 1401; baseline -0.005 -14"><span class='ocrx_word' id='word_1_87' title='bbox 313 1350 421 1401; x_wconf 83' lang='lat' dir='ltr'><strong>que</strong></span> <span class='ocrx_word' id='word_1_88' title='bbox 456 1333 769 1399; x_wconf 83' lang='lat' dir='ltr'><strong>deteriora,</strong></span> <span class='ocrx_word' id='word_1_89' title='bbox 806 1333 1012 1383; x_wconf 84' lang='lat' dir='ltr'><strong>bonine</strong></span> <span class='ocrx_word' id='word_1_90' title='bbox 1049 1347 1122 1382; x_wconf 86' lang='lat' dir='ltr'><strong>an</strong></span> <span class='ocrx_word' id='word_1_91' title='bbox 1155 1331 1292 1382; x_wconf 85' lang='lat' dir='ltr'><strong>mali</strong></span> <span class='ocrx_word' id='word_1_92' title='bbox 1329 1332 1708 1385; x_wconf 85' lang='lat' dir='ltr'><strong>consulenda</strong></span> <span class='ocrx_word' id='word_1_93' title='bbox 1742 1336 1842 1391; x_wconf 77' lang='lat' dir='ltr'><strong>sint,</strong></span> 
     </span>
     <span class='ocr_line' id='line_1_15' title="bbox 314 1415 1840 1485; baseline -0.001 -12"><span class='ocrx_word' id='word_1_94' title='bbox 314 1418 715 1473; x_wconf 68' lang='lat' dir='ltr'><strong>sacratissimis</strong></span> <span class='ocrx_word' id='word_1_95' title='bbox 750 1417 1032 1485; x_wconf 71' lang='lat' dir='ltr'><strong>theologie</strong></span> <span class='ocrx_word' id='word_1_96' title='bbox 1069 1415 1409 1480; x_wconf 82' lang='lat' dir='ltr'><strong>doctoribus,</strong></span> <span class='ocrx_word' id='word_1_97' title='bbox 1449 1432 1573 1467; x_wconf 87' lang='lat' dir='ltr'><strong>non</strong></span> <span class='ocrx_word' id='word_1_98' title='bbox 1615 1420 1840 1471; x_wconf 79' lang='lat' dir='ltr'><strong>obscuris</strong></span> 
     </span>
     <span class='ocr_line' id='line_1_16' title="bbox 311 1494 1875 1570; baseline -0.006 -15"><span class='ocrx_word' id='word_1_99' title='bbox 311 1502 671 1569; x_wconf 82' lang='lat' dir='ltr'><strong>halophantis</strong></span> <span class='ocrx_word' id='word_1_100' title='bbox 704 1499 1113 1551; x_wconf 82' lang='lat' dir='ltr'><strong>discutiendum</strong></span> <span class='ocrx_word' id='word_1_101' title='bbox 1148 1499 1423 1563; x_wconf 87' lang='lat' dir='ltr'><strong>relinquo.</strong></span> <span class='ocrx_word' id='word_1_102' title='bbox 1514 1494 1574 1554; x_wconf 68' lang='lat' dir='ltr'><strong>(I</strong></span> <span class='ocrx_word' id='word_1_103' title='bbox 1615 1506 1875 1570; x_wconf 47' lang='lat' dir='ltr'><strong>quamn-:2</strong></span> 
     </span>
     <span class='ocr_line' id='line_1_17' title="bbox 314 1583 1842 1655; baseline 0.001 -20"><span class='ocrx_word' id='word_1_104' title='bbox 314 1590 438 1651; x_wconf 83' lang='lat' dir='ltr'><strong>pter</strong></span> <span class='ocrx_word' id='word_1_105' title='bbox 483 1584 813 1651; x_wconf 80' lang='lat' dir='ltr'><strong>Apologiam</strong></span> <span class='ocrx_word' id='word_1_106' title='bbox 857 1600 1034 1648; x_wconf 84' lang='lat' dir='ltr'><strong>nuper</strong></span> <span class='ocrx_word' id='word_1_107' title='bbox 1080 1583 1254 1633; x_wconf 77' lang='lat' dir='ltr'><strong>edidit</strong></span> <span class='ocrx_word' id='word_1_108' title='bbox 1299 1588 1670 1640; x_wconf 82' lang='lat' dir='ltr'><strong>reverendus</strong></span> <span class='ocrx_word' id='word_1_109' title='bbox 1715 1591 1842 1655; x_wconf 68' lang='lat' dir='ltr'><strong>here·</strong></span> 
     </span>
     <span class='ocr_line' id='line_1_18' title="bbox 312 1669 1834 1739; baseline -0.003 -19"><span class='ocrx_word' id='word_1_110' title='bbox 312 1671 428 1739; x_wconf 73' lang='lat' dir='ltr'><strong>tice</strong></span> <span class='ocrx_word' id='word_1_111' title='bbox 472 1670 773 1736; x_wconf 82' lang='lat' dir='ltr'><strong>pravitatis</strong></span> <span class='ocrx_word' id='word_1_112' title='bbox 815 1669 1152 1733; x_wconf 82' lang='lat' dir='ltr'><strong>Inquisitor,</strong></span> <span class='ocrx_word' id='word_1_113' title='bbox 1197 1669 1346 1721; x_wconf 89' lang='lat' dir='ltr'><strong>omni</strong></span> <span class='ocrx_word' id='word_1_114' title='bbox 1391 1669 1616 1736; x_wconf 77' lang='lat' dir='ltr'><strong>dignus</strong></span> <span class='ocrx_word' id='word_1_115' title='bbox 1665 1675 1834 1725; x_wconf 79' lang='lat' dir='ltr'><strong>honore</strong></span> 
     </span>
     <span class='ocr_line' id='line_1_19' title="bbox 318 1751 1846 1821; baseline 0 -16"><span class='ocrx_word' id='word_1_116' title='bbox 318 1752 516 1821; x_wconf 81' lang='lat' dir='ltr'><strong>[frater</strong></span> <span class='ocrx_word' id='word_1_117' title='bbox 549 1755 789 1805; x_wconf 84' lang='lat' dir='ltr'><strong>Iacobus</strong></span> <span class='ocrx_word' id='word_1_118' title='bbox 822 1751 1284 1817; x_wconf 81' lang='lat' dir='ltr'><strong>HoechstratenJ,</strong></span> <span class='ocrx_word' id='word_1_119' title='bbox 1319 1754 1380 1803; x_wconf 89' lang='lat' dir='ltr'><strong>in</strong></span> <span class='ocrx_word' id='word_1_120' title='bbox 1415 1768 1540 1817; x_wconf 86' lang='lat' dir='ltr'><strong>qua</strong></span> <span class='ocrx_word' id='word_1_121' title='bbox 1579 1757 1720 1809; x_wconf 90' lang='lat' dir='ltr'><strong>luce</strong></span> <span class='ocrx_word' id='word_1_122' title='bbox 1755 1757 1846 1807; x_wconf 78' lang='lat' dir='ltr'><strong>cla-</strong></span> 
     </span>
     <span class='ocr_line' id='line_1_20' title="bbox 314 1838 1844 1907; baseline 0 -18"><span class='ocrx_word' id='word_1_123' title='bbox 314 1841 431 1891; x_wconf 87' lang='lat' dir='ltr'><strong>rius</strong></span> <span class='ocrx_word' id='word_1_124' title='bbox 465 1839 735 1906; x_wconf 77' lang='lat' dir='ltr'><strong>patescit,</strong></span> <span class='ocrx_word' id='word_1_125' title='bbox 783 1852 949 1902; x_wconf 87' lang='lat' dir='ltr'><strong>quam</strong></span> <span class='ocrx_word' id='word_1_126' title='bbox 985 1842 1180 1889; x_wconf 85' lang='lat' dir='ltr'><strong>sancte</strong></span> <span class='ocrx_word' id='word_1_127' title='bbox 1216 1838 1546 1904; x_wconf 77' lang='lat' dir='ltr'><strong>nobiscum,</strong></span> <span class='ocrx_word' id='word_1_128' title='bbox 1601 1847 1671 1893; x_wconf 77' lang='lat' dir='ltr'><strong>et</strong></span> <span class='ocrx_word' id='word_1_129' title='bbox 1705 1856 1844 1907; x_wconf 76' lang='lat' dir='ltr'><strong>quam</strong></span> 
     </span>
     <span class='ocr_line' id='line_1_21' title="bbox 316 1919 1875 1991; baseline -0.001 -18"><span class='ocrx_word' id='word_1_130' title='bbox 316 1926 409 1991; x_wconf 86' lang='lat' dir='ltr'><strong>pie</strong></span> <span class='ocrx_word' id='word_1_131' title='bbox 446 1924 698 1987; x_wconf 82' lang='lat' dir='ltr'><strong>citraque</strong></span> <span class='ocrx_word' id='word_1_132' title='bbox 742 1937 954 1973; x_wconf 85' lang='lat' dir='ltr'><strong>omnem</strong></span> <span class='ocrx_word' id='word_1_133' title='bbox 991 1919 1073 1985; x_wconf 89' lang='lat' dir='ltr'><strong>(ni</strong></span> <span class='ocrx_word' id='word_1_134' title='bbox 1108 1921 1301 1985; x_wconf 84' lang='lat' dir='ltr'><strong>fallar)</strong></span> <span class='ocrx_word' id='word_1_135' title='bbox 1338 1922 1643 1975; x_wconf 74' lang='lat' dir='ltr'><strong>maliciam</strong></span> <span class='ocrx_word' id='word_1_136' title='bbox 1681 1928 1742 1977; x_wconf 87' lang='lat' dir='ltr'><strong>in</strong></span> <span class='ocrx_word' id='word_1_137' title='bbox 1777 1934 1875 1975; x_wconf 62' lang='lat' dir='ltr'><strong>ees,</strong></span> 
     </span>
     <span class='ocr_line' id='line_1_22' title="bbox 321 2005 1847 2075; baseline 0.001 -17"><span class='ocrx_word' id='word_1_138' title='bbox 321 2007 504 2061; x_wconf 84' lang='lat' dir='ltr'><strong>clesia</strong></span> <span class='ocrx_word' id='word_1_139' title='bbox 547 2008 639 2059; x_wconf 91' lang='lat' dir='ltr'><strong>dei</strong></span> <span class='ocrx_word' id='word_1_140' title='bbox 670 2010 857 2059; x_wconf 80' lang='lat' dir='ltr'><strong>vester</strong></span> <span class='ocrx_word' id='word_1_141' title='bbox 892 2005 1147 2073; x_wconf 73' lang='lat' dir='ltr'><strong>capnion</strong></span> <span class='ocrx_word' id='word_1_142' title='bbox 1193 2006 1598 2059; x_wconf 72' lang='lat' dir='ltr'><strong>ambulaverit.</strong></span> <span class='ocrx_word' id='word_1_143' title='bbox 1679 2013 1847 2075; x_wconf 80' lang='lat' dir='ltr'><strong>Quan-</strong></span> 
     </span>
     <span class='ocr_line' id='line_1_23' title="bbox 319 2092 1854 2155; baseline -0.001 -13"><span class='ocrx_word' id='word_1_144' title='bbox 319 2096 436 2147; x_wconf 87' lang='lat' dir='ltr'><strong>tam</strong></span> <span class='ocrx_word' id='word_1_145' title='bbox 480 2096 665 2144; x_wconf 86' lang='lat' dir='ltr'><strong>autem</strong></span> <span class='ocrx_word' id='word_1_146' title='bbox 720 2093 856 2143; x_wconf 88' lang='lat' dir='ltr'><strong>mihi</strong></span> <span class='ocrx_word' id='word_1_147' title='bbox 912 2093 1116 2143; x_wconf 84' lang='lat' dir='ltr'><strong>fecerit</strong></span> <span class='ocrx_word' id='word_1_148' title='bbox 1158 2092 1448 2155; x_wconf 87' lang='lat' dir='ltr'><strong>iniuriam,</strong></span> <span class='ocrx_word' id='word_1_149' title='bbox 1509 2109 1604 2145; x_wconf 88' lang='lat' dir='ltr'><strong>me</strong></span> <span class='ocrx_word' id='word_1_150' title='bbox 1659 2094 1854 2147; x_wconf 77' lang='lat' dir='ltr'><strong>Christi</strong></span> 
     </span>
     <span class='ocr_line' id='line_1_24' title="bbox 322 2175 1850 2247; baseline -0.001 -20"><span class='ocrx_word' id='word_1_151' title='bbox 322 2176 668 2231; x_wconf 83' lang='lat' dir='ltr'><strong>sacerdotem</strong></span> <span class='ocrx_word' id='word_1_152' title='bbox 710 2176 849 2227; x_wconf 85' lang='lat' dir='ltr'><strong>licet</strong></span> <span class='ocrx_word' id='word_1_153' title='bbox 894 2177 1250 2241; x_wconf 83' lang='lat' dir='ltr'><strong>immeritum,</strong></span> <span class='ocrx_word' id='word_1_154' title='bbox 1304 2179 1362 2227; x_wconf 86' lang='lat' dir='ltr'><strong>et</strong></span> <span class='ocrx_word' id='word_1_155' title='bbox 1403 2175 1850 2247; x_wconf 72' lang='lat' dir='ltr'><strong>philodemone-</strong></span> 
     </span>
     <span class='ocr_line' id='line_1_25' title="bbox 320 2259 1852 2331; baseline 0.001 -20"><span class='ocrx_word' id='word_1_156' title='bbox 320 2262 379 2311; x_wconf 88' lang='lat' dir='ltr'><strong>in</strong></span> <span class='ocrx_word' id='word_1_157' title='bbox 412 2260 563 2311; x_wconf 82' lang='lat' dir='ltr'><strong>falsa</strong></span> <span class='ocrx_word' id='word_1_158' title='bbox 594 2274 699 2309; x_wconf 82' lang='lat' dir='ltr'><strong>sua</strong></span> <span class='ocrx_word' id='word_1_159' title='bbox 732 2260 1077 2326; x_wconf 83' lang='lat' dir='ltr'><strong>defensione,</strong></span> <span class='ocrx_word' id='word_1_160' title='bbox 1113 2264 1170 2313; x_wconf 91' lang='lat' dir='ltr'><strong>et</strong></span> <span class='ocrx_word' id='word_1_161' title='bbox 1202 2259 1634 2327; x_wconf 77' lang='lat' dir='ltr'><strong>heresiarcham</strong></span> <span class='ocrx_word' id='word_1_162' title='bbox 1675 2264 1852 2331; x_wconf 74' lang='lat' dir='ltr'><strong>appel-</strong></span> 
     </span>
     <span class='ocr_line' id='line_1_26' title="bbox 320 2343 1875 2417; baseline -0.001 -20"><span class='ocrx_word' id='word_1_163' title='bbox 320 2343 507 2411; x_wconf 83' lang='lat' dir='ltr'><strong>lando,</strong></span> <span class='ocrx_word' id='word_1_164' title='bbox 543 2345 713 2411; x_wconf 85' lang='lat' dir='ltr'><strong>pauci</strong></span> <span class='ocrx_word' id='word_1_165' title='bbox 744 2344 1021 2411; x_wconf 49' lang='lat' dir='ltr'><strong>ignorant&lt;</strong></span> <span class='ocrx_word' id='word_1_166' title='bbox 1066 2345 1274 2395; x_wconf 85' lang='lat' dir='ltr'><strong>Plenus</strong></span> <span class='ocrx_word' id='word_1_167' title='bbox 1311 2343 1394 2409; x_wconf 79' lang='lat' dir='ltr'><strong>(ut</strong></span> <span class='ocrx_word' id='word_1_168' title='bbox 1417 2346 1654 2417; x_wconf 87' lang='lat' dir='ltr'><strong>opinor)</strong></span> <span class='ocrx_word' id='word_1_169' title='bbox 1696 2349 1875 2401; x_wconf 71' lang='lat' dir='ltr'><strong>furis-2</strong></span> 
     </span>
     <span class='ocr_line' id='line_1_27' title="bbox 321 2430 1854 2497; baseline 0.003 -18"><span class='ocrx_word' id='word_1_170' title='bbox 321 2445 443 2480; x_wconf 85' lang='lat' dir='ltr'><strong>rum</strong></span> <span class='ocrx_word' id='word_1_171' title='bbox 488 2433 545 2479; x_wconf 90' lang='lat' dir='ltr'><strong>et</strong></span> <span class='ocrx_word' id='word_1_172' title='bbox 588 2432 742 2497; x_wconf 73' lang='lat' dir='ltr'><strong>recte</strong></span> <span class='ocrx_word' id='word_1_173' title='bbox 784 2430 1021 2480; x_wconf 86' lang='lat' dir='ltr'><strong>rationis</strong></span> <span class='ocrx_word' id='word_1_174' title='bbox 1073 2430 1307 2493; x_wconf 84' lang='lat' dir='ltr'><strong>oblitus,</strong></span> <span class='ocrx_word' id='word_1_175' title='bbox 1366 2444 1453 2480; x_wconf 90' lang='lat' dir='ltr'><strong>me</strong></span> <span class='ocrx_word' id='word_1_176' title='bbox 1509 2430 1704 2484; x_wconf 84' lang='lat' dir='ltr'><strong>talem</strong></span> <span class='ocrx_word' id='word_1_177' title='bbox 1747 2450 1854 2485; x_wconf 77' lang='lat' dir='ltr'><strong>esse</strong></span> 
     </span>
     <span class='ocr_line' id='line_1_28' title="bbox 322 2512 1852 2578; baseline 0.003 -16"><span class='ocrx_word' id='word_1_178' title='bbox 322 2514 648 2575; x_wconf 64' lang='lat' dir='ltr'><strong>vulpinam:</strong></span> <span class='ocrx_word' id='word_1_179' title='bbox 696 2516 813 2576; x_wconf 88' lang='lat' dir='ltr'><strong>est,</strong></span> <span class='ocrx_word' id='word_1_180' title='bbox 860 2513 1073 2563; x_wconf 84' lang='lat' dir='ltr'><strong>nullam</strong></span> <span class='ocrx_word' id='word_1_181' title='bbox 1107 2515 1331 2578; x_wconf 87' lang='lat' dir='ltr'><strong>penitus</strong></span> <span class='ocrx_word' id='word_1_182' title='bbox 1367 2512 1546 2564; x_wconf 88' lang='lat' dir='ltr'><strong>aliam</strong></span> <span class='ocrx_word' id='word_1_183' title='bbox 1582 2520 1852 2570; x_wconf 86' lang='lat' dir='ltr'><strong>rationem</strong></span> 
     </span>
     <span class='ocr_line' id='line_1_29' title="bbox 320 2592 1852 2661; baseline 0.006 -17"><span class='ocrx_word' id='word_1_184' title='bbox 320 2592 563 2657; x_wconf 83' lang='lat' dir='ltr'><strong>habens,</strong></span> <span class='ocrx_word' id='word_1_185' title='bbox 611 2610 777 2658; x_wconf 83' lang='lat' dir='ltr'><strong>quam</strong></span> <span class='ocrx_word' id='word_1_186' title='bbox 813 2596 958 2659; x_wconf 88' lang='lat' dir='ltr'><strong>quod</strong></span> <span class='ocrx_word' id='word_1_187' title='bbox 993 2596 1098 2646; x_wconf 88' lang='lat' dir='ltr'><strong>hoc</strong></span> <span class='ocrx_word' id='word_1_188' title='bbox 1141 2597 1390 2661; x_wconf 78' lang='lat' dir='ltr'><strong>genitivo</strong></span> <span class='ocrx_word' id='word_1_189' title='bbox 1428 2594 1632 2651; x_wconf 79' lang='lat' dir='ltr'><strong>‘Iovis&#39;</strong></span> <span class='ocrx_word' id='word_1_190' title='bbox 1673 2605 1740 2653; x_wconf 82' lang='lat' dir='ltr'><strong>in</strong></span> <span class='ocrx_word' id='word_1_191' title='bbox 1771 2606 1852 2655; x_wconf 86' lang='lat' dir='ltr'><strong>bo-</strong></span> 
     </span>
     <span class='ocr_line' id='line_1_30' title="bbox 318 2674 1854 2746; baseline 0.012 -25"><span class='ocrx_word' id='word_1_192' title='bbox 318 2689 448 2723; x_wconf 85' lang='lat' dir='ltr'><strong>nam</strong></span> <span class='ocrx_word' id='word_1_193' title='bbox 492 2674 605 2737; x_wconf 85' lang='lat' dir='ltr'><strong>(vel</strong></span> <span class='ocrx_word' id='word_1_194' title='bbox 648 2678 826 2740; x_wconf 84' lang='lat' dir='ltr'><strong>ipsius</strong></span> <span class='ocrx_word' id='word_1_195' title='bbox 870 2678 1110 2729; x_wconf 85' lang='lat' dir='ltr'><strong>maxime</strong></span> <span class='ocrx_word' id='word_1_196' title='bbox 1157 2678 1428 2746; x_wconf 84' lang='lat' dir='ltr'><strong>exemplo)</strong></span> <span class='ocrx_word' id='word_1_197' title='bbox 1467 2696 1613 2737; x_wconf 80' lang='lat' dir='ltr'><strong>usus</strong></span> <span class='ocrx_word' id='word_1_198' title='bbox 1663 2689 1854 2741; x_wconf 83' lang='lat' dir='ltr'><strong>fuerim</strong></span> 
     </span>
    </p>
   </div>
  </div>
 </body>
</html>
