1942 3109
212 189 249 237 4
316 192 695 239 rnrnmcoam
720 199 958 237 narsus.
986 199 1203 237 comum
1228 198 1429 236 ramos.
1456 198 1507 235 0.
1534 198 1590 236 v.
1616 200 1751 239 21²1».

214 308 352 357 tiam
385 308 446 359 in
481 308 659 359 oculis
696 307 1020 359 sanctitatis
1070 311 1183 375 tue.
1253 306 1751 359 Verumenimvero

217 408 340 443 cum
375 395 477 445 sub
515 394 622 445 hoc
656 393 842 443 lunari
877 392 1007 442 orbe
1036 389 1244 442 Christi
1266 392 1445 443 vicem
1468 392 1747 457 perbeate

213 479 274 528 in
309 480 475 529 terris
511 495 700 545 geras,
750 480 806 529 et
851 476 1090 527 alterum
1140 477 1301 528 nobis
1347 476 1507 527 deum
1542 493 1748 545 ‘repre-

215 569 435 629 senteS,
491 578 850 630 personarum
905 566 1168 627 acceptor
1226 576 1347 612 esse
1402 576 1513 612 non
1560 566 1745 627 potes.

216 648 326 699 Sed
362 665 468 714 quo
504 664 590 699 me
625 651 841 701 vertam
873 662 974 713 pre
1011 646 1237 697 dolore?
1276 646 1489 709 Quibus
1526 648 1740 711 suppli·

127 770 134 786 2
217 736 396 784 cabo?
434 736 583 797 Quos
619 735 787 783 miser
821 733 942 797 ipse
980 732 1300 797 implorem?
1348 732 1428 781 Te
1464 730 1741 781 mediusfi-

217 818 340 867 dius
375 819 592 881 patrem
625 817 1027 881 beatissimum,
1068 831 1229 881 quem
1268 814 1585 866 admiranda
1606 831 1733 880 pro-

212 902 409 951 bitatis
447 901 794 965 omniumque
828 902 1096 953 virtutum
1142 901 1369 965 merita,
1416 901 1734 967 incorrupta

211 987 328 1053 vite
349 987 664 1053 integritas,
686 985 755 1037 ad
776 1002 1084 1052 supremam
1104 990 1272 1051 atque
1290 986 1741 1038 inaccessibilem

214 1087 356 1139 pene
401 1070 592 1121 mundi
637 1071 959 1122 cathedram
1003 1072 1122 1121 iure
1160 1073 1365 1137 optimo
1404 1072 1741 1135 extulerunt,

217 1156 313 1220 qui
359 1158 415 1205 et
459 1155 838 1207 misericordia
873 1155 1057 1221 dignis
1093 1156 1345 1205 misereri
1381 1160 1436 1205 et
1470 1158 1743 1223 superbos

216 1239 530 1307 debellare,
585 1257 684 1308 pro
728 1246 829 1293 tua
871 1241 1248 1292 moderatione
1296 1243 1465 1305 atque
1509 1241 1743 1292 iusticia

218 1330 590 1393 quamoptime
650 1326 912 1375 didicisti.
1000 1317 1052 1375 (s
1100 1324 1356 1375 Ceterum
1414 1326 1741 1377 beatissime

215 1414 395 1476 pater,
431 1415 494 1460 ut
529 1409 600 1459 ad
635 1425 749 1459 rem
783 1410 904 1475 ipse
936 1409 1209 1475 paulatim
1236 1409 1537 1460 declinem:
1572 1410 1744 1461 Post-

217 1508 382 1559 quam
407 1494 791 1544 serenissimus
815 1498 1005 1542 noster
1026 1494 1351 1557 Imperator,
1380 1496 1620 1546 omnium
1645 1496 1741 1545 lit—

217 1579 354 1629 teris
389 1583 559 1642 atque
596 1577 804 1641 linguis
843 1576 1221 1641 extollendus,
1269 1579 1740 1631 universitatibus

219 1664 453 1727 aliquot,
487 1660 874 1729 Archipresuli
905 1663 1082 1712 etiam
1104 1662 1451 1729 Moguntino,
1488 1666 1748 1732 itemque

218 1751 276 1799 et
308 1747 560 1815 heretice
593 1747 896 1811 pravitatis
929 1748 1267 1811 inquisitori,
1304 1764 1371 1797 ac
1406 1746 1605 1798 Ioanni
1640 1750 1749 1801 de·-

215 1836 388 1897 nique
420 1831 694 1883 Reuchlin
709 1870 724 1895 ,
771 1831 955 1897 legum
994 1830 1079 1897 (ut
1113 1832 1309 1897 fertur)
1348 1830 1560 1882 doctori
1596 1832 1749 1891 iam-,-

215 1918 426 1984 pridem
461 1917 878 1983 demandasset,
925 1922 988 1967 ut
1032 1917 1295 1983 quidnam
1340 1916 1409 1967 de
1450 1916 1609 1967 libris
1645 1918 1749 1969 Iu-

216 2003 442 2072 deorum
477 2004 804 2070 quibusdam
837 2002 1187 2054 scandalosis
1226 2006 1289 2053 et
1332 2003 1392 2051 in
1436 2001 1741 2053 ecclesIam

217 2088 308 2140 dei
341 2091 681 2156 blasphemis
719 2088 992 2154 agendum
1016 2089 1180 2151 foret,
1218 2087 1288 2137 ad
1312 2088 1614 2139 salvatoris
1636 2104 1741 2139 no-

217 2176 320 2223 stri
353 2174 616 2223 honorem
651 2174 1005 2234 omniumque
1023 2176 1474 2235 regeneratorum
1496 2166 1743 2224 salutem

217 2258 540 2321 quantotius
575 2254 923 2319 deciderent,
967 2240 1217 2319 Cumque
1264 2272 1455 2308 omn-es
1500 2263 1741 2323 exc-epto

215 2342 423 2393 Ioanne
467 2339 773 2403 Reuchlin,
817 2338 976 2390 velut
1018 2354 1128 2390 uno
1176 2356 1298 2408 ore,
1350 2356 1417 2393 ex
1462 2344 1740 2395 instinctu

217 2427 446 2491 spiritus
503 2425 687 2476 sancti
741 2440 840 2490 pro
887 2422 1112 2476 Christo
1167 2431 1228 2477 >et
1273 2428 1633 2492 loquerentur
1678 2432 1741 2479 et

217 2512 544 2573 scriberent,
581 2510 733 2560 solus
767 2510 868 2561 ille
907 2511 1169 2562 inventus
1206 2516 1310 2576 est,
1350 2514 1445 2575 qui
1482 2510 1567 2578 (ut
1590 2514 1741 2564 mul-

216 2598 398 2647 tarum
453 2594 880 2644 universitatum
894 2633 908 2658 ,
982 2596 1325 2661 aliorumque
1396 2613 1431 2647 a
1492 2596 1741 2665 Cesarea

213 2676 514 2729 Maiestate
547 2677 937 2741 deputatorum
971 2680 1291 2731 testimonia
1332 2680 1595 2747 probant)
1640 2682 1741 2733 Iu·-
