1942 3109
209 273 279 317 59.
299 279 418 315 1011.
439 275 945 316 cocnmmmenm.
994 270 1588 318 60.wunn.s·rourrr.
1630 263 1729 317 341

212 384 590 449 cuspinianus
628 384 686 432 et
719 379 1006 432 Cunradus
1042 382 1344 450 Beutinger
1381 385 1475 447 qui
1510 387 1639 434 sunt
1670 386 1730 435 in

209 484 416 536 magna
462 468 647 534 gratia
693 466 1077 533 Imperatoris,
1130 468 1239 533 ipsi
1287 469 1551 534 copulant
1592 470 1729 521 istos

209 556 394 608 socios
423 558 480 604 et
501 553 720 604 faciunt
744 553 924 604 omnia
948 568 1055 622 que
1080 557 1313 620 possunt
1338 559 1529 604 contra
1554 555 1728 606 Theo·

208 642 368 707 logos
395 637 757 690 Colonienses
781 639 839 688 in
862 638 1123 690 honorem
1146 639 1411 690 Iohannis
1434 639 1725 691 Reuchlin.

205 727 284 777 Et
331 722 556 788 quidam
612 722 834 774 studens
880 724 1253 776 Erfordiensis
1308 725 1403 790 qui
1457 727 1543 776 est
1594 725 1728 776 mihi

207 814 406 873 notus,
443 808 600 858 dixit.
619 808 761 872 quod
797 806 1085 860 cunradus
1108 809 1390 862 Mutianus
1428 813 1515 860 est
1549 810 1724 875 pessi-

207 911 332 947 mus
379 894 617 946 omnium
660 893 882 944 illorum
917 895 1014 957 qui
1049 899 1176 944 sunt
1207 911 1306 959 pro
1339 894 1632 960 Reueh11n‚
1670 899 1728 946 et

211 983 302 1034 est
337 981 418 1030 ita
451 979 707 1029 inimicus
743 977 1041 1042 Theologis
1078 977 1221 1042 quod
1254 993 1365 1028 non
1398 982 1583 1044 potest
1628 994 1725 1028 au-

215 1063 332 1114 dire
377 1063 517 1128 quod
565 1062 774 1127 aliquis
807 1065 1059 1113 nominat
1092 1061 1399 1128 Theologos
1437 1061 1727 1113 Colonien-

205 1165 319 1202 ses.
388 1149 462 1199 Et
495 1147 626 1199 talis
661 1147 886 1198 studens
921 1147 1061 1214 dixit
1096 1146 1240 1213 quod
1273 1147 1415 1199 vidit
1457 1148 1599 1199 bene
1644 1149 1726 1198 vi-

209 1234 357 1301 ginti
379 1233 663 1299 Epistolas
698 1232 876 1299 illius,
915 1232 972 1282 in
1009 1234 1206 1297 quibus
1230 1234 1349 1298 ipse
1374 1236 1535 1298 rogat
1561 1247 1723 1297 quos-

206 1320 334 1372 dam
358 1320 540 1370 socios
565 1318 710 1382 quod
732 1318 928 1370 volunt
953 1333 1075 1369 esse
1099 1317 1501 1386 Reuchliniste.
1558 1318 1723 1368 Talia

207 1403 399 1455 audivi
432 1419 531 1469 pro
566 1419 740 1468 nune,
785 1403 883 1456 sed
929 1403 1147 1469 quando
1192 1405 1309 1454 seio
1353 1403 1542 1470 plura,
1591 1408 1725 1454 tune

205 1488 335 1542 volo
371 1490 532 1541 vobis
565 1489 825 1541 seribere.
887 1489 1087 1542 Valete
1124 1491 1181 1541 in
1218 1488 1453 1542 Christo.
1512 1491 1723 1545 Datum

197 1573 625 1642 Franckfordie.

921 1827 1008 1884 60.

301 1944 691 2032 Magister
733 1943 1223 2010 Wernherus
1271 1947 1628 2032 Stompff

494 2050 825 2117 Magistro
864 2049 1148 2101 Ortvino
1187 2049 1427 2100 Gratio

826 2133 1091 2185 Salutem.

307 2253 537 2319 Sciatis,
584 2253 874 2320 magnifice
918 2256 1032 2320 vir,
1080 2254 1223 2320 quod
1268 2254 1486 2320 quando
1524 2257 1719 2323 accepi

195 2344 444 2393 vestram
479 2340 724 2404 literam,
763 2355 863 2405 ego
887 2341 972 2390 fui
995 2343 1077 2390 ita
1100 2341 1423 2406 perterritus
1452 2344 1719 2403 quantum

197 2431 287 2478 est
319 2425 588 2492 possibile
625 2428 683 2474 et
730 2425 812 2476 fui
855 2424 1059 2476 rubeus
1102 2426 1161 2474 in
1205 2425 1381 2488 faeie,
1430 2426 1487 2473 et
1534 2425 1715 2474 crines

111 2507 116 2512 ⁸
192 2513 556 2564 surrexerunt
598 2509 749 2560 mihi.
827 2510 901 2558 Et
953 2508 1114 2560 eredo
1173 2507 1318 2572 quod
1361 2508 1457 2558 vix
1501 2511 1716 2559 tantum

195 2597 282 2650 fui
327 2597 388 2645 in
431 2596 624 2645 timore
673 2593 889 2657 quando
923 2595 1009 2644 fui
1044 2595 1101 2644 in
1136 2594 1306 2644 rubea
1343 2592 1575 2644 Camera
1614 2594 1716 2644 Co-

196 2681 379 2745 loniq‚
435 2678 726 2729 intendens
785 2679 903 2728 fieri
945 2677 1266 2728 bucularius
1313 2682 1370 2728 et
1412 2678 1713 2727 subiiciens

198 2779 287 2814 me
326 2764 593 2812 examini:
632 2765 776 2826 Quia
811 2766 945 2811 tune
982 2760 1149 2810 etiam
1170 2758 1332 2810 valde
1358 2758 1537 2818 timui,
1574 2755 1717 2818 quod
