1942 3109
661 187 705 232 1.
733 192 1012 228 muninus
1040 191 1239 228 numa.
1622 175 1723 228 163

187 298 456 366 profunda
512 299 582 348 de
641 296 930 348 tenebris'.
1018 295 1159 346 Item
1209 295 1429 364 Michee
1484 296 1721 360 septimo

185 385 421 449 legitur:
467 381 632 432 ‘Cum
668 379 866 431 sedero
901 383 960 429 in
995 381 1269 445 tenemini,
1314 382 1585 432 Dominus
1622 379 1721 430 lux

182 485 302 520 mea
335 469 462 519 est‘.
523 467 602 515 Et
637 468 841 516 iterum
883 465 983 516 Iob
1010 481 1235 516 .xxv111.
1297 465 1583 516 ‘Trahitur
1621 479 1721 515 au-

179 558 290 604 tem
326 552 632 618 Sapientia
679 550 744 600 de
785 550 1073 602 Occultis'.
1147 552 1499 616 Quapropter
1532 549 1721 614 Virgi-

177 637 286 688 lius
320 637 496 686 dixit:
538 635 831 686 ‘Obscuris
853 650 988 687 vera
1012 636 1073 684 in
1106 635 1397 698 obscuris',
1432 637 1581 686 sicut
1616 649 1721 698 ego

177 721 370 773 audivi
421 721 492 770 ab
543 720 694 770 aliis.
765 720 842 768 Et
884 719 1049 769 datur
1095 719 1368 784 intelligi,
1416 717 1561 782 quod
1598 717 1721 766 Ma-

177 807 355 871 gister
391 805 694 868 Ortvinus,
743 808 800 854 et
835 804 924 853 sui
960 804 1131 853 amici
1176 806 1307 852 sunt
1350 803 1527 867 tales,
1574 801 1719 867 quod

177 891 475 960 inquirunt
511 891 730 940 secreta
774 888 1209 953 scripturarum,
1246 896 1299 937 et
1329 889 1625 938 veritatem
1665 891 1723 936 et

178 974 466 1024 iusticiam
503 977 560 1024 et
593 973 962 1037 sapientiam,
1012 987 1119 1038 que
1164 987 1275 1021 non
1319 976 1507 1036 potest
1548 971 1719 1022 intel·

182 1059 294 1122 ligi
332 1059 406 1106 ab
442 1058 690 1107 omnibus
725 1057 842 1107 nisi
879 1057 948 1106 ab
986 1057 1099 1119 his,
1138 1057 1235 1120 qui
1258 1061 1391 1107 sunt
1412 1055 1721 1106 illuminati

187 1157 227 1202 a
260 1140 500 1191 domino.
553 1141 710 1192 Unde
743 1141 962 1206 Regum
1000 1155 1298 1190 ,cxxxvnn
1362 1139 1529 1202 ‘Quia
1563 1142 1721 1188 tene-

185 1227 287 1295 bre
322 1241 434 1276 non
471 1226 917 1276 obscurabuntur
953 1241 989 1276 a
1024 1229 1111 1288 te,
1161 1228 1216 1274 et
1261 1239 1369 1275 nox
1417 1224 1563 1274 sicut
1598 1223 1719 1274 dies

175 1310 608 1361 illuminabitur.
682 1310 832 1359 sicut
867 1309 1095 1377 tenebre
1132 1311 1282 1373 ciue,
1319 1311 1403 1359 ita
1438 1314 1497 1360 et
1529 1309 1719 1359 lumen

179 1396 347 1444 eiua’.
405 1395 710 1457 Postquam
743 1393 886 1442 talia
919 1393 1065 1444 dixit
1087 1394 1374 1460 predictus
1398 1393 1719 1458 religiosus,

174 1493 375 1530 omnes
411 1481 774 1543 respexerunt
808 1493 894 1528 me
929 1479 981 1528 si
1016 1493 1194 1528 essem
1222 1480 1537 1528 contentus.
1595 1476 1717 1542 Ego

173 1567 372 1614 autem
409 1563 658 1628 cogitavi
691 1561 943 1628 desuper.
1008 1563 1164 1612 Tunc
1198 1563 1310 1614 fuit
1332 1563 1415 1612 ibi
1438 1562 1714 1612 Bernhar—

169 1647 279 1698 dus
305 1646 488 1710 Geni,
514 1646 788 1711 Magister
808 1647 1177 1711 Parisiensis,
1216 1649 1314 1711 qui
1348 1651 1435 1697 est
1470 1646 1717 1709 Iuvenis,

167 1731 274 1782 sed
299 1730 469 1781 audio
497 1729 644 1794 quod
668 1729 842 1781 habet
873 1731 1075 1781 bonum
1110 1732 1419 1797 ingenium,
1458 1735 1515 1782 et
1546 1729 1715 1782 valde

169 1816 395 1879 studet,
435 1817 494 1864 et
526 1815 672 1864 bene
706 1814 926 1878 proficit
958 1818 1019 1864 in
1057 1816 1301 1878 artibue‚
1349 1818 1407 1864 et
1452 1814 1621 1864 etiam
1656 1816 1714 1864 in

170 1899 492 1964 Theologia
516 1899 688 1950 habet
709 1899 912 1949 bonum
935 1897 1371 1950 fundamentum.
1417 1898 1547 1965 Ipse
1567 1913 1715 1947 more

170 1984 346 2034 solito
380 1998 610 2034 movens
647 1987 822 2047 caput
853 1982 1143 2048 hincinde,
1179 1988 1236 2034 et
1256 1983 1453 2035 videno
1478 1984 1715 2035 austeri·

167 2074 260 2118 ter
295 2067 471 2118 dixit:
509 2066 772 2130 ‘Scitote,
809 2067 1017 2118 domini
1048 2069 1189 2131 mei,
1230 2067 1373 2130 quod
1399 2071 1487 2118 est
1508 2081 1714 2132 magna

170 2157 232 2202 et
277 2152 640 2204 rationabilis
691 2166 898 2216 causa,
947 2151 1093 2216 quod
1138 2152 1403 2218 magister
1448 2150 1716 2203 Ortvinus

170 2236 438 2303 appellat
463 2238 672 2289 amicos
697 2252 830 2288 suos
855 2235 1137 2287 Obscuros
1162 2238 1352 2288 Viros:
1390 2238 1534 2287 facit
1568 2237 1715 2288 enim

167 2325 403 2387 propter
453 2321 848 2372 humilitatem.
940 2321 1217 2383 Quoniam
1274 2321 1423 2371 sicut
1478 2322 1717 2386 potestis

173 2407 354 2470 scire,
417 2407 672 2469 quamvis
729 2407 899 2456 etiam
943 2421 1054 2456 non
1098 2407 1336 2470 potestis
1384 2407 1561 2471 seire,
1616 2405 1715 2457 sed

173 2489 604 2560 presumendum
651 2494 770 2554 est,
819 2488 966 2554 quod
1014 2489 1202 2554 scitia,
1258 2489 1527 2555 quomodo
1584 2495 1715 2540 ante

175 2579 290 2625 tres
329 2591 508 2625 annos
545 2575 827 2626 Iohannes
849 2573 1127 2624 Reuchlin
1150 2574 1366 2626 faciens
1400 2576 1716 2638 imprimere

177 2659 498 2726 Epistolare
543 2659 863 2710 Amicorum
909 2671 1161 2718 suorum,
1215 2657 1533 2710 intitulavit
1576 2653 1721 2702 illud

553 2757 558 2762 ·
1315 2736 1416 2784 11*
