1942 3109
273 204 342 256 50
532 219 823 254 zmsronffl
860 217 1226 255 onscvnonvu
1260 218 1530 254 vmonvu.

275 341 371 390 pro
408 324 733 374 defensione
757 327 956 389 sancte
979 325 1174 374 matris
1201 324 1460 390 ecclesie,
1499 327 1555 374 et
1578 323 1647 374 de
1672 324 1808 376 lau-

275 407 436 460 dibus
471 413 804 459 sanctorum.
875 409 950 458 Et
976 408 1384 459 commendavit
1406 412 1653 460 nostram
1673 412 1809 460 uni-

273 495 598 544 versitatem
633 486 1050 558 principaliter,
1090 497 1148 544 et
1181 509 1401 560 sacram
1434 493 1809 559 theologiam,

277 581 334 628 et
391 579 720 629 facultatem
773 580 1127 648 artistarum,
1174 581 1233 629 et
1276 577 1811 646 reprehendit-illos

276 668 472 728 poetas
508 664 793 730 seculares
829 666 887 713 et
909 664 1167 729 gentiles.
1214 663 1289 712 Et
1312 662 1518 714 domini
1542 663 1814 726 magistri

277 747 470 798 dicunt
505 747 650 812 quod
685 743 786 799 sua
811 751 991 798 metra
1014 751 1144 799 sunt
1167 749 1249 797 ita
1273 749 1421 798 bona
1446 749 1595 798 sicut
1616 751 1809 800 metra

276 833 526 898 Virgilii,
577 833 634 884 et
667 849 776 884 non
813 833 1023 884 habent
1060 833 1252 897 aliqua
1286 833 1457 897 vitia,
1508 833 1641 896 quia
1676 833 1813 898 ipse

277 918 526 982 perfecte
571 919 682 968 scit
727 922 902 969 artem
948 917 1342 982 metrificandi‚
1406 921 1461 968 et
1506 921 1635 967 ante
1691 933 1811 970 xx.

279 1018 455 1053 annos
501 1003 611 1052 fuit
652 1004 1135 1053 bonus'metrista.
1210 1005 1559 1068 Quapropter
1594 1001 1815 1055 domini

278 1087 345 1138 de
385 1087 616 1139 consilio
654 1089 1049 1153 permiserunt,
1098 1087 1243 1152 quod
1278 1088 1396 1150 ipse
1434 1085 1599 1138 debet
1634 1089 1815 1139 istum

277 1173 482 1223 librum
535 1172 762 1237 publice
807 1174 996 1238 legere
1041 1188 1139 1237 pro
1185 1173 1475 1222 Terentio:
1536 1173 1670 1236 quia
1719 1179 1821 1224 est

279 1258 458 1322 magis
493 1258 844 1308 necessarius
879 1271 1047 1321 quam
1081 1256 1397 1319 Terentius,
1434 1260 1491 1306 et
1512 1256 1685 1308 habet
1706 1257 1818 1310 bo·
1884 1269 1889 1272 '

278 1357 408 1391 nam
456 1342 927 1409 christianitatem
969 1342 1031 1392 in
1072 1357 1162 1406 se,
1224 1345 1281 1392 et
1325 1357 1435 1391 non
1478 1343 1691 1391 tractat
1739 1343 1817 1394 de

281 1427 666 1478 meretricibus
702 1430 759 1476 et
780 1425 1101 1490 husonibus,
1138 1427 1284 1476 sicut
1307 1425 1619 1476 Terentius.
1688 1427 1817 1479 Vos

281 1511 498 1564 debetis
545 1512 648 1578 hec
682 1527 828 1563 nova
863 1511 1226 1561 manifestare
1256 1511 1321 1560 in
1354 1515 1547 1561 vestra
1580 1511 1815 1564 univer·

280 1597 479 1647 sitate:
539 1600 674 1646 tunc
733 1595 992 1646 fortassis
1051 1595 1219 1644 etiam
1272 1594 1367 1645 fiet
1412 1597 1495 1645 sic
1540 1595 1813 1661 Buschio,

281 1682 428 1731 sicut
463 1681 678 1730 factum
713 1684 802 1731 est
825 1678 1263 1748 Esticampiano.
1322 1680 1555 1742 Quando
1578 1681 1815 1733 mittitis

281 1765 418 1815 mihi
450 1770 696 1816 vestrum
728 1765 931 1816 librum
967 1768 1161 1816 contra
1194 1764 1505 1820 Reuchlin‘?
1574 1766 1688 1816 Vos
1724 1766 1814 1817 di-

283 1851 410 1900 citis
446 1849 623 1901 multa
651 1854 707 1902 et
730 1850 873 1900 nihil
899 1853 1000 1899 est.
1070 1849 1145 1898 Et
1166 1849 1475 1914 scripsistis
1500 1849 1635 1900 mihi
1660 1853 1815 1914 quod

280 1935 452 1986 vultis
509 1935 644 1986 mihi
693 1935 974 1984 veraciter
1016 1934 1268 1996 mittere,
1330 1938 1387 1984 et
1430 1949 1543 1986 non
1588 1935 1809 1986 facitis.

281 2020 434 2069 Deus
467 2023 667 2084 parcat
700 2019 880 2083 vobis,
917 2017 1063 2082 quod
1098 2033 1207 2068 non
1241 2017 1479 2082 diligitis
1514 2035 1620 2083 me,
1658 2021 1813 2071 sicut

285 2108 340 2154 et
399 2120 500 2170 ego
560 2102 732 2169 diligo
789 2119 918 2166 vos,
980 2103 1113 2167 quia
1162 2103 1297 2153 estis
1344 2102 1479 2153 mihi
1524 2105 1675 2154 sicut
1711 2120 1813 2155 cor

282 2203 478 2238 meum.
549 2187 659 2238 Sed
695 2186 874 2238 adhuc
907 2187 1147 2238 mittatis
1180 2187 1334 2250 mihi,
1372 2188 1505 2252 quia
1528 2187 1811 2240 desiderio

283 2271 599 2324 desideravi
631 2271 738 2323 hoc
772 2273 985 2338 paseha
1020 2271 1357 2323 manducare
1392 2273 1708 2337 vobiscum,
1747 2261 1809 2324 id

286 2360 372 2408 est
405 2357 572 2408 istum
608 2357 810 2407 librum
844 2357 1050 2422 legere.
1121 2356 1196 2406 Et
1230 2356 1464 2414 scribite
1488 2357 1624 2407 mihi
1648 2361 1807 2412 novi-

285 2445 450 2492 tates.
521 2441 596 2490 Et
630 2441 803 2492 semel
839 2441 1149 2506 componite
1182 2457 1352 2491 unum
1375 2441 1675 2507 dictamen,
1713 2446 1811 2495 vel

286 2526 480 2590 aliqua
525 2529 702 2577 metra
748 2525 815 2576 dc
859 2519 944 2578 me
982 2527 1033 2578 si
1066 2542 1185 2576 sum
1221 2526 1435 2592 dignus.
1504 2526 1580 2576 Et
1613 2527 1806 2580 valete

284 2612 344 2660 in
380 2610 600 2662 Christo
635 2610 854 2662 domino
890 2610 993 2661 deo
1028 2614 1236 2674 nostro,
1273 2627 1371 2676 per
1396 2612 1580 2662 omnia
1606 2613 1805 2678 secula

287 2696 596 2764 seculorum
630 2695 820 2758 Amen.
