1942 3109
36 963 43 986 ἒ

544 666 746 708 EDITOR
773 665 1002 707 LECTORI
1031 666 1078 708 S.
1100 663 1153 706 D.

190 771 282 812 Duo
307 771 462 812 harum
477 769 849 812 Lamentationum
875 767 1073 821 exempla
1101 769 1157 807 ab
1183 766 1279 820 ipso
1292 765 1478 807 Ortvino
1497 776 1610 806 anno

83 839 205 882 1518.
243 838 428 880 Coloniae
463 838 685 892 publicata
723 843 846 887 sunt,
884 847 1023 888 eaque
1058 833 1151 876 sola
1178 845 1301 875 novae
1330 832 1509 874 editioni
1534 845 1610 885 pa-

84 908 235 947 randae
263 905 560 946 adhibuimus:
595 916 697 945 nam
731 905 959 956 sequentia
986 902 1131 944 omnia
1157 901 1367 955 exemplis
1394 899 1618 954 Epistola-'

42 996 53 1011 ,-
83 985 186 1013 rum
223 970 275 1012 Ο.
307 971 356 1016 V.
385 971 553 1012 adiecta
593 972 648 1012 ad
684 983 773 1011 rem
801 971 992 1012 criticam
1022 970 1262 1011 faciendam
1287 968 1417 1022 plane
1450 967 1611 1009 nullius

84 1051 196 1081 usus
225 1044 341 1080 sunt.
397 1039 419 1080 1
450 1054 494 1077 =
522 1038 708 1092 primum
735 1039 979 1092 exemplum
1004 1039 1149 1080 tribus
1176 1037 1369 1090 plagulis
1398 1035 1535 1088 (soliis
1563 1037 1613 1076 12

36 1115 46 1156 5
82 1106 336 1161 quadratis)
379 1112 564 1158 constat,
611 1106 801 1160 sig-natis
853 1105 1035 1160 lmc,
1081 1107 1127 1146 in
1168 1117 1351 1158 quarum
1394 1102 1479 1144 fine
1524 1107 1611 1144 cst:

36 1163 40 1174 β

35 2125 44 2174 ἱ

85 1170 144 1230 ([
167 1174 306 1220 tinem
341 1176 479 1228 hahent
505 1175 802 1220 lamentationes
828 1174 1019 1226 obscuro*
1040 1175 1049 1225 Ι
1069 1171 1259 1227 zatum
1308 1171 1427 1216 λκιο
1462 1171 1613 1215 bonini

80 1244 148 1286 M.
172 1245 180 1294 Ι
203 1243 232 1284 C
251 1243 282 1284 C
299 1242 329 1284 C
348 1243 378 1283 C
396 1242 426 1284 C
443 1241 605 1282 XVIII.
647 1243 656 1290 Ι
703 1241 1005 1293 Inscriptionls
1032 1242 1165 1283 verba
1202 1252 1335 1294 supra
1377 1251 1485 1293 pag.
1518 1241 1611 1289 201,

81 1311 274 1364 repetita
295 1315 410 1351 sunt.
442 1309 513 1350 Ad
533 1310 614 1350 hoc
639 1309 752 1350 idem
780 1308 1023 1362 exemplum
1049 1309 1175 1361 quasi
1202 1307 1420 1360 adpendix
1443 1307 1613 1348 duabus
1690 1342 1705 1348 -

83 1377 388 1430 singularibus
423 1375 618 1431 plagulis
655 1377 696 1428 (8
726 1375 844 1418 soliis
872 1377 1121 1428 quadratis,
1164 1387 1348 1430 quorum
1374 1373 1614 1418 novissima

81 1445 254 1501 pag-ina
280 1457 306 1486 a
335 1445 548 1498 scriptura
574 1445 744 1496 vacat),
773 1444 960 1496 sig-natis
988 1453 1013 1486 ιι
1040 1444 1079 1498 b,
1108 1443 1277 1485 adiecta
1304 1448 1370 1485 cst
1394 1440 1613 1496 ‘Epistola

81 1513 361 1568 apologetica
373 1513 552 1556 Ortwini
573 1512 738 1565 Gratii',
767 1512 812 1552 in
841 1512 963 1554 cuius
990 1510 1075 1552 fine
1100 1511 1261 1565 leg-itur
1291 1505 1344 1565 ([
1372 1509 1539 1554 &clunic
1567 1517 1611 1552 εἴ

83 1582 223 1626 ebibat
251 1579 534 1626 annuntiantis
559 1581 678 1634 Mun
712 1579 1007 1632 Mattttsuiii.
1029 1581 1037 1630 Ι
1069 1579 1207 1632 quintu
1233 1576 1348 1623 zeus
1373 1577 1561 1622 Martias.
1585 1579 1592 1626 1

80 1653 108 1691 2
142 1665 187 1687 =
217 1648 394 1689 alterum
421 1649 686 1701 exemplum,
721 1650 846 1690 cuius
882 1647 1203 1700 inscriptionem
1232 1646 1511 1700 repetivimus
1540 1657 1611 1685 su-

81 1728 166 1772 pra
193 1717 398 1769 pag-.202‚
436 1716 620 1766 triginta
656 1716 774 1758 soliis
812 1716 1039 1768 quadratis
1070 1721 1277 1756 constans
1309 1715 1355 1755 in
1390 1711 1475 1753 line
1502 1711 1615 1763 (folii

79 1783 229 1824 ultimi
263 1783 405 1833 priore
438 1783 618 1834 pagina)
657 1784 808 1823 nabet:
868 1776 920 1835 ([
958 1779 1193 1834 &tumtunm
1240 1781 1423 1834 mutauit.
1476 1779 1611 1824 ἕλικα.

82 1847 386 1901 Mam-miii.
413 1847 455 1890 in
482 1846 701 1902 lingum}
727 1846 892 1890 Τελοσ.
922 1859 1006 1890 και
1031 1850 1131 1892 &m
1159 1842 1287 1900 δοξα.
1311 1848 1473 1900 [sinis.
1500 1858 1518 1891 ι
1543 1847 1613 1890 lm

83 1915 240 1974 gratia.
273 1916 282 1966 Ι
316 1914 406 1956 Hoc
441 1914 685 1966 exemplum
721 1915 840 1956 foliis
877 1927 896 1958 t
925 1919 970 1968 iij
995 1946 1007 1959 .
1030 1943 1044 1959 .
1064 1943 1075 1956 .
1112 1917 1225 1969 fijb
1264 1917 1452 1958 continet
1494 1916 1612 1956 illam

85 1981 264 2026 Ortvini
299 1981 528 2036 epistolam
561 1979 901 2033 apologeticam,
939 1995 1037 2024 cum
1064 1982 1164 2024 aliis
1189 1982 1408 2024 nonnullis
1434 1995 1531 2034 quae
1558 1984 1614 2024 ad

83 2055 126 2096 1.
156 2051 325 2092 duabus
359 2049 554 2104 plagulis
589 2059 787 2090 seorsum
827 2049 1016 2102 signatis
1043 2060 1068 2093 ι
1102 2050 1125 2093 l·
1160 2049 1308 2090 addita
1344 2055 1463 2093 sunt.
1515 2049 1615 2104 Ipse

82 2111 174 2162 usu
209 2117 341 2158 didici
384 2122 530 2158 extare
572 2116 770 2168 exempla
805 2116 1015 2170 principis
1049 2117 1255 2158 editionis
1287 2123 1375 2158 tam
1412 2117 1505 2158 sine
1538 2117 1614 2159 illa

87 2183 330 2240 appendice
374 2197 504 2238 quam
538 2197 637 2227 cum
671 2195 722 2227 ea
764 2185 1015 2237 coniuncta,
1061 2197 1203 2238 neque
1244 2197 1348 2226 vero
1394 2184 1481 2227 illae
1527 2191 1617 2227 tres

89 2250 306 2310 plag-um,
363 2253 438 2293 ubi
490 2264 684 2295 seorsum
728 2259 901 2305 extant,
949 2266 976 2294 a
1020 2253 1161 2295 tribus
1206 2253 1424 2306 prioribus
1470 2266 1617 2296 eorum

86 2318 404 2373 exemplarium
447 2318 664 2373 plag-ulis,
709 2333 804 2375 quae
849 2333 873 2361 e
914 2321 1105 2374 quinque
1146 2321 1380 2374 compactis
1422 2321 1617 2374 plag-ulis

87 2388 320 2441 conposita
348 2391 472 2438 sunt,
507 2387 746 2440 quidquam
771 2387 1001 2430 differunt:
1037 2389 1154 2441 quod
1180 2400 1276 2428 cum
1302 2401 1390 2430 non
1416 2389 1615 2439 vidisset,

35 2469 39 2498 ἲ
87 2458 297 2499 Ebertum
323 2456 368 2496 in
397 2467 492 2496 eum
519 2465 707 2497 errorem
733 2455 920 2508 induxit,
949 2460 999 2498 ut
1023 2457 1108 2498 tria
1136 2455 1393 2497 Ortviniana
1419 2456 1617 2510 exempla

89 2538 134 2568 a.
147 2525 264 2566 1518.
295 2524 513 2578 publicata
539 2535 635 2565 esse
668 2525 924 2578 opinaretur
939 2522 1179 2577 (Biblt'oqr.
1203 2524 1296 2568 lex.
1317 2537 1362 2567 n.
1382 2525 1613 2577 6846.sq.),

89 2593 295 2644 quamvis
338 2593 383 2633 in
426 2592 526 2646 ipsa
559 2593 758 2635 seeundae
801 2591 1005 2634 editionis
1051 2591 1336 2645 inscriptione
1377 2591 1619 2646 appelletur

92 2658 340 2712 ‘Imprerrio
362 2661 513 2702 secuda
540 2662 593 2701 οῦ
620 2660 942 2712 additionibus'‚
971 2665 1104 2714 atque
1129 2661 1223 2714 ipse
1242 2659 1451 2702 Ortvinus
1470 2665 1618 2714 aperte

86 2729 178 2769 duo
204 2731 376 2770 tantum
401 2728 601 2783 exempla
627 2741 668 2771 a.
690 2730 809 2772 1518.
836 2729 1055 2784 prodiisse
1080 2734 1264 2773 testatus
1292 2728 1351 2771 sit
1375 2728 1447 2770 his
1470 2727 1618 2771 verbis
