1942 3109
227 225 293 277 12
361 238 741 275 Pnrmuconm
767 237 1007 273 mamus.
1026 234 1245 273 comme
1271 235 1473 272 Paxos.
1488 234 1605 271 0.v.
1618 236 1753 272 EPP.

225 345 580 411 opprobrium
617 347 674 394 et
707 342 946 393 dedecus
987 342 1337 407 compositos,
1376 358 1409 393 a
1431 340 1619 410 Iudeis
1644 343 1759 395 tol·

224 430 406 482 lerent
450 434 506 481 et
554 429 987 494 supprimerent:
1043 425 1240 478 Voluit
1283 441 1501 491 quoque
1549 421 1643 480 eos
1689 434 1759 481 ut

228 532 392 582 quam
426 514 521 564 diu
558 514 932 563 Christianam
967 512 1130 563 fidem
1164 528 1275 562 non
1310 515 1757 579 acceptaverint,

231 599 534 653 secundum
571 599 859 661 antiquam
895 598 1077 663 legem
1124 601 1181 647 et
1224 598 1524 663 prophetas
1558 599 1759 651 vivere

231 687 451 737 debere.
526 684 734 734 Omitto
770 682 1007 746 reliqua.
1043 681 1358 733 istiusmodi
1393 683 1564 748 igitur
1596 700 1758 734 man-

233 771 422 821 datum
467 786 535 819 ex
574 767 956 819 commissione
995 766 1239 835 cesaree
1288 768 1601 819 maiestatis
1637 771 1758 834 pri-

233 871 380 906 mum
401 852 806 920 Franckfordie
842 852 1073 905 honesto
1110 854 1334 905 senatui
1372 853 1580 917 obtuli,.
1608 855 1762 917 quod
1795 851 1802 855 ’

226 956 430 1007 magna
467 956 589 990 cum
621 939 961 990 Reverentia
1007 942 1063 989 et
1107 938 1315 990 honore
1364 940 1759 1005 acceptarunt,

230 1030 286 1077 et
321 1027 468 1077 sicut
501 1026 722 1076 honesti
759 1028 814 1075 et
843 1023 1152 1075 Christiani
1184 1024 1294 1075 viri
1330 1022 1635 1073 secundum
1669 1028 1760 1075 te·

227 1128 416 1163 norem
459 1110 804 1175 imperatorii
846 1108 1099 1159 mandati
1142 1108 1407 1172 exequuti
1460 1112 1617 1171 suut,
1670 1109 1763 1161 ita

229 1196 376 1262 quod
411 1212 480 1247 ex
515 1196 816 1261 synagogis
851 1194 1142 1263 Iudeorum
1186 1208 1445 1259 mag-num
1490 1193 1764 1245 librorum

229 1298 512 1333 numerum
557 1281 885 1343 abstulerim
932 1283 991 1329 et
1036 1278 1182 1343 apud
1215 1283 1470 1329 senatum
1502 1280 1763 1330 Franck-

230 1368 544 1417 fordensem
603 1365 965 1431 deposuerim.
1037 1364 1103 1413 In
1160 1364 1510 1429 expeditione
1570 1367 1765 1424 autem

227 1451 392 1500 huius
428 1451 650 1514 negocii
683 1453 953 1501 venerunt
988 1448 1126 1498 mihi
1162 1466 1197 1499 a
1231 1450 1633 1514 gratiosissimo
1658 1449 1764 1501 do-

229 1535 377 1584 mino
413 1550 534 1583 meo
571 1531 788 1582 domino
824 1532 1016 1583 Uriele
1050 1532 1485 1599 Archiepiscopo
1520 1534 1763 1599 Mogun·

133 1642 136 1645 ⁴
229 1620 345 1669 tino
381 1620 610 1682 scripta,
646 1621 710 1668 ut
741 1618 802 1667 in
836 1618 942 1669 hoc
978 1618 1211 1683 negocio
1248 1617 1661 1684 supersederem
1703 1625 1767 1671 et

230 1720 316 1754 me
355 1703 424 1753 ad
450 1701 816 1768 Oschenburg
853 1701 924 1752 ad
959 1718 1116 1753 suam
1149 1703 1538 1754 Reverentiam
1563 1719 1765 1767 quam-

228 1789 462 1854 primum
510 1788 832 1839 conferrem.
906 1789 1027 1850 Quo
1084 1788 1239 1838 facto
1295 1788 1431 1837 mihi
1476 1788 1765 1853 Neophito

229 1873 418 1941 presul
451 1871 595 1923 dixit
633 1870 918 1936 ‘Quamvis
955 1874 1246 1938 negocium
1282 1873 1388 1923 hoc
1422 1874 1481 1921 in
1514 1888 1575 1923 se
1612 1875 1766 1925 satis

229 1958 516 2011 laudabile
562 1974 630 2009 ac
677 1960 878 2010 bonum
925 1959 1027 2021 sit,
1076 1961 1262 2007 tamen
1296 1956 1615 2007 mandatum
1648 1958 1769 2010 hoc

230 2045 582 2111 imperatoris
617 2061 809 2096 veram
833 2045 1067 2094 formam
1091 2044 1151 2091 in
1174 2058 1235 2093 se
1260 2058 1370 2093 non
1393 2043 1584 2107 habet,
1621 2045 1771 2107 quia,

231 2131 384 2182 solus
421 2146 522 2195 ego
559 2145 678 2179 sum
713 2130 772 2178 in
805 2130 910 2179 hoc
944 2126 1205 2178 mandato
1240 2128 1482 2193 positae,
1530 2132 1771 2193 propter

231 2214 377 2278 quod
413 2212 632 2279 quidem
655 2211 812 2279 Iudei
846 2212 1136 2276 negocium
1171 2211 1277 2261 hoc
1314 2211 1593 2277 depellere
1628 2229 1768 2278 pos-

137 2353 146 2363 ,
231 2300 390 2349 sent'.
467 2288 520 2347 (I
565 2296 834 2364 Preterea
881 2294 998 2345 dixi
1044 2310 1130 2346 me
1178 2295 1461 2348 audivisse
1506 2295 1573 2348 de
1620 2312 1771 2361 quo-

229 2383 356 2435 dam
398 2381 652 2445 doctore,
701 2382 797 2445 qui
838 2380 1217 2432 nominaretur
1257 2381 1497 2432 Ioannes
1539 2382 1771 2434 Reueh-

233 2467 344 2530 lin,
409 2470 566 2519 cuius
621 2467 758 2517 mihi
802 2482 912 2517 non
958 2469 1107 2517 esset
1152 2467 1381 2517 noticia.
1452 2466 1776 2532 Respondit

234 2551 423 2617 presul
457 2555 520 2601 ut
557 2551 953 2616 quamprimum
993 2550 1300 2601 conferrem
1322 2566 1408 2601 me
1434 2551 1506 2601 ad
1532 2550 1775 2620 cesaris

235 2636 466 2699 curiam,
493 2650 561 2685 ac
587 2634 861 2685 dominum
872 2636 1169 2699 Victorem,
1194 2634 1328 2684 olim
1345 2634 1575 2702 Iudeum
1597 2637 1775 2691 modo

243 2723 430 2771 autem
465 2716 613 2784 apud
647 2734 749 2768 nos
787 2719 844 2768 in
871 2718 1092 2770 Christo
1129 2717 1377 2769 feliciter
1412 2718 1774 2788 defunctum,
