1942 3109
177 226 572 280 consvmnr'o
595 234 972 279 commanus
1000 232 1054 276 b.
1082 234 1135 277 n.
1160 236 1202 277 9.
1230 236 1362 278 nov.
1388 232 1577 278 A.1510.
1636 224 1703 277 27

177 350 352 401 etiam
395 351 454 399 et
493 348 566 401 ab
613 348 752 413 ipsis
797 346 1201 397 Reuehlinistis
1251 342 1431 410 (modo
1489 348 1705 397 ratione

177 436 266 485 nti
299 432 500 497 velint)
535 447 670 485 vero
703 434 890 485 verius
927 431 1401 497 approbabuntur.

325 579 378 638 (I
426 585 874 638 Consultatio
919 584 1237 651 venerande
1272 584 1573 651 Academia}

319 676 518 724 contra
560 671 740 723 falsos
777 674 834 721 et
867 669 1235 723 scandalosos
1270 670 1445 721 libros
1481 670 1572 719 Iu-

319 758 544 827 deorum
579 757 836 807 emissa
871 756 954 805 ab
1004 758 1297 820 utraque
1344 754 1571 805 facul-

642 845 786 892 tate
823 838 1259 892 Coloniensi.

291 960 579 1024 Obsequia
639 964 694 1009 et
752 957 956 1010 devota
1018 958 1359 1009 salutatione
1418 959 1708 1026 premissa.

185 1042 670 1097 Reverendissime
693 1045 753 1093 in
778 1041 1002 1094 Christo
1028 1047 1191 1108 pater
1216 1058 1284 1093 ao
1309 1040 1544 1093 domine.
1603 1042 1711 1092 Im—

184 1130 393 1196 periali
426 1128 663 1179 iussioni
700 1132 756 1179 et
799 1130 1025 1195 negotio
1074 1144 1141 1177 ex
1190 1128 1572 1179 commissione
1619 1140 1715 1177 no-

185 1215 278 1265 bis
329 1215 590 1278 imposito
647 1216 966 1264 reverenter
1024 1213 1358 1263 satisfacere
1407 1213 1715 1278 cupientes,

192 1302 463 1364 quantum
531 1312 821 1363 possumus
891 1300 991 1349 sub
1068 1298 1364 1365 epistolari
1418 1297 1717 1359 brevitate,

191 1382 365 1433 Salvo
400 1398 615 1448 semper
645 1382 865 1433 meliori
900 1383 1133 1448 iudieiO,
1182 1382 1248 1434 de
1297 1382 1521 1448 punctis
1556 1381 1717 1433 nobis

189 1467 492 1535 prepositis
540 1468 622 1517 ita
669 1467 956 1519 sentimus.
1031 1469 1177 1531 Quia
1224 1468 1583 1518 manifestum
1629 1469 1718 1519 est

189 1552 396 1603 librum
428 1552 722 1621 Iudeorum
770 1567 933 1617 quem
969 1552 1233 1603 Thalmut
1275 1555 1485 1605 vocant
1530 1555 1717 1601 tantos

193 1639 480 1689 continere
525 1637 727 1688 nedum
775 1652 989 1687 errores
1046 1641 1103 1687 et
1156 1636 1473 1700 falsitateS,
1528 1650 1721 1687 verum

195 1722 370 1773 etiam
405 1721 788 1787 blasphemias
829 1725 884 1771 et
916 1721 1143 1789 hereses
1173 1725 1367 1774 eontra
1392 1721 1572 1787 legem
1596 1736 1721 1786 pro-

194 1808 402 1873 priam,
437 1811 664 1873 propter
700 1821 808 1875 que
843 1810 907 1856 ut
940 1810 1101 1859 notat
1134 1808 1379 1859 Ioannes
1410 1804 1629 1873 Andree
1663 1805 1725 1854 in

193 1890 427 1941 novella
472 1895 598 1956 post
631 1892 1019 1943 Innocentium
1064 1892 1124 1941 in
1173 1908 1297 1957 cap.
1354 1890 1513 1954 Quod
1558 1904 1725 1955 super

197 1976 286 2027 his
321 1976 408 2026 De
451 1980 582 2028 voto
630 1980 686 2029 et
727 1978 848 2028 voti
895 1976 1299 2041 redemptione,
1347 1987 1515 2039 super
1553 1974 1723 2024 verbo

193 2060 616 2112 ‘defensionem'
685 2062 822 2113 moti
881 2060 1182 2127 Gregorius
1254 2062 1310 2109 et
1362 2058 1724 2108 Innocentius

197 2144 606 2195 mandaverunt
643 2145 878 2197 eundem
913 2145 1118 2197 librum
1156 2144 1404 2196 comburi
1435 2143 1725 2194 Habeant-

201 2242 312 2293 que
369 2228 558 2293 plures
615 2230 758 2282 alios
815 2230 1020 2296 libros,
1078 2231 1281 2296 impias
1326 2233 1383 2281 et
1424 2228 1725 2281 horrendas

198 2313 584 2381 blasphemias
631 2313 718 2378 (ut
754 2312 980 2382 dieitur)
1034 2317 1417 2381 eontinenteS,
1462 2316 1522 2365 in
1556 2314 1729 2365 domi-

194 2414 332 2449 num
375 2402 626 2449 nostrum
672 2398 892 2451 Ihesum
939 2399 1219 2452 Christum
1268 2404 1323 2450 et
1372 2401 1492 2450 eius
1537 2397 1727 2449 fideles
1802 2453 1809 2459 ,

199 2485 447 2537 cultores
475 2482 843 2548 Christianos,
879 2483 946 2535 de
986 2467 1189 2549 quibus
1228 2485 1468 2534 eonstito
1504 2483 1729 2548 impium

204 2574 356 2620 esset
391 2574 447 2621 et
482 2568 858 2635 irreligiosum
896 2570 978 2619 eis
1014 2570 1213 2620 talium
1258 2569 1525 2619 librorum
1572 2580 1731 2619 usum

201 2656 532 2719 permittere
577 2671 679 2721 per
729 2670 866 2719 quos
913 2654 1025 2719 ipsi
1077 2655 1331 2705 irrisores
1380 2650 1594 2701 Christi
1637 2650 1733 2699 do-

197 2739 343 2789 mini
377 2743 434 2790 et
473 2740 792 2805 blasphemi
835 2738 981 2789 filios
1027 2752 1156 2789 suos
1201 2734 1591 2800 blasphemare
1636 2732 1733 2783 do-
