1942 3109
291 271 358 314 15.
382 275 557 311 rna-111
583 271 941 310 sursunt-r.
981 267 1045 311 16.
1074 273 1193 308 Ion.
1221 271 1580 309 mun-oms.
1641 259 1744 310 219

194 380 367 432 valde
402 380 654 445 elegans.
716 377 843 429 Non
864 392 1086 442 possum
1110 377 1271 429 vobis
1295 379 1538 430 scribere
1564 395 1742 444 quan-

198 471 321 516 tum
366 467 452 514 est
497 463 643 514 utile
691 462 900 512 habere
944 461 1117 512 talem
1164 462 1383 512 librum.
1463 462 1572 514 Sed
1627 479 1740 514 non

198 549 421 600 debetis
458 547 647 598 dieere
687 546 907 596 Iuristis
941 546 1002 595 in
1039 545 1274 597 Colonia
1312 547 1407 612 qui
1442 549 1572 598 sunt
1613 547 1738 598 fau-

199 638 359 684 tores
392 632 624 683 Ioannis
663 629 960 680 Reuchlin:
1011 631 1144 694 quia
1191 630 1240 680 si
1275 630 1548 681 haberent
1581 633 1736 682 illum

198 719 437 780 librum,
464 716 643 781 magis
668 713 953 765 subtiliter
976 718 1205 779 possent
1227 715 1566 779 practicam.
1620 715 1740 782 Ego

200 804 352 853 bene
398 801 519 851 seio
567 797 713 863 quod
762 814 872 849 non
907 799 1128 850 habetis
1165 798 1409 850 libenter
1443 799 1589 863 quod
1624 804 1739 850 stu·

202 887 310 938 deo
347 887 407 936 in
430 885 587 948 Iure,
624 885 759 948 quia
794 899 930 949 sepe
965 881 1190 934 dixistis
1227 883 1361 936 mihi
1397 883 1542 947 quod
1564 882 1739 935 debeo

202 969 434 1022 studere
469 970 528 1018 in
563 967 903 1033 Theologia,
951 982 1060 1033 quq
1107 966 1398 1018 beatificat
1443 970 1499 1017 et
1541 972 1626 1018 est
1669 967 1738 1018 de

206 1055 413 1105 maiori
446 1056 670 1117 merito,
706 1067 876 1117 quam
912 1052 1014 1101 illa
1049 1051 1182 1101 Iura
1217 1067 1326 1118 que
1363 1052 1582 1101 faciunt
1618 1068 1739 1102 cur-

206 1155 343 1191 vum
386 1141 595 1188 rectum
641 1141 698 1187 et
744 1139 961 1186 rectum
1008 1150 1253 1186 curvum.
1324 1135 1400 1185 Et
1445 1134 1741 1200 allegastis

208 1223 350 1274 mihi
389 1220 719 1270 Richardum
763 1222 824 1271 in
870 1236 983 1270 uno
1026 1234 1214 1284 passu.
1295 1219 1556 1271 Attamen
1611 1219 1736 1271 dieo

204 1307 371 1358 vobis
420 1305 564 1369 quod
606 1309 826 1371 oportet
882 1321 969 1354 me
1028 1305 1246 1368 facere,
1303 1306 1436 1368 quia
1496 1306 1736 1356 scientia

205 1391 357 1442 Iuris
394 1393 479 1440 est
514 1387 579 1440 de
613 1406 758 1455 pane
795 1388 1092 1439 lucrando:
1130 1388 1274 1440 unde
1309 1403 1504 1439 versus

279 1476 434 1539 „Dat
463 1473 731 1526 Galienus
768 1488 900 1538 opes
1005 1476 1062 1524 et
1099 1473 1316 1523 sanctio
1352 1472 1679 1522 Iustiniani:

274 1561 363 1610 Ex
399 1559 529 1609 aliis
563 1559 790 1623 paleas,
896 1573 964 1608 ex
997 1557 1125 1607 istis
1163 1557 1366 1623 collige
1402 1559 1632 1624 grana'’.

202 1647 282 1696 Et
307 1645 470 1694 scitis
492 1644 635 1693 bene
672 1640 819 1707 quod
856 1642 1002 1692 alias
1038 1635 1158 1692 suin
1192 1656 1429 1706 pauper,
1468 1646 1525 1691 et
1560 1645 1740 1690 mater

202 1744 337 1780 mea
379 1729 605 1794 scripsit
644 1726 781 1776 mihi
827 1725 971 1789 quod
1017 1724 1191 1776 debeo
1238 1725 1483 1789 cogitare
1531 1724 1602 1774 ad
1637 1725 1735 1774 ha-

204 1812 450 1864 bendum
481 1813 689 1862 vietum
726 1815 783 1862 et
820 1811 1109 1872 amictum,
1159 1810 1292 1873 quia
1342 1809 1584 1872 amplius
1629 1823 1740 1857 non

207 1897 337 1946 vult
368 1896 583 1947 mittere
610 1895 745 1946 mihi
770 1893 1098 1960 pecuniam:
1137 1897 1193 1943 et
1217 1894 1300 1942 sic
1325 1897 1412 1943 est
1434 1907 1534 1957 per
1557 1890 1738 1942 deum.

206 1981 321 2031 Sed
359 1982 470 2030 iam
506 1981 701 2031 iterum
742 1981 927 2044 cogito
963 1977 1032 2027 de
1056 1979 1167 2028 isto
1193 1978 1344 2026 socio
1371 1975 1466 2040 qui
1491 1977 1630 2026 feeit
1651 1991 1738 2026 me

201 2068 429 2116 iratum.
501 2065 705 2116 Valete
745 2062 1086 2114 cordialiter.
1154 2061 1363 2110 Datum
1397 2060 1584 2126 Rome.

931 2313 1016 2365 16.

250 2439 303 2497 (Ι
343 2435 744 2519 Magister
786 2431 1195 2496 Iohannes
1239 2428 1685 2492 Pileatoris

501 2536 845 2601 Magistro
883 2534 1172 2596 Ortvino
1209 2532 1450 2584 Gratio

274 2657 505 2708 Salutes
541 2654 704 2705 vobis
739 2653 929 2717 plures

380 2742 564 2802 Quam
602 2739 733 2786 sunt
764 2737 826 2782 in
859 2732 1100 2782 Polonia
1135 2731 1318 2788 fures,
