1942 3109
100 251 564 290 LAuEu'rA'rlousss
603 255 908 294 OBSGVBOB·
933 257 1240 294 Bssvcnmn.
1264 257 1445 295 HOVAE·
1478 281 1492 288 x
1512 242 1611 296 311

811 478 895 530 31.
1632 485 1701 530 Μ

289 562 340 621 (1
381 559 747 624 Andreas
793 560 1423 646 Castrimergius

503 663 820 716 Oswaldo
855 663 1209 716 Flockano

711 749 788 801 .S.
825 750 888 800 P.
924 751 996 800 D.

198 852 490 902 Librorum
537 852 699 918 copia
742 867 828 903 me
873 852 1169 918 plurimum
1212 851 1485 916 delectat,
1539 851 1615 902 mi

91 935 411 999 Flockane‚
457 934 564 985 hoc
608 943 794 986 tamen
837 951 1005 988 unum
1038 935 1233 1002 procul
1268 935 1497 986 excellit
1531 939 1617 986 at.-

94 1034 201 1083 que
239 1019 473 1083 eminet,
509 1035 618 1070 non
653 1021 828 1070 solum
865 1021 997 1086 quia
1030 1021 1234 1084 maius,
1271 1023 1369 1071 aut
1403 1020 1617 1070 factum

92 1103 397 1170 egregium,
422 1103 522 1154 sed
546 1103 691 1168 quod
723 1119 822 1170 per
855 1105 1111 1170 ingentes
1147 1105 1411 1155 librorum
1444 1104 1616 1156 fasci-

92 1189 275 1252 culos,
315 1192 372 1238 et
406 1204 695 1240 onerosam
728 1189 1047 1240 fabularum
1082 1189 1422 1254 congeriem,
1460 1187 1616 1239 theo-

89 1273 250 1339 logos
288 1272 586 1337 aliquando
624 1274 953 1324 convincere
990 1274 1280 1340 possimus.
1330 1272 1407 1322 Te
1444 1272 1616 1337 igitur

91 1363 148 1408 et
195 1357 386 1408 hortor
431 1362 487 1410 ct
519 1373 740 1422 moneo,
787 1361 850 1408 ut
882 1374 1027 1409 novo
1062 1358 1253 1422 aliquo
1289 1372 1483 1422 opere,
1530 1371 1613 1405 re-

89 1457 226 1494 cens
271 1442 564 1506 impresse,
607 1457 708 1492 nos
751 1441 957 1493 donare
1002 1457 1112 1493 non
1147 1441 1485 1508 dedigneris,
1532 1444 1613 1491 et-

84 1526 257 1579 iamsi
282 1525 518 1592 idipsum
552 1525 854 1593 multiplici
876 1526 1071 1593 lingua
1096 1527 1170 1578 sit
1194 1525 1416 1578 editum.
1453 1524 1612 1580 Vale.

845 1765 892 1815 2.

579 1850 631 1908 (Ι
673 1761 1137 1910 ἙΙοΒοΙςαῑιιιε

541 1966 642 2001 suo
679 1949 1171 2015 Castrimergio

712 2034 786 2086 .S.
824 2034 888 2084 P.
922 2035 995 2086 D.

144 2142 220 2190 In
253 2152 401 2188 nova
435 2138 548 2187 fert
581 2137 794 2186 animus
827 2139 1073 2186 mutatas
1105 2135 1293 2186 dicere
1326 2133 1532 2185 formas

150 2223 425 2286 Corpora,
449 2221 545 2284 dii,
573 2221 752 2287 ceptis
773 2217 924 2285 (nam
949 2219 1331 2272 vos‘mutastis
1358 2221 1415 2270 et
1436 2217 1611 2284 illas),

147 2307 420 2372 Aspirate
455 2306 610 2355 meis.

83 2399 169 2447 Do
210 2391 318 2441 tibi
355 2389 523 2451 dono,
559 2388 900 2454 Marcolphi,
936 2389 1244 2456 dialogum,
1283 2402 1443 2453 quem
1480 2387 1612 2441 Cor-

83 2483 255 2531 nutus
281 2473 530 2524 Sibarita
555 2489 624 2524 ex
657 2473 836 2523 latino
870 2490 1047 2539 nuper
1080 2475 1138 2523 in
1173 2489 1396 2542 grecum
1430 2477 1611 2524 trans-

83 2563 248 2624 bulst,
293 2560 377 2608 ita
424 2559 590 2608 etiam
625 2561 688 2608 ut
721 2573 866 2607 nunc
902 2558 1133 2608 atticam
1166 2557 1424 2610 videatur
1454 2557 1612 2609 redo-

83 2651 205 2700 [ere
231 2643 530 2694 lucernam.
576 2643 694 2708 Ego
721 2645 904 2693 autem
939 2642 1158 2706 longius
1194 2659 1293 2707 per
1330 2642 1611 2693 cancellos

83 2731 304 2790 videns,
340 2726 498 2776 illum
535 2727 796 2779 continuo
834 2743 902 2778 ex
938 2741 1106 2794 greca
1142 2726 1337 2792 lingua
1360 2727 1419 2776 in
1443 2727 1609 2779 scoti-
