1942 3109
294 217 392 268 140
417 231 796 268 Parnmcoum
823 231 1062 267 DBFBRS.
1085 229 1303 268 cou'ru
1328 229 1541 266 FAMOS.
1570 233 1629 266 0.
1646 234 1843 270 v.m³1’.

291 337 444 389 nullo
481 339 788 404 instigante
826 336 1223 402 comprobavit.
1281 336 1345 385 In
1382 336 1473 385 his
1512 337 1705 402 igitur
1736 355 1843 407 que

293 439 376 474 me
412 421 703 474 dumtaxat
739 426 1109 484 concernunt,
1157 425 1214 472 et
1258 421 1315 470 in
1352 421 1571 485 quibus
1612 440 1707 475 me
1742 442 1840 477 non

295 509 466 560 alium
513 509 664 575 gessi
709 524 874 572 quam
915 509 1120 559 bonum
1156 523 1224 556 ac
1260 507 1410 571 pium
1447 505 1839 562 Christianum

295 594 568 659 oportuit,
616 594 815 644 Ioanni
849 592 1123 644 Reuchlin
1169 593 1229 640 in
1272 591 1421 642 hunc
1469 607 1670 658 usque
1708 596 1837 646 diem

298 679 367 729 ab
406 678 506 729 illo
541 678 871 744 proditionis
909 694 1009 744 sue
1034 681 1282 742 tempore
1306 676 1551 742 primum
1578 680 1835 746 redargu—

294 764 463 814 tionis
501 763 704 827 stylum
740 763 939 815 obieci.

836 901 1011 968 Note
1049 895 1273 949 Sexto.

438 1011 489 1070 (I
530 1020 901 1071 Movebuntur
943 1021 1184 1070 fortasse
1222 1018 1327 1067 hoc
1364 1018 1495 1069 loco
1532 1020 1674 1071 boni
1722 1023 1835 1081 viri,

297 1106 578 1156 dicentes:
615 1104 939 1156 Audivimus
975 1104 1134 1154 modo
1168 1106 1355 1170 mutue
1393 1109 1583 1170 vestre
1610 1111 1837 1156 conten—

299 1190 470 1241 tionis
505 1189 709 1252 inicia,
747 1187 983 1255 legimus
1020 1202 1247 1264 quoque
1265 1188 1541 1239 Ioannem
1556 1188 1839 1240 Reuchlin

299 1291 449 1326 reum
475 1289 598 1326 esse
625 1275 1006 1339 originarium,
1034 1271 1321 1324 Credimus
1346 1273 1583 1338 insuper
1608 1279 1667 1326 te
1692 1275 1837 1325 illius

302 1361 770 1411 consultationem
827 1373 1111 1422 nunquam
1170 1355 1513 1421 prodidisse,
1576 1359 1837 1411 Fatemur

299 1449 470 1495 etiam
525 1447 579 1494 te
637 1445 696 1492 in
756 1443 1004 1493 manuali
1058 1446 1155 1492 tuo
1210 1441 1439 1507 speculo
1486 1442 1744 1508 legitime
1789 1449 1835 1494 et

299 1531 492 1577 sancte
528 1525 748 1588 {contra
799 1539 922 1576 eum
980 1527 1303 1590 scripsisse,
1360 1543 1429 1577 ex
1484 1542 1602 1591 quo
1660 1529 1835 1593 (sicuti

300 1612 490 1663 multis
535 1611 877 1675 incognitum
921 1608 1055 1675 fuit)
1093 1610 1152 1660 in
1188 1626 1291 1661 sua
1326 1614 1382 1660 te
1422 1614 1837 1665 consultatione

301 1696 446 1764 apud
469 1694 767 1764 cesaream
787 1695 1144 1746 Maiestatem
1168 1696 1323 1761 prius
1348 1699 1405 1746 et
1430 1696 1667 1762 indigne
1694 1700 1843 1766 lesit,

299 1799 464 1849 quam
509 1786 572 1831 tu
614 1781 844 1832 verbum
888 1780 1005 1831 ullo
1050 1796 1296 1845 unquam
1341 1785 1593 1845 tempore
1642 1787 1845 1834 contra

300 1867 459 1919 illum
496 1867 818 1931 scripsisses
858 1869 932 1916 ‚et
957 1881 1005 1914 c.
1080 1864 1189 1916 Sed
1224 1865 1316 1915 dic
1352 1866 1626 1931 obsecro,
1672 1873 1741 1919 ut
1786 1886 1843 1920 eo

303 1952 503 2004 melius
551 1967 663 2003 rem
709 1952 887 2018 ipsam
942 1950 1348 2017 intelligamus,
1398 1952 1665 2018 Quenam
1726 1959 1845 2005 sunt

301 2040 404 2090 illa
443 2055 548 2107 que
586 2039 642 2088 in
679 2053 782 2088 sua
819 2035 1233 2087 consultatione
1271 2038 1465 2084 contra
1510 2039 1565 2085 te
1621 2041 1849 2105 scripsit

305 2128 362 2174 et
399 2123 526 2172 aliis
563 2123 620 2172 in
655 2121 798 2172 locis
835 2121 1204 2186 approbavit?
1240 2119 1422 2169 Multa
1458 2120 1727 2187 inquam,
1750 2125 1847 2174 hoc

305 2209 491 2256 autem
526 2207 585 2254 in
620 2205 836 2267 primis,
886 2205 1032 2266 quod
1076 2204 1219 2254 dixit
1251 2202 1450 2272 Iudeos
1485 2204 1548 2254 in
1585 2210 1849 2260 oratione

302 2286 904 2351 Felamschommodym
939 2303 1049 2338 non
1086 2302 1244 2338 orare
1284 2292 1477 2339 contra
1515 2304 1649 2356 nos,
1689 2294 1851 2344 immo

223 2373 612 2441 §bparatiores
673 2389 794 2425 esse
835 2371 842 2437 Ι
884 2374 1045 2424 nobis
1100 2375 1308 2425 servire
1366 2389 1533 2438 quam
1581 2375 1853 2430 damnum

304 2460 512 2510 inferre
559 2463 634 2511 .et
667 2475 713 2510 c.
763 2474 887 2508 cum
933 2462 1117 2509 tamen
1161 2459 1266 2525 hec
1314 2462 1369 2510 et
1414 2459 1533 2508 alia
1570 2460 1633 2510 id
1673 2479 1855 2528 genus

308 2543 514 2592 similia
549 2545 608 2592 in
642 2543 890 2593 manuali
926 2560 1045 2593 meo
1071 2544 1297 2607 speculo
1324 2543 1461 2592 satis
1488 2543 1855 2612 impugnata,

307 2627 510 2691 optimo
549 2629 747 2689 cuique
783 2627 932 2676 falsa
969 2627 1041 2676 ad
1076 2625 1295 2676 oculum
1331 2630 1581 2691 pateant.
1648 2630 1860 2682 Multis

306 2710 478 2774 igitur
501 2709 720 2758 omissis
745 2724 854 2759 non
879 2709 1071 2759 debuit
1093 2709 1331 2759 Ioannes
1348 2708 1627 2760 Reuchlin
1656 2717 1861 2780 sepius
