1942 3109
258 227 358 278 188
435 243 727 278 nrrsromn
754 242 1124 279 onscvuoavu
1148 243 1406 278 vuzonvu
1433 243 1610 279 πονε.

357 347 431 396 Et
464 349 547 398 sic
583 349 736 401 abivi
758 364 912 410 mox,
1016 349 1267 411 quamvis
1293 349 1404 398 fuit
1427 349 1618 398 statim
1643 348 1786 412 Nox,

356 433 431 481 Et
462 434 595 483 veni
630 432 701 482 ad
736 432 1187 498 Francfurdiam,
1293 447 1400 498 que
1447 434 1600 482 iacet
1637 433 1786 497 apud

1067 517 1340 568 Oderam=

354 602 442 653 Ibi
484 603 833 652 Hel-mannus
875 602 1192 663 Trebellius
1299 617 1422 652 cum
1468 603 1584 653 suis
1649 619 1782 668 poe—

1066 687 1310 737 matibus

274 782 325 822 20
359 773 593 824 Multum
646 789 730 822 me
786 773 1111 836 infamavit,
1219 775 1276 822 et
1332 772 1602 822 audacter
1657 773 1781 823 bla-

1065 857 1407 922 spbemavit3

353 941 583 991 Necnon
628 941 735 992 duo
784 943 1073 1006 Osthenii,
1183 942 1279 1005 qui
1326 945 1456 990 sunt
1501 942 1658 992 illius
1703 942 1783 991 di-

1063 1026 1294 1091 scipuli,

354 1111 463 1173 Qui
498 1111 687 1161 multis
734 1112 1154 1176 cognominibus
1258 1112 1546 1162 vexabant
1589 1127 1677 1162 me
1725 1113 1782 1162 in

1067 1195 1326 1247 Civibus:

349 1279 436 1328 Do
474 1279 603 1328 hiess
639 1279 787 1328 mich
810 1279 899 1329 die
925 1283 1094 1345 gantz
1120 1284 1261 1330 statt
1363 1279 1482 1330 ‘das
1511 1279 1779 1332 Colnisch

1060 1363 1339 1430 Copulat',

350 1448 439 1497 Ita
476 1448 623 1513 quod
660 1449 941 1500 ambulavi
977 1450 1036 1498 in
1071 1449 1378 1513 Austriam,
1484 1449 1556 1500 ad
1599 1466 1780 1502 meam

1059 1533 1264 1583 malam
1300 1534 1606 1585 fortunam:

270 1627 321 1666 25
358 1617 505 1679 Quia
564 1616 899 1667 Collimitius
1005 1616 1220 1682 (veniat
1273 1619 1328 1668 ei
1379 1623 1609 1670 sanctus
1665 1618 1778 1668 An-

1057 1701 1305 1768 thonius)

347 1787 480 1835 Fuit
513 1787 593 1837 ibi
628 1787 863 1850 Rector,
969 1792 1027 1838 et
1059 1803 1214 1838 meus
1248 1787 1594 1853 inimicator,

346 1872 570 1922 Vocans
594 1887 681 1920 me
704 1871 1056 1936 traditorem,
1163 1876 1219 1922 et
1241 1872 1436 1923 volens
1462 1888 1668 1937 ponere
1705 1871 1781 1923 ad

1059 1955 1379 2021 Oarcerem,

344 2040 468 2090 Nisi
502 2041 736 2090 fecisset
769 2040 1082 2091 Heckman.
1189 2039 1298 2091 Sed
1319 2041 1636 2092 Ioachimus
1663 2043 1796 2094 Va·-

1059 2125 1218 2188 dian,

344 2210 557 2261 Novum
600 2209 994 2273 infortunium,
1099 2214 1325 2276 propter
1357 2211 1774 2276 Pepercornum

264 2302 317 2343 3ο
349 2293 567 2344 Mecum
600 2294 683 2344 ibi
718 2295 959 2359 incepit,
1065 2297 1200 2358 quia
1235 2311 1358 2345 eum
1393 2296 1696 2362 viIIpendit

344 2378 409 2427 In
464 2394 589 2432 sua,
616 2378 969 2443 defensione,
1086 2380 1338 2442 quamvis
1393 2395 1517 2431 cum
1571 2397 1775 2448 mag-na

1055 2465 1292 2515 ratione.

342 2547 501 2597 Tunc
546 2547 663 2598 dixi
707 2547 855 2611 quod
898 2564 1019 2598 sum
1049 2549 1359 2613 innocenti,
1477 2554 1534 2600 et
1577 2553 1773 2618 rogavi

1055 2649 1180 2683 eum
1211 2634 1380 2697 flenS,

345 2716 502 2778 Quod
518 2716 693 2768 vellet
708 2731 793 2766 me
814 2716 1109 2779 dimittere3
1213 2721 1348 2767 tunc
1367 2717 1508 2768 dixit
1525 2720 1581 2769 ei
1598 2723 1773 2772 tacite
