1942 3109
207 205 314 258 37ss
387 221 679 258 EPISTOLAE
703 220 1073 258 OBSGVBOBVH
1096 220 1355 257 vmonvn
1380 221 1560 257 ROVAE.

209 330 342 377 tunc
383 327 504 392 ipse
549 327 787 392 pessime
831 326 1037 377 stabit:
1096 341 1199 391 ego
1252 340 1363 376 non
1418 326 1733 391 achperem

211 415 434 462 eentum
457 412 692 462 florenos
725 412 872 476 quod
905 411 1170 462 haberem
1204 411 1311 462 hoc
1345 411 1404 460 in
1438 410 1563 462 loco
1602 427 1733 464 suo:

211 498 344 560 quia
379 496 574 547 dicunt
607 495 754 560 quod
787 497 906 560 ipse
941 496 1024 546 ibi
1056 495 1291 547 multam
1324 497 1623 548 seminavit
1658 499 1735 549 zi-

211 583 459 633 zaniam:
497 586 553 633 et
587 585 750 647 putat
786 580 932 645 quod
967 596 1127 632 nemo
1164 580 1369 632 debeat
1392 581 1497 632 hoe
1516 587 1737 642 notare,

213 666 321 718 sed
366 667 624 733 magistri
665 668 842 716 nostri
889 681 999 716 non
1044 669 1175 716 sunt
1220 670 1333 716 tam
1380 666 1568 731 stulti,
1626 667 1739 718 Sed

209 753 320 819 ipsi
339 753 482 802 bene
501 752 686 802 sciunt
701 751 800 802 nbi
816 751 970 801 iacet
986 750 1200 815 Anguis
1228 751 1287 800 in
1312 751 1487 802 herba
1506 748 1591 816 (ut
1608 750 1738 802 Ale·-

211 835 420 887 xander
439 835 565 902 ait).
585 837 706 901 Ego
725 851 836 886 non
853 835 1011 901 potui
1029 835 1213 886 omnia
1230 835 1500 886 retinere:
1522 835 1618 885 sed
1637 836 1741 886 ali-

215 934 326 985 qua
361 919 542 972 adhue
575 921 726 985 scio,
761 921 894 986 quia
929 920 1071 970 dicit
1104 919 1251 984 quod
1284 924 1516 971 sanctus
1539 921 1738 972 Hiero-

213 1007 394 1057 nimus
429 1023 539 1057 non
573 1007 684 1057 fuit
719 1004 1065 1070 cardinalis,
1102 1005 1248 1070 quod
1281 1009 1477 1071 utique
1514 1009 1599 1056 est
1636 1005 1739 1054 cri-

214 1107 340 1142 men
375 1091 492 1159 lese
533 1091 873 1154 maiestatis,
919 1096 977 1141 et
1021 1091 1167 1141 male
1214 1093 1389 1142 sentit
1430 1089 1499 1140 de
1542 1095 1739 1141 sancto

215 1175 455 1242 Georgio
502 1180 560 1227 et
603 1175 972 1240 Christofero,
1020 1179 1077 1227 et
1118 1175 1377 1240 reliquiis
1420 1179 1741 1225 sanctorum

215 1265 276 1312 et
325 1260 602 1325 candeliS,
664 1265 720 1312 et
769 1260 840 1311 de
896 1261 1249 1312 confessione
1302 1259 1741 1311 sacramentali:

219 1345 388 1396 etiam
421 1346 482 1395 in
515 1345 704 1396 multis
737 1344 880 1395 locis
915 1345 1299 1410 blasphemat,
1338 1345 1470 1410 quia
1492 1345 1745 1409 loquitur

218 1433 412 1480 contra
429 1428 710 1480 doctorem
727 1433 983 1480 sanctum
1004 1433 1061 1480 et
1090 1434 1280 1480 contra
1308 1430 1588 1480 doctorem
1612 1431 1743 1480 sub-

217 1515 392 1564 tilem.
460 1513 536 1563 Et
569 1513 710 1564 dicit
744 1513 890 1578 quod
925 1514 1235 1581 Theologia
1278 1516 1521 1582 ipsorum
1564 1515 1744 1566 nichil

218 1599 318 1649 sit:
373 1613 480 1666 que
537 1599 722 1648 omnia
775 1599 1032 1664 magistri
1076 1601 1255 1650 nostri
1298 1601 1639 1666 scripserunt
1682 1601 1745 1650 in

216 1699 398 1734 unum*
418 1682 702 1748 volumen,
741 1687 797 1734 et
830 1683 1029 1734 volunt
1064 1701 1188 1735 eum
1226 1685 1560 1736 confundere
1596 1686 1745 1736 sicut

217 1768 553 1836 hereticum,
609 1769 759 1818 sicut
811 1768 1071 1819 fecerunt
1114 1769 1315 1820 Ioanni
1356 1769 1638 1822 Wessalia
1681 1771 1744 1819 in

219 1853 530 1920 Mag-untia.
600 1853 676 1903 Et
719 1853 770 1904 si
813 1853 935 1904 vult
978 1854 1211 1904 multum
1256 1855 1531 1905 relatrare
1568 1858 1627 1906 et
1660 1855 1745 1904 in-

219 1939 472 1991 vectivas
517 1939 764 1990 scribere
811 1942 1007 1989 contra
1052 1955 1173 2004 eos,
1228 1943 1365 1990 tunc
1407 1939 1607 1990 volunt
1650 1955 1745 1990 ex—

221 2028 450 2091 pectare
473 2039 650 2090 usqne
675 2027 804 2089 post
824 2028 1055 2074 mortem
1092 2013 1238 2089 eius,
1274 2025 1350 2074 Et
1382 2028 1515 2074 tunc
1548 2024 1751 2075 volunt

222 2110 586 2162 condemnare
643 2123 830 2160 omnes
883 2109 1057 2160 libros
1112 2110 1251 2160 eius.
1328 2109 1441 2159 Rla
1494 2112 1581 2160 est
1632 2109 1749 2158 iam

222 2195 476 2260 practica
500 2192 646 2256 apud
671 2194 967 2258 magIstros
1002 2199 1238 2244 nostros.
1296 2194 1371 2244 Et
1408 2193 1539 2257 quia
1576 2195 1751 2244 etiam

221 2279 462 2329 libenter
508 2275 715 2326 auditis
759 2278 1071 2342 novitates,
1116 2277 1332 2328 debetis
1378 2278 1553 2341 scire,
1600 2279 1750 2342 quod

220 2365 446 2414 Fratres
479 2363 718 2413 minores
743 2361 950 2413 debent
970 2362 1083 2412 iam
1105 2362 1311 2414 habere
1335 2362 1655 2428 generalem
1678 2362 1752 2413 de

225 2447 628 2510 observantia,
673 2447 818 2512 quod
863 2447 1303 2512 impetraverunt
1335 2449 1448 2512 ipsi
1481 2448 1541 2496 in
1576 2445 1751 2498 Curia

225 2546 323 2596 pro
351 2528 452 2584 .16.
477 2530 634 2580 Mille
659 2529 898 2582 ducatis.
957 2531 1033 2581 Et
1066 2531 1342 2584 Moniales
1382 2531 1451 2582 ad
1490 2535 1753 2582 sanctam

227 2615 454 2666 Claram
487 2614 556 2666 de
592 2613 782 2666 ordine
814 2615 1088 2665 Minorum
1122 2615 1289 2666 valde
1325 2617 1523 2667 timent
1556 2631 1627 2667 ne
1662 2633 1753 2668 re-

224 2701 556 2763 formentur,
603 2703 661 2748 et
706 2699 971 2763 quicquid
1016 2701 1251 2765 habent,
1296 2701 1402 2751 hoc
1445 2701 1647 2766 fugant
1692 2703 1757 2751 in
