<?xml version="1.0" encoding="UTF-8"?>
<!DOCTYPE html PUBLIC "-//W3C//DTD XHTML 1.0 Transitional//EN"
    "http://www.w3.org/TR/xhtml1/DTD/xhtml1-transitional.dtd">
<html xmlns="http://www.w3.org/1999/xhtml" xml:lang="en" lang="en">
 <head>
  <title>
</title>
<meta http-equiv="Content-Type" content="text/html;charset=utf-8" />
  <meta name='ocr-system' content='tesseract 3.04.00' />
  <meta name='ocr-capabilities' content='ocr_page ocr_carea ocr_par ocr_line ocrx_word'/>
</head>
<body>
  <div class='ocr_page' id='page_1' title='image "./epistolaeobscur00huttgoog_0562.png"; bbox 0 0 1942 3109; ppageno 0'>
   <div class='ocr_carea' id='block_1_1' title="bbox 232 283 1753 339">
    <p class='ocr_par' dir='ltr' id='par_1_1' title="bbox 232 283 1753 339">
     <span class='ocr_line' id='line_1_1' title="bbox 232 283 1753 339; baseline -0.001 -4"><span class='ocrx_word' id='word_1_1' title='bbox 232 302 284 337; x_wconf 79' lang='lat' dir='ltr'>P.</span> <span class='ocrx_word' id='word_1_2' title='bbox 302 299 431 337; x_wconf 69' lang='lat' dir='ltr'>run.</span> <span class='ocrx_word' id='word_1_3' title='bbox 482 300 695 336; x_wconf 59' lang='lat' dir='ltr'>aarum</span> <span class='ocrx_word' id='word_1_4' title='bbox 721 297 795 335; x_wconf 76' lang='lat' dir='ltr'>An</span> <span class='ocrx_word' id='word_1_5' title='bbox 820 298 1268 339; x_wconf 67' lang='lat' dir='ltr'>ABN.TvueR.nP.</span> <span class='ocrx_word' id='word_1_6' title='bbox 1285 292 1620 339; x_wconf 71' lang='lat'>10.1·*1313.1512.</span> <span class='ocrx_word' id='word_1_7' title='bbox 1660 283 1753 335; x_wconf 89' lang='grc'>101</span> 
     </span>
    </p>
   </div>
   <div class='ocr_carea' id='block_1_2' title="bbox 157 394 1861 2581">
    <p class='ocr_par' dir='ltr' id='par_1_2' title="bbox 157 394 1861 2581">
     <span class='ocr_line' id='line_1_2' title="bbox 340 394 1755 469; baseline 0 -16"><span class='ocrx_word' id='word_1_8' title='bbox 340 394 392 453; x_wconf 69' lang='grc'>([</span> <span class='ocrx_word' id='word_1_9' title='bbox 446 404 607 455; x_wconf 84' lang='lat' dir='ltr'>Nunc</span> <span class='ocrx_word' id='word_1_10' title='bbox 664 409 957 469; x_wconf 74' lang='lat' dir='ltr'><strong>postquam</strong></span> <span class='ocrx_word' id='word_1_11' title='bbox 1017 402 1340 454; x_wconf 80' lang='lat' dir='ltr'>mandatum</span> <span class='ocrx_word' id='word_1_12' title='bbox 1387 403 1502 453; x_wconf 89' lang='lat' dir='ltr'>tale</span> <span class='ocrx_word' id='word_1_13' title='bbox 1561 409 1755 453; x_wconf 83' lang='lat' dir='ltr'>contra</span> 
     </span>
     <span class='ocr_line' id='line_1_3' title="bbox 231 488 1754 551; baseline 0.002 -14"><span class='ocrx_word' id='word_1_14' title='bbox 231 488 497 551; x_wconf 73' lang='lat' dir='ltr'>Ioannem</span> <span class='ocrx_word' id='word_1_15' title='bbox 539 488 817 539; x_wconf 83' lang='lat' dir='ltr'>Reuchlin</span> <span class='ocrx_word' id='word_1_16' title='bbox 875 488 1196 539; x_wconf 80' lang='lat' dir='ltr'>exauditum</span> <span class='ocrx_word' id='word_1_17' title='bbox 1243 492 1328 541; x_wconf 85' lang='lat' dir='ltr'>est</span> <span class='ocrx_word' id='word_1_18' title='bbox 1386 492 1443 538; x_wconf 86' lang='lat' dir='ltr'>et</span> <span class='ocrx_word' id='word_1_19' title='bbox 1485 503 1546 539; x_wconf 83' lang='lat' dir='ltr'>se</span> <span class='ocrx_word' id='word_1_20' title='bbox 1602 488 1754 539; x_wconf 84' lang='lat' dir='ltr'>nullo</span> 
     </span>
     <span class='ocr_line' id='line_1_4' title="bbox 230 572 1752 639; baseline -0.001 -16"><span class='ocrx_word' id='word_1_21' title='bbox 230 572 397 637; x_wconf 84' lang='lat' dir='ltr'>pacto</span> <span class='ocrx_word' id='word_1_22' title='bbox 434 588 702 625; x_wconf 82' lang='lat' dir='ltr'>excusare</span> <span class='ocrx_word' id='word_1_23' title='bbox 738 578 945 639; x_wconf 84' lang='lat' dir='ltr'>posset,</span> <span class='ocrx_word' id='word_1_24' title='bbox 982 574 1234 638; x_wconf 81' lang='lat' dir='ltr'><strong>Itemque</strong></span> <span class='ocrx_word' id='word_1_25' title='bbox 1273 588 1395 631; x_wconf 78' lang='lat' dir='ltr'>cum</span> <span class='ocrx_word' id='word_1_26' title='bbox 1418 572 1635 629; x_wconf 75' lang='lat' dir='ltr'>videret</span> <span class='ocrx_word' id='word_1_27' title='bbox 1660 588 1752 622; x_wconf 84' lang='lat' dir='ltr'>ex-</span> 
     </span>
     <span class='ocr_line' id='line_1_5' title="bbox 238 656 1752 723; baseline 0.001 -18"><span class='ocrx_word' id='word_1_28' title='bbox 238 658 693 709; x_wconf 86' lang='lat' dir='ltr'>cellentissimum</span> <span class='ocrx_word' id='word_1_29' title='bbox 728 657 1010 709; x_wconf 85' lang='lat' dir='ltr'>doctorem</span> <span class='ocrx_word' id='word_1_30' title='bbox 1034 659 1364 723; x_wconf 83' lang='lat' dir='ltr'>magistrum</span> <span class='ocrx_word' id='word_1_31' title='bbox 1387 662 1633 711; x_wconf 84' lang='lat' dir='ltr'>nostrum</span> <span class='ocrx_word' id='word_1_32' title='bbox 1659 656 1752 707; x_wconf 88' lang='lat' dir='ltr'>do-</span> 
     </span>
     <span class='ocr_line' id='line_1_6' title="bbox 231 741 1754 809; baseline 0.001 -19"><span class='ocrx_word' id='word_1_33' title='bbox 231 743 435 801; x_wconf 84' lang='lat' dir='ltr'>minum</span> <span class='ocrx_word' id='word_1_34' title='bbox 470 742 770 809; x_wconf 64' lang='lat' dir='ltr'>Arnoldum</span> <span class='ocrx_word' id='word_1_35' title='bbox 804 742 875 793; x_wconf 89' lang='lat' dir='ltr'>de</span> <span class='ocrx_word' id='word_1_36' title='bbox 912 743 1161 809; x_wconf 83' lang='lat' dir='ltr'>Tungari</span> <span class='ocrx_word' id='word_1_37' title='bbox 1213 758 1281 792; x_wconf 87' lang='lat' dir='ltr'>ex</span> <span class='ocrx_word' id='word_1_38' title='bbox 1315 741 1578 799; x_wconf 80' lang='lat' dir='ltr'>mandato</span> <span class='ocrx_word' id='word_1_39' title='bbox 1614 741 1754 807; x_wconf 83' lang='lat' dir='ltr'>legi-</span> 
     </span>
     <span class='ocr_line' id='line_1_7' title="bbox 230 826 1752 896; baseline 0 -21"><span class='ocrx_word' id='word_1_40' title='bbox 230 828 363 877; x_wconf 88' lang='lat' dir='ltr'>time</span> <span class='ocrx_word' id='word_1_41' title='bbox 400 832 456 877; x_wconf 90' lang='lat' dir='ltr'>et</span> <span class='ocrx_word' id='word_1_42' title='bbox 491 832 685 896; x_wconf 77' lang='lat' dir='ltr'>sancte</span> <span class='ocrx_word' id='word_1_43' title='bbox 726 830 921 879; x_wconf 79' lang='lat' dir='ltr'>eontra</span> <span class='ocrx_word' id='word_1_44' title='bbox 958 842 1083 891; x_wconf 79' lang='lat' dir='ltr'>eum</span> <span class='ocrx_word' id='word_1_45' title='bbox 1119 828 1432 893; x_wconf 78' lang='lat' dir='ltr'>scripsisse,</span> <span class='ocrx_word' id='word_1_46' title='bbox 1469 828 1618 877; x_wconf 87' lang='lat' dir='ltr'>sicut</span> <span class='ocrx_word' id='word_1_47' title='bbox 1642 826 1752 875; x_wconf 88' lang='lat' dir='ltr'>iam</span> 
     </span>
     <span class='ocr_line' id='line_1_8' title="bbox 227 911 1752 977; baseline 0 -18"><span class='ocrx_word' id='word_1_48' title='bbox 227 914 613 977; x_wconf 77' lang='lat' dir='ltr'>prenarratum</span> <span class='ocrx_word' id='word_1_49' title='bbox 660 916 773 975; x_wconf 81' lang='lat' dir='ltr'>est,</span> <span class='ocrx_word' id='word_1_50' title='bbox 833 912 1056 975; x_wconf 80' lang='lat' dir='ltr'>accepit</span> <span class='ocrx_word' id='word_1_51' title='bbox 1111 911 1182 962; x_wconf 87' lang='lat' dir='ltr'>ad</span> <span class='ocrx_word' id='word_1_52' title='bbox 1235 928 1295 962; x_wconf 81' lang='lat' dir='ltr'>se</span> <span class='ocrx_word' id='word_1_53' title='bbox 1351 912 1496 975; x_wconf 78' lang='lat' dir='ltr'>alios</span> <span class='ocrx_word' id='word_1_54' title='bbox 1539 916 1752 977; x_wconf 80' lang='lat' dir='ltr'><strong>septem</strong></span> 
     </span>
     <span class='ocr_line' id='line_1_9' title="bbox 229 993 1751 1058; baseline 0.002 -16"><span class='ocrx_word' id='word_1_55' title='bbox 229 993 535 1043; x_wconf 85' lang='lat' dir='ltr'>immundos</span> <span class='ocrx_word' id='word_1_56' title='bbox 558 995 791 1058; x_wconf 75' lang='lat' dir='ltr'>spiritus</span> <span class='ocrx_word' id='word_1_57' title='bbox 818 1010 911 1044; x_wconf 85' lang='lat' dir='ltr'>eos</span> <span class='ocrx_word' id='word_1_58' title='bbox 940 1009 1290 1047; x_wconf 83' lang='lat' dir='ltr'>commovens</span> <span class='ocrx_word' id='word_1_59' title='bbox 1329 994 1596 1050; x_wconf 77' lang='lat' dir='ltr'>adversus</span> <span class='ocrx_word' id='word_1_60' title='bbox 1631 996 1751 1050; x_wconf 86' lang='lat' dir='ltr'>uni-</span> 
     </span>
     <span class='ocr_line' id='line_1_10' title="bbox 227 1078 1751 1143; baseline -0.001 -12"><span class='ocrx_word' id='word_1_61' title='bbox 227 1078 527 1131; x_wconf 84' lang='lat' dir='ltr'>versitates</span> <span class='ocrx_word' id='word_1_62' title='bbox 564 1082 621 1128; x_wconf 84' lang='lat' dir='ltr'>et</span> <span class='ocrx_word' id='word_1_63' title='bbox 655 1079 910 1143; x_wconf 79' lang='lat' dir='ltr'>inprimis</span> <span class='ocrx_word' id='word_1_64' title='bbox 960 1083 1156 1132; x_wconf 83' lang='lat' dir='ltr'>contra</span> <span class='ocrx_word' id='word_1_65' title='bbox 1199 1079 1608 1143; x_wconf 79' lang='lat' dir='ltr'>venerabilem,</span> <span class='ocrx_word' id='word_1_66' title='bbox 1655 1080 1751 1130; x_wconf 90' lang='lat' dir='ltr'>de-</span> 
     </span>
     <span class='ocr_line' id='line_1_11' title="bbox 229 1162 1749 1230; baseline 0.001 -17"><span class='ocrx_word' id='word_1_67' title='bbox 229 1166 421 1223; x_wconf 83' lang='lat' dir='ltr'>votum</span> <span class='ocrx_word' id='word_1_68' title='bbox 457 1166 514 1213; x_wconf 82' lang='lat' dir='ltr'>et</span> <span class='ocrx_word' id='word_1_69' title='bbox 548 1164 794 1229; x_wconf 86' lang='lat' dir='ltr'>apprime</span> <span class='ocrx_word' id='word_1_70' title='bbox 832 1162 1062 1214; x_wconf 86' lang='lat' dir='ltr'>doctum·</span> <span class='ocrx_word' id='word_1_71' title='bbox 1088 1164 1265 1215; x_wconf 81' lang='lat' dir='ltr'>virum</span> <span class='ocrx_word' id='word_1_72' title='bbox 1300 1166 1625 1230; x_wconf 83' lang='lat' dir='ltr'>magistrum</span> <span class='ocrx_word' id='word_1_73' title='bbox 1649 1164 1749 1215; x_wconf 83' lang='lat' dir='ltr'>Ar-</span> 
     </span>
     <span class='ocr_line' id='line_1_12' title="bbox 234 1245 1748 1315; baseline 0.003 -20"><span class='ocrx_word' id='word_1_74' title='bbox 234 1245 459 1297; x_wconf 87' lang='lat' dir='ltr'>noldum</span> <span class='ocrx_word' id='word_1_75' title='bbox 494 1246 563 1297; x_wconf 90' lang='lat' dir='ltr'>de</span> <span class='ocrx_word' id='word_1_76' title='bbox 600 1247 873 1312; x_wconf 54' lang='lat' dir='ltr'>Tangam,</span> <span class='ocrx_word' id='word_1_77' title='bbox 910 1249 1234 1315; x_wconf 78' lang='lat' dir='ltr'>precipuum</span> <span class='ocrx_word' id='word_1_78' title='bbox 1271 1255 1569 1301; x_wconf 74' lang='lat' dir='ltr'><strong>amatorem</strong></span> <span class='ocrx_word' id='word_1_79' title='bbox 1601 1250 1748 1301; x_wconf 77' lang='lat' dir='ltr'>veri-</span> 
     </span>
     <span class='ocr_line' id='line_1_13' title="bbox 232 1330 1861 1401; baseline 0.004 -23"><span class='ocrx_word' id='word_1_80' title='bbox 232 1331 388 1394; x_wconf 70' lang='lat' dir='ltr'>tatiS,</span> <span class='ocrx_word' id='word_1_81' title='bbox 424 1330 491 1384; x_wconf 85' lang='lat' dir='ltr'>de</span> <span class='ocrx_word' id='word_1_82' title='bbox 528 1346 635 1395; x_wconf 88' lang='lat' dir='ltr'>quo</span> <span class='ocrx_word' id='word_1_83' title='bbox 662 1332 831 1394; x_wconf 81' lang='lat' dir='ltr'>etiam</span> <span class='ocrx_word' id='word_1_84' title='bbox 860 1330 869 1398; x_wconf 87' lang='grc' dir='ltr'>Ι</span> <span class='ocrx_word' id='word_1_85' title='bbox 900 1332 1140 1383; x_wconf 84' lang='lat' dir='ltr'>Ioannes</span> <span class='ocrx_word' id='word_1_86' title='bbox 1161 1332 1436 1391; x_wconf 84' lang='lat' dir='ltr'>Reuchlin</span> <span class='ocrx_word' id='word_1_87' title='bbox 1459 1334 1747 1401; x_wconf 76' lang='lat' dir='ltr'>sepissime</span> <span class='ocrx_word' id='word_1_88' title='bbox 1771 1331 1861 1398; x_wconf 56' lang='lat' dir='ltr'>fiij</span> 
     </span>
     <span class='ocr_line' id='line_1_14' title="bbox 226 1414 1749 1484; baseline 0.003 -21"><span class='ocrx_word' id='word_1_89' title='bbox 226 1414 403 1469; x_wconf 81' lang='lat' dir='ltr'>omnis</span> <span class='ocrx_word' id='word_1_90' title='bbox 454 1415 786 1484; x_wconf 75' lang='lat' dir='ltr'>excellentie</span> <span class='ocrx_word' id='word_1_91' title='bbox 832 1416 889 1465; x_wconf 89' lang='lat' dir='ltr'>in</span> <span class='ocrx_word' id='word_1_92' title='bbox 934 1418 1056 1468; x_wconf 83' lang='lat' dir='ltr'>suis</span> <span class='ocrx_word' id='word_1_93' title='bbox 1110 1417 1316 1469; x_wconf 86' lang='lat' dir='ltr'>litteris</span> <span class='ocrx_word' id='word_1_94' title='bbox 1371 1419 1749 1469; x_wconf 82' lang='lat' dir='ltr'>testimonium</span> 
     </span>
     <span class='ocr_line' id='line_1_15' title="bbox 224 1488 1746 1566; baseline 0.003 -19"><span class='ocrx_word' id='word_1_95' title='bbox 224 1496 396 1565; x_wconf 82' lang='lat' dir='ltr'>dedit,</span> <span class='ocrx_word' id='word_1_96' title='bbox 434 1515 494 1562; x_wconf 83' lang='lat' dir='ltr'>se</span> <span class='ocrx_word' id='word_1_97' title='bbox 532 1488 585 1551; x_wconf 79' lang='lat' dir='ltr'>ei</span> <span class='ocrx_word' id='word_1_98' title='bbox 620 1516 721 1566; x_wconf 79' lang='lat' dir='ltr'>per</span> <span class='ocrx_word' id='word_1_99' title='bbox 755 1516 969 1551; x_wconf 81' lang='lat' dir='ltr'>omnem</span> <span class='ocrx_word' id='word_1_100' title='bbox 995 1502 1374 1555; x_wconf 82' lang='lat' dir='ltr'>obedientiam</span> <span class='ocrx_word' id='word_1_101' title='bbox 1399 1503 1746 1555; x_wconf 84' lang='lat' dir='ltr'>submittens.</span> 
     </span>
     <span class='ocr_line' id='line_1_16' title="bbox 222 1582 1746 1653; baseline 0.003 -20"><span class='ocrx_word' id='word_1_102' title='bbox 222 1582 333 1634; x_wconf 81' lang='lat' dir='ltr'>Sed</span> <span class='ocrx_word' id='word_1_103' title='bbox 370 1582 625 1645; x_wconf 84' lang='lat' dir='ltr'>diabolus</span> <span class='ocrx_word' id='word_1_104' title='bbox 673 1587 807 1651; x_wconf 80' lang='lat' dir='ltr'>qnia</span> <span class='ocrx_word' id='word_1_105' title='bbox 853 1586 1090 1637; x_wconf 81' lang='lat' dir='ltr'>mendax</span> <span class='ocrx_word' id='word_1_106' title='bbox 1137 1592 1224 1642; x_wconf 80' lang='lat' dir='ltr'>est</span> <span class='ocrx_word' id='word_1_107' title='bbox 1271 1591 1328 1639; x_wconf 83' lang='lat' dir='ltr'>et</span> <span class='ocrx_word' id='word_1_108' title='bbox 1373 1604 1586 1639; x_wconf 86' lang='lat' dir='ltr'>omnem</span> <span class='ocrx_word' id='word_1_109' title='bbox 1622 1604 1746 1653; x_wconf 87' lang='lat' dir='ltr'>per-</span> 
     </span>
     <span class='ocr_line' id='line_1_17' title="bbox 220 1660 1746 1737; baseline 0.003 -22"><span class='ocrx_word' id='word_1_110' title='bbox 220 1668 491 1717; x_wconf 85' lang='lat' dir='ltr'>tinaciam</span> <span class='ocrx_word' id='word_1_111' title='bbox 527 1670 783 1720; x_wconf 79' lang='lat' dir='ltr'>insibilat</span> <span class='ocrx_word' id='word_1_112' title='bbox 806 1660 1131 1734; x_wconf 64' lang='lat' dir='ltr'>omnemque</span> <span class='ocrx_word' id='word_1_113' title='bbox 1157 1671 1458 1737; x_wconf 82' lang='lat' dir='ltr'>maliciam,</span> <span class='ocrx_word' id='word_1_114' title='bbox 1493 1672 1746 1726; x_wconf 86' lang='lat' dir='ltr'>libellum</span> 
     </span>
     <span class='ocr_line' id='line_1_18' title="bbox 225 1750 1746 1819; baseline 0.003 -19"><span class='ocrx_word' id='word_1_115' title='bbox 225 1750 498 1815; x_wconf 81' lang='lat' dir='ltr'>quendam</span> <span class='ocrx_word' id='word_1_116' title='bbox 534 1753 827 1817; x_wconf 63' lang='lat' dir='ltr'>famosum,</span> <span class='ocrx_word' id='word_1_117' title='bbox 862 1755 1137 1807; x_wconf 86' lang='lat' dir='ltr'>bonarum</span> <span class='ocrx_word' id='word_1_118' title='bbox 1165 1756 1378 1804; x_wconf 89' lang='lat' dir='ltr'>aurium</span> <span class='ocrx_word' id='word_1_119' title='bbox 1403 1756 1746 1819; x_wconf 85' lang='lat' dir='ltr'>offensivum,</span> 
     </span>
     <span class='ocr_line' id='line_1_19' title="bbox 222 1835 1747 1903; baseline 0.004 -20"><span class='ocrx_word' id='word_1_120' title='bbox 222 1850 381 1884; x_wconf 82' lang='lat' dir='ltr'>suam</span> <span class='ocrx_word' id='word_1_121' title='bbox 436 1835 704 1890; x_wconf 80' lang='lat' dir='ltr'>videlicet</span> <span class='ocrx_word' id='word_1_122' title='bbox 757 1838 1294 1902; x_wconf 77' lang='lat' dir='ltr'>impudentissimam</span> <span class='ocrx_word' id='word_1_123' title='bbox 1329 1838 1747 1903; x_wconf 82' lang='lat' dir='ltr'>defensionem,</span> 
     </span>
     <span class='ocr_line' id='line_1_20' title="bbox 222 1917 1747 1984; baseline 0.005 -18"><span class='ocrx_word' id='word_1_124' title='bbox 222 1917 289 1967; x_wconf 90' lang='lat' dir='ltr'>de</span> <span class='ocrx_word' id='word_1_125' title='bbox 336 1933 477 1969; x_wconf 86' lang='lat' dir='ltr'>novo</span> <span class='ocrx_word' id='word_1_126' title='bbox 522 1920 643 1984; x_wconf 87' lang='lat' dir='ltr'>ipse</span> <span class='ocrx_word' id='word_1_127' title='bbox 691 1920 865 1969; x_wconf 80' lang='lat' dir='ltr'>edidit</span> <span class='ocrx_word' id='word_1_128' title='bbox 918 1925 976 1971; x_wconf 82' lang='lat' dir='ltr'>et</span> <span class='ocrx_word' id='word_1_129' title='bbox 1033 1921 1104 1971; x_wconf 90' lang='lat' dir='ltr'>ad</span> <span class='ocrx_word' id='word_1_130' title='bbox 1158 1922 1437 1972; x_wconf 83' lang='lat' dir='ltr'>nundinas</span> <span class='ocrx_word' id='word_1_131' title='bbox 1498 1924 1747 1975; x_wconf 88' lang='lat' dir='ltr'>civitatis</span> 
     </span>
     <span class='ocr_line' id='line_1_21' title="bbox 220 2000 1749 2071; baseline 0.004 -20"><span class='ocrx_word' id='word_1_132' title='bbox 220 2000 744 2058; x_wconf 76' lang='lat' dir='ltr'>Franckfordiensis</span> <span class='ocrx_word' id='word_1_133' title='bbox 781 2007 845 2052; x_wconf 86' lang='lat' dir='ltr'>ut</span> <span class='ocrx_word' id='word_1_134' title='bbox 877 2003 1215 2056; x_wconf 78' lang='lat' dir='ltr'>venderetur</span> <span class='ocrx_word' id='word_1_135' title='bbox 1251 2006 1452 2055; x_wconf 84' lang='lat' dir='ltr'>emisit.</span> <span class='ocrx_word' id='word_1_136' title='bbox 1523 2012 1749 2071; x_wconf 84' lang='lat' dir='ltr'>propter</span> 
     </span>
     <span class='ocr_line' id='line_1_22' title="bbox 222 2085 1749 2159; baseline 0.004 -24"><span class='ocrx_word' id='word_1_137' title='bbox 222 2085 369 2151; x_wconf 81' lang='lat' dir='ltr'>qued</span> <span class='ocrx_word' id='word_1_138' title='bbox 403 2085 563 2153; x_wconf 74' lang='lat' dir='ltr'>Iudei</span> <span class='ocrx_word' id='word_1_139' title='bbox 596 2088 837 2149; x_wconf 83' lang='lat' dir='ltr'>maxime</span> <span class='ocrx_word' id='word_1_140' title='bbox 872 2086 1222 2153; x_wconf 77' lang='lat' dir='ltr'>letabantur,</span> <span class='ocrx_word' id='word_1_141' title='bbox 1271 2087 1552 2159; x_wconf 82' lang='lat' dir='ltr'>dicentes,</span> <span class='ocrx_word' id='word_1_142' title='bbox 1603 2091 1749 2154; x_wconf 91' lang='lat' dir='ltr'>quod</span> 
     </span>
     <span class='ocr_line' id='line_1_23' title="bbox 157 2160 1743 2237; baseline 0.005 -20"><span class='ocrx_word' id='word_1_143' title='bbox 157 2160 163 2164; x_wconf 66' lang='grc'><strong>’</strong></span> <span class='ocrx_word' id='word_1_144' title='bbox 221 2168 358 2219; x_wconf 89' lang='lat' dir='ltr'>deus</span> <span class='ocrx_word' id='word_1_145' title='bbox 395 2184 681 2234; x_wconf 76' lang='lat' dir='ltr'>nunquam</span> <span class='ocrx_word' id='word_1_146' title='bbox 725 2170 1066 2235; x_wconf 82' lang='lat' dir='ltr'>deseruisset</span> <span class='ocrx_word' id='word_1_147' title='bbox 1109 2188 1206 2237; x_wconf 70' lang='lat' dir='ltr'>eos,</span> <span class='ocrx_word' id='word_1_148' title='bbox 1251 2174 1309 2223; x_wconf 89' lang='lat' dir='ltr'>in</span> <span class='ocrx_word' id='word_1_149' title='bbox 1357 2174 1480 2225; x_wconf 84' lang='lat' dir='ltr'>suis.</span> <span class='ocrx_word' id='word_1_150' title='bbox 1507 2176 1743 2228; x_wconf 84' lang='lat' dir='ltr'>tribula-</span> 
     </span>
     <span class='ocr_line' id='line_1_24' title="bbox 218 2252 1741 2326; baseline 0.007 -25"><span class='ocrx_word' id='word_1_151' title='bbox 218 2252 465 2309; x_wconf 83' lang='lat' dir='ltr'>tionibus</span> <span class='ocrx_word' id='word_1_152' title='bbox 524 2255 994 2317; x_wconf 81' lang='lat' dir='ltr'>Quemadmodum</span> <span class='ocrx_word' id='word_1_153' title='bbox 1064 2257 1342 2326; x_wconf 84' lang='lat' dir='ltr'>plebanus</span> <span class='ocrx_word' id='word_1_154' title='bbox 1401 2260 1741 2313; x_wconf 85' lang='lat' dir='ltr'>Franckfor·</span> 
     </span>
     <span class='ocr_line' id='line_1_25' title="bbox 219 2336 1740 2411; baseline 0.005 -24"><span class='ocrx_word' id='word_1_155' title='bbox 219 2336 429 2387; x_wconf 79' lang='lat' dir='ltr'>diensis</span> <span class='ocrx_word' id='word_1_156' title='bbox 490 2336 561 2387; x_wconf 90' lang='lat' dir='ltr'>ad</span> <span class='ocrx_word' id='word_1_157' title='bbox 618 2340 943 2405; x_wconf 85' lang='lat' dir='ltr'>magistrum</span> <span class='ocrx_word' id='word_1_158' title='bbox 1002 2340 1304 2401; x_wconf 58' lang='lat' dir='ltr'>‚Amoldum</span> <span class='ocrx_word' id='word_1_159' title='bbox 1362 2342 1430 2393; x_wconf 88' lang='lat' dir='ltr'>de</span> <span class='ocrx_word' id='word_1_160' title='bbox 1490 2345 1740 2411; x_wconf 85' lang='lat' dir='ltr'>Tungari</span> 
     </span>
     <span class='ocr_line' id='line_1_26' title="bbox 216 2422 1743 2493; baseline 0.007 -20"><span class='ocrx_word' id='word_1_161' title='bbox 216 2422 472 2490; x_wconf 79' lang='lat' dir='ltr'>scripsit,</span> <span class='ocrx_word' id='word_1_162' title='bbox 520 2437 627 2487; x_wconf 85' lang='lat' dir='ltr'>quo</span> <span class='ocrx_word' id='word_1_163' title='bbox 672 2427 837 2489; x_wconf 87' lang='lat' dir='ltr'>pacto</span> <span class='ocrx_word' id='word_1_164' title='bbox 872 2424 1032 2493; x_wconf 78' lang='lat' dir='ltr'>Iudei</span> <span class='ocrx_word' id='word_1_165' title='bbox 1077 2442 1144 2476; x_wconf 86' lang='lat' dir='ltr'>ex</span> <span class='ocrx_word' id='word_1_166' title='bbox 1192 2426 1352 2479; x_wconf 84' lang='lat' dir='ltr'>libris</span> <span class='ocrx_word' id='word_1_167' title='bbox 1385 2428 1743 2483; x_wconf 70' lang='lat' dir='ltr'>Reuchlinia÷</span> 
     </span>
     <span class='ocr_line' id='line_1_27' title="bbox 214 2506 1739 2581; baseline 0.006 -25"><span class='ocrx_word' id='word_1_168' title='bbox 214 2508 303 2565; x_wconf 77' lang='lat' dir='ltr'>nis</span> <span class='ocrx_word' id='word_1_169' title='bbox 330 2506 635 2569; x_wconf 72' lang='lat' dir='ltr'>deteriores</span> <span class='ocrx_word' id='word_1_170' title='bbox 665 2514 852 2571; x_wconf 80' lang='lat' dir='ltr'>essent</span> <span class='ocrx_word' id='word_1_171' title='bbox 877 2509 1040 2567; x_wconf 75' lang='lat' dir='ltr'>facti.</span> <span class='ocrx_word' id='word_1_172' title='bbox 1065 2524 1170 2579; x_wconf 77' lang='lat' dir='ltr'>que</span> <span class='ocrx_word' id='word_1_173' title='bbox 1195 2510 1388 2581; x_wconf 68' lang='lat' dir='ltr'>littere</span> <span class='ocrx_word' id='word_1_174' title='bbox 1413 2514 1494 2573; x_wconf 84' lang='lat' dir='ltr'>sic</span> <span class='ocrx_word' id='word_1_175' title='bbox 1519 2520 1739 2568; x_wconf 80' lang='lat' dir='ltr'>sonant.</span> 
     </span>
    </p>
   </div>
   <div class='ocr_carea' id='block_1_3' title="bbox 214 2668 1738 2833">
    <p class='ocr_par' dir='ltr' id='par_1_3' title="bbox 214 2668 1738 2833">
     <span class='ocr_line' id='line_1_28' title="bbox 323 2668 1738 2742; baseline 0.005 -13"><span class='ocrx_word' id='word_1_176' title='bbox 323 2668 375 2742; x_wconf 57' lang='lat' dir='ltr'>q:</span> <span class='ocrx_word' id='word_1_177' title='bbox 418 2678 555 2732; x_wconf 78' lang='lat' dir='ltr'>Post</span> <span class='ocrx_word' id='word_1_178' title='bbox 600 2680 860 2739; x_wconf 76' lang='lat' dir='ltr'>devotam</span> <span class='ocrx_word' id='word_1_179' title='bbox 906 2680 998 2734; x_wconf 83' lang='lat' dir='ltr'>sui</span> <span class='ocrx_word' id='word_1_180' title='bbox 1031 2681 1624 2741; x_wconf 78' lang='lat' dir='ltr'>recommendationem</span> <span class='ocrx_word' id='word_1_181' title='bbox 1663 2684 1738 2736; x_wconf 87' lang='lat' dir='ltr'>.S.</span> 
     </span>
     <span class='ocr_line' id='line_1_29' title="bbox 214 2760 1738 2833; baseline 0.005 -22"><span class='ocrx_word' id='word_1_182' title='bbox 214 2760 730 2816; x_wconf 87' lang='lat' dir='ltr'>P.D.Venerabilis</span> <span class='ocrx_word' id='word_1_183' title='bbox 758 2768 814 2815; x_wconf 88' lang='lat' dir='ltr'>et</span> <span class='ocrx_word' id='word_1_184' title='bbox 826 2766 1068 2833; x_wconf 82' lang='lat' dir='ltr'>Egregie</span> <span class='ocrx_word' id='word_1_185' title='bbox 1093 2767 1308 2819; x_wconf 86' lang='lat' dir='ltr'>domine</span> <span class='ocrx_word' id='word_1_186' title='bbox 1335 2768 1544 2819; x_wconf 83' lang='lat' dir='ltr'>doctor.</span> <span class='ocrx_word' id='word_1_187' title='bbox 1573 2768 1738 2819; x_wconf 84' lang='lat' dir='ltr'>binas</span> 
     </span>
    </p>
   </div>
  </div>
 </body>
</html>
