1942 3109
316 252 382 297 51.
407 256 526 293 1011.
553 255 893 291 unm-smon-
967 248 1032 292 52.
1056 254 1223 289 anna.
1250 254 1555 293 sommus.
1592 237 1689 293 321

177 366 316 417 talis
350 361 528 412 mittit
561 359 695 410 mihi
729 360 896 409 talem
930 358 1164 409 librum?
1202 356 1387 409 Credit
1419 360 1563 423 quod
1583 375 1693 411 non

179 454 298 502 met
336 448 518 499 habeo
564 443 735 495 libros
783 444 975 493 satis?
1028 442 1351 509 Respondeo
1398 444 1541 508 quod
1582 460 1692 496 non

179 535 332 587 facio
367 535 679 598 propterea.
747 529 818 579 Et
862 528 1079 592 quando
1122 528 1336 593 putatis
1382 528 1525 592 quod
1568 530 1693 581 misi

182 620 342 672 vobis
376 617 552 666 talem
586 613 783 664 librum
817 618 1134 679 propterea,
1170 618 1301 663 tune
1334 613 1527 663 facitis
1560 614 1691 664 mihi

183 704 472 764 iniuriam,
514 700 646 763 quia
681 699 793 749 feci
831 713 950 749 oum
986 699 1130 749 bona
1156 698 1429 765 opinione.
1488 698 1562 747 Et
1584 714 1693 748 non

183 787 399 841 debetis
439 783 657 853 credere
695 784 838 847 quod
873 782 1209 849 parvipendo
1243 798 1368 847 vos,
1416 782 1558 848 quod
1593 783 1691 833 ha-

181 874 330 926 betis
368 884 576 937 paucos
610 869 808 920 libros:
847 869 978 931 quia
1004 870 1119 918 seio
1146 868 1289 932 quod
1312 867 1529 920 habetis
1554 867 1689 919 mul-

183 962 270 1009 tos
306 957 498 1006 libros.
560 954 704 1016 Quia
737 952 854 1003 vidi
884 953 1027 1001 bene
1064 952 1279 1014 quando
1314 953 1398 1001 fui
1430 952 1490 1001 in
1524 953 1691 1003 stuffa

183 1044 382 1093 vestra
419 1036 669 1104 colonie,
709 1035 852 1101 quod
887 1035 1161 1085 habuistis
1195 1035 1396 1085 multos
1431 1034 1600 1086 libros
1634 1038 1692 1086 in

183 1140 390 1193 magna
435 1127 490 1175 et
533 1124 590 1173 in
637 1137 813 1187 parva
858 1122 1051 1171 forma.
1130 1121 1203 1169 Et
1250 1118 1424 1183 aliqui
1470 1120 1693 1172 fuerunt

185 1212 356 1278 ligati
389 1211 446 1260 in
483 1207 791 1270 asseribus,
829 1206 1007 1270 aliqui
1040 1206 1097 1255 in
1120 1204 1559 1269 bergamenibus.
1617 1205 1693 1253 Et

187 1296 366 1359 aliqui
410 1296 632 1345 fuerunt
673 1306 771 1357 per
816 1295 987 1342 totum
1038 1304 1157 1339 cum
1212 1289 1359 1339 corio
1412 1288 1579 1339 rubeo
1636 1294 1692 1341 et

185 1380 356 1433 viridi
399 1382 456 1429 et
497 1379 683 1443 nigr0‚
733 1375 907 1439 aliqui
950 1390 1048 1439 pro
1086 1372 1305 1423 dimidio
1340 1374 1688 1437 auperti-acti.

188 1466 266 1514 Et
306 1479 402 1514 vos
446 1461 672 1514 sedistis
717 1459 926 1509 habens
969 1457 1247 1509 flabellum
1290 1458 1347 1507 in
1398 1473 1565 1509 manu
1618 1460 1687 1510 ad

187 1548 530 1617 purgandum
554 1546 808 1612 pulveres
834 1544 1047 1595 abinde.
1107 1544 1263 1593 Tune
1288 1558 1387 1609 ego
1413 1542 1525 1595 dixi
1549 1543 1684 1596 ‘Ma-

185 1638 362 1703 gister
409 1631 667 1695 Ortvine,
721 1631 832 1681 Vos
884 1646 981 1695 per
1034 1627 1163 1679 deos
1220 1627 1439 1679 habetis
1484 1629 1683 1680 multos

185 1715 453 1785 pulchros
489 1713 658 1763 libros
693 1719 748 1765 et
781 1714 982 1765 tenetis
1018 1726 1111 1763 eos
1145 1713 1204 1761 in
1227 1726 1423 1776 magno
1448 1712 1686 1764 honore'.

183 1805 346 1853 Tune
382 1798 601 1860 dixistis
633 1799 792 1864 mihi,
837 1795 979 1862 quod
1021 1797 1103 1846 ita
1146 1795 1317 1847 debeo
1358 1810 1686 1862 cognoscere

185 1884 410 1951 quando
458 1883 658 1947 aliquis
709 1888 792 1935 est
833 1882 1026 1932 doctus
1070 1882 1166 1933 vel
1208 1895 1333 1932 non.
1404 1882 1549 1945 Quia
1593 1884 1689 1948 qui

181 1972 423 2023 honorat
479 1966 675 2033 libros,
735 1968 966 2017 honorat
1023 1966 1189 2015 etiam
1244 1966 1527 2017 scientias.
1613 1969 1687 2017 Et

185 2059 418 2107 econtra
453 2053 548 2119 qui
580 2069 689 2104 non
721 2052 954 2101 honorat
986 2049 1181 2115 libros,
1230 2049 1395 2100 etiam
1438 2064 1546 2100 non
1588 2051 1684 2101 ho-

183 2144 347 2191 norat
369 2140 652 2189 scientias.
709 2135 782 2185 Et
816 2133 970 2185 tenui
1002 2134 1060 2184 in
1097 2134 1255 2185 eorde
1288 2149 1406 2186 meo
1440 2134 1555 2186 tale
1590 2135 1683 2187 do-

182 2238 315 2289 gma
381 2226 438 2270 et
495 2222 690 2272 tenebo
749 2236 847 2286 per
899 2220 1080 2273 omnia
1131 2220 1437 2287 seculorum
1494 2220 1683 2288 secula

179 2307 378 2359 Amen.
447 2305 649 2357 Datum
679 2307 740 2357 in
773 2306 1133 2373 Neumberga.
1208 2302 1591 2374 [Nurnberqafl

1315 2807 1379 2856 21
