1942 3109
157 241 390 291 qvmnnn
405 238 678 279 rnornn'r.
705 241 814 278 eva
838 241 957 278 1vn.
975 241 1085 278 non
1104 241 1531 280 nrmmcnnrsr.
1576 229 1668 282 191

153 367 222 400 ne
285 349 404 415 lupi
465 363 701 414 rapaces
765 348 1053 398 introeant
1107 348 1167 397 in
1223 348 1371 399 ovile
1426 353 1671 400 vestrum

152 435 290 485 Nam
343 434 684 499 temporibus
734 434 938 484 vestris
984 437 1255 499 exurgent
1296 449 1443 484 nova
1488 439 1546 485 et
1586 437 1669 486 in-

156 519 344 570 audita
381 520 442 568 in
476 518 732 570 ecclesiis
767 521 970 569 vestris
1008 533 1115 587 que
1153 519 1487 584 almipotens
1514 535 1670 570 aver-

153 607 272 656 tat'.
309 605 416 672 hec
451 604 566 655 ille.
639 605 1016 669 Quapropter,
1065 621 1095 654 o
1132 604 1456 656 beatissime
1492 608 1670 671 pater,

147 695 242 759 tue
280 690 384 741 erit
419 690 739 740 sanctitatis
773 689 1063 754 providere
1100 705 1168 740 ne
1202 689 1353 741 mala
1390 689 1552 740 malis
1578 705 1670 741 cu-

147 775 450 840 mulentur,
517 791 658 826 neve
718 773 1044 840 perfidorum
1102 789 1361 826 numerus
1423 775 1671 841 quotidie

149 866 422 928 augeatur
456 877 524 912 ac
559 859 784 910 tandem
818 859 944 924 plus
983 874 1123 926 equo
1158 859 1490 911 invalescat.
1527 861 1669 911 Nam

145 946 474 997 incredibile
512 945 666 994 dictu
703 948 788 994 est
824 948 1036 1008 quanta
1072 944 1223 995 mala
1266 945 1445 996 indie-s
1490 947 1669 1012 mag-is

148 1047 218 1082 ac
250 1031 430 1096 magis
466 1031 756 1094 exurgant.
795 1029 936 1092 quod
971 1045 1043 1080 ne
1079 1031 1225 1080 falso
1264 1031 1551 1096 scripsisse
1586 1032 1669 1082 vi-

144 1116 296 1166 dear.
367 1115 554 1181 Nuper
587 1113 757 1177 enim,
783 1129 928 1165 nova
950 1115 1185 1182 quedam
1212 1119 1399 1184 preter
1424 1114 1529 1166 illa
1560 1130 1667 1184 que

141 1203 204 1252 in
238 1201 489 1252 obscuris
523 1199 816 1263 habentur,
849 1215 1027 1264 nuper
1060 1201 1329 1264 impressa
1353 1199 1587 1266 legimus
1608 1201 1667 1250 in

145 1285 348 1350 quibus
383 1282 496 1335 filio
534 1287 590 1335 et
625 1283 849 1349 spiritui
883 1288 1080 1334 sancto
1118 1286 1176 1334 in
1212 1285 1416 1336 divinis
1440 1285 1667 1336 histrio-

141 1371 278 1420 nica
325 1369 650 1435 cognomina
693 1369 930 1434 turpiter
980 1369 1337 1434 imponuntur
1382 1373 1439 1422 et
1484 1370 1668 1420 omnia

139 1454 249 1508 illa
286 1454 842 1506 contumeliosissime
877 1469 978 1519 per
1021 1455 1299 1522 hereticas
1345 1455 1565 1522 aliquot
1608 1456 1667 1505 in

139 1541 465 1593 theutonico
511 1541 822 1606 pravitates
867 1539 1213 1605 deridentur,
1272 1555 1379 1609 que
1434 1542 1492 1590 in
1536 1557 1663 1606 sug-

139 1630 300 1692 gesto
349 1643 383 1676 a
431 1627 820 1677 concionatore
865 1625 1023 1676 verbi
1069 1624 1245 1675 divini
1298 1625 1369 1675 ad
1424 1627 1664 1677 salutem

141 1709 582 1760 christifidelium
617 1709 741 1760 fieri
778 1708 980 1760 solent.
1041 1709 1180 1760 Sunt
1204 1713 1389 1761 autem
1425 1725 1531 1777 que
1567 1726 1663 1762 no-

135 1809 246 1846 vus
291 1794 391 1844 ille
435 1794 807 1858 proclamator
865 1791 964 1858 (de
1012 1795 1211 1859 quibus
1256 1809 1402 1844 nunc
1446 1794 1663 1860 loquor)

137 1877 382 1941 imprimi
424 1877 592 1941 fecit,
639 1881 752 1928 tam
797 1879 987 1944 turpia
1022 1883 1078 1930 et
1114 1879 1389 1944 enormia,
1424 1881 1487 1930 ut
1521 1880 1667 1930 inter

137 1959 302 2014 mille
339 1958 688 2011 Christianos
721 1963 817 2011 vix
850 1977 995 2014 unus
1028 1966 1127 2028 sit,
1177 1966 1273 2029 qui
1314 1963 1419 2014 illa
1456 1965 1665 2030 absque

139 2044 412 2100 scandalo
437 2044 644 2096 audeat
663 2048 1049 2110 pronunciare.
1108 2049 1232 2100 Hoc
1257 2053 1443 2101 autem
1476 2063 1666 2100 verum

141 2147 272 2184 esse
305 2134 430 2180 tota
463 2133 704 2182 testatur
739 2128 975 2181 Colonia
1011 2135 1086 2182 ,et
1110 2149 1157 2183 c.

207 2257 262 2320 fl
300 2268 524 2352 Quahre
559 2266 758 2337 Iudei
792 2284 920 2319 non
958 2269 1374 2322 efficiantur
1412 2270 1604 2324 Chri-

441 2363 456 2371 ··
791 2353 1023 2406 stiani-

249 2474 298 2526 Ο
335 2471 660 2532 beatissime
696 2475 888 2538 pater,
923 2473 1115 2525 mirari
1138 2477 1363 2539 possent
1384 2476 1517 2527 boni
1540 2477 1666 2541 viri,

136 2561 212 2612 ob
253 2573 420 2624 quarn
459 2573 685 2610 causam
720 2561 924 2610 nostris
959 2559 1113 2610 hisce
1148 2561 1485 2626 temporibus
1507 2561 1667 2630 Iudei

141 2644 514 2696 christianam
567 2643 727 2696 fidem
779 2661 889 2696 non
945 2649 1258 2712 acceptent.
1338 2645 1665 2712 Respondeo

139 2729 331 2782 crucis
386 2729 596 2783 Christi
647 2735 1031 2796 persecutores
1088 2732 1145 2783 id
1203 2735 1499 2800 acceptare
1556 2747 1667 2784 non
