<?xml version="1.0" encoding="UTF-8"?>
<!DOCTYPE html PUBLIC "-//W3C//DTD XHTML 1.0 Transitional//EN"
    "http://www.w3.org/TR/xhtml1/DTD/xhtml1-transitional.dtd">
<html xmlns="http://www.w3.org/1999/xhtml" xml:lang="en" lang="en">
 <head>
  <title>
</title>
<meta http-equiv="Content-Type" content="text/html;charset=utf-8" />
  <meta name='ocr-system' content='tesseract 3.04.00' />
  <meta name='ocr-capabilities' content='ocr_page ocr_carea ocr_par ocr_line ocrx_word'/>
</head>
<body>
  <div class='ocr_page' id='page_1' title='image "./epistolaeobscur00huttgoog_0073.png"; bbox 0 0 1942 3109; ppageno 0'>
   <div class='ocr_carea' id='block_1_1' title="bbox 272 206 1534 257">
    <p class='ocr_par' dir='ltr' id='par_1_1' title="bbox 272 206 1534 257">
     <span class='ocr_line' id='line_1_1' title="bbox 272 206 1534 257; baseline -0.003 -2"><span class='ocrx_word' id='word_1_1' title='bbox 272 206 343 257; x_wconf 78' lang='lat'><strong>62</strong></span> <span class='ocrx_word' id='word_1_2' title='bbox 532 220 823 255; x_wconf 62' lang='lat' dir='ltr'><strong>amsi-one.</strong></span> <span class='ocrx_word' id='word_1_3' title='bbox 858 219 1226 255; x_wconf 73' lang='lat' dir='ltr'><strong>onscvnonvu</strong></span> <span class='ocrx_word' id='word_1_4' title='bbox 1262 219 1534 255; x_wconf 70' lang='lat' dir='ltr'><strong>vmouvn.</strong></span> 
     </span>
    </p>
   </div>
   <div class='ocr_carea' id='block_1_2' title="bbox 272 324 1812 2761">
    <p class='ocr_par' dir='ltr' id='par_1_2' title="bbox 272 324 1812 2761">
     <span class='ocr_line' id='line_1_2' title="bbox 276 324 1792 389; baseline -0.004 -10"><span class='ocrx_word' id='word_1_5' title='bbox 276 327 505 380; x_wconf 82' lang='lat' dir='ltr'><strong>erabilis</strong></span> <span class='ocrx_word' id='word_1_6' title='bbox 541 330 596 376; x_wconf 91' lang='lat' dir='ltr'><strong>et</strong></span> <span class='ocrx_word' id='word_1_7' title='bbox 632 326 928 379; x_wconf 81' lang='lat' dir='ltr'><strong>maledicta</strong></span> <span class='ocrx_word' id='word_1_8' title='bbox 961 327 1190 389; x_wconf 85' lang='lat' dir='ltr'><strong>bestia&#39;,</strong></span> <span class='ocrx_word' id='word_1_9' title='bbox 1238 328 1294 375; x_wconf 91' lang='lat' dir='ltr'><strong>et</strong></span> <span class='ocrx_word' id='word_1_10' title='bbox 1328 324 1618 375; x_wconf 79' lang='lat' dir='ltr'><strong>maledixit</strong></span> <span class='ocrx_word' id='word_1_11' title='bbox 1649 325 1702 373; x_wconf 90' lang='lat' dir='ltr'><strong>ei</strong></span> <span class='ocrx_word' id='word_1_12' title='bbox 1735 329 1792 374; x_wconf 87' lang='lat' dir='ltr'><strong>et</strong></span> 
     </span>
     <span class='ocr_line' id='line_1_3' title="bbox 272 398 1792 476; baseline -0.002 -15"><span class='ocrx_word' id='word_1_13' title='bbox 272 413 439 462; x_wconf 80' lang='lat' dir='ltr'><strong>dixit:</strong></span> <span class='ocrx_word' id='word_1_14' title='bbox 477 411 735 463; x_wconf 79' lang='lat' dir='ltr'><strong>‘Ioannes</strong></span> <span class='ocrx_word' id='word_1_15' title='bbox 758 402 1035 461; x_wconf 82' lang='lat' dir='ltr'><strong>Reuchlin</strong></span> <span class='ocrx_word' id='word_1_16' title='bbox 1069 415 1159 462; x_wconf 89' lang='lat' dir='ltr'><strong>est</strong></span> <span class='ocrx_word' id='word_1_17' title='bbox 1190 398 1394 476; x_wconf 76' lang='lat' dir='ltr'><strong>probus</strong></span> <span class='ocrx_word' id='word_1_18' title='bbox 1419 410 1523 473; x_wconf 87' lang='lat' dir='ltr'><strong>vir,</strong></span> <span class='ocrx_word' id='word_1_19' title='bbox 1559 413 1616 459; x_wconf 90' lang='lat' dir='ltr'><strong>et</strong></span> <span class='ocrx_word' id='word_1_20' title='bbox 1638 408 1792 459; x_wconf 86' lang='lat' dir='ltr'><strong>theo-</strong></span> 
     </span>
     <span class='ocr_line' id='line_1_4' title="bbox 274 488 1794 562; baseline -0.003 -15"><span class='ocrx_word' id='word_1_21' title='bbox 274 498 389 562; x_wconf 83' lang='lat' dir='ltr'>logi</span> <span class='ocrx_word' id='word_1_22' title='bbox 424 501 555 549; x_wconf 87' lang='lat' dir='ltr'><strong>sunt</strong></span> <span class='ocrx_word' id='word_1_23' title='bbox 588 495 817 560; x_wconf 84' lang='lat' dir='ltr'><strong>diaboli,</strong></span> <span class='ocrx_word' id='word_1_24' title='bbox 855 502 911 547; x_wconf 91' lang='lat' dir='ltr'><strong>et</strong></span> <span class='ocrx_word' id='word_1_25' title='bbox 932 497 1136 547; x_wconf 87' lang='lat' dir='ltr'><strong>iniuste</strong></span> <span class='ocrx_word' id='word_1_26' title='bbox 1161 494 1550 547; x_wconf 84' lang='lat' dir='ltr'><strong>iudicaverunt</strong></span> <span class='ocrx_word' id='word_1_27' title='bbox 1571 488 1794 558; x_wconf 85' lang='lat' dir='ltr'><strong>quando</strong></span> 
     </span>
     <span class='ocr_line' id='line_1_5' title="bbox 278 579 1796 645; baseline 0 -14"><span class='ocrx_word' id='word_1_28' title='bbox 278 584 695 633; x_wconf 84' lang='lat' dir='ltr'><strong>combusserunt</strong></span> <span class='ocrx_word' id='word_1_29' title='bbox 714 596 871 631; x_wconf 86' lang='lat' dir='ltr'><strong>suum</strong></span> <span class='ocrx_word' id='word_1_30' title='bbox 891 582 1092 633; x_wconf 86' lang='lat' dir='ltr'><strong>librum</strong></span> <span class='ocrx_word' id='word_1_31' title='bbox 1117 582 1212 645; x_wconf 88' lang='lat' dir='ltr'><strong>qui</strong></span> <span class='ocrx_word' id='word_1_32' title='bbox 1245 585 1476 633; x_wconf 77' lang='lat' dir='ltr'><strong>vocatur</strong></span> <span class='ocrx_word' id='word_1_33' title='bbox 1495 579 1796 644; x_wconf 76' lang='lat' dir='ltr'>Speculum</span> 
     </span>
     <span class='ocr_line' id='line_1_6' title="bbox 275 663 1796 731; baseline -0.002 -14"><span class='ocrx_word' id='word_1_34' title='bbox 275 669 535 718; x_wconf 83' lang='lat' dir='ltr'><strong>oculare&#39;.</strong></span> <span class='ocrx_word' id='word_1_35' title='bbox 606 668 764 718; x_wconf 84' lang='lat' dir='ltr'><strong>Tunc</strong></span> <span class='ocrx_word' id='word_1_36' title='bbox 800 681 903 731; x_wconf 79' lang='lat' dir='ltr'><strong>ego</strong></span> <span class='ocrx_word' id='word_1_37' title='bbox 938 665 1222 729; x_wconf 76' lang='lat' dir='ltr'>respondi:</span> <span class='ocrx_word' id='word_1_38' title='bbox 1271 663 1417 717; x_wconf 84' lang='lat' dir='ltr'><strong>‘Noli</strong></span> <span class='ocrx_word' id='word_1_39' title='bbox 1450 664 1634 717; x_wconf 88' lang='lat' dir='ltr'><strong>dicere</strong></span> <span class='ocrx_word' id='word_1_40' title='bbox 1667 664 1796 727; x_wconf 87' lang='lat' dir='ltr'><strong>hoc,</strong></span> 
     </span>
     <span class='ocr_line' id='line_1_7' title="bbox 275 750 1796 816; baseline 0 -15"><span class='ocrx_word' id='word_1_41' title='bbox 275 753 407 815; x_wconf 86' lang='lat' dir='ltr'><strong>quia</strong></span> <span class='ocrx_word' id='word_1_42' title='bbox 440 753 711 816; x_wconf 84' lang='lat' dir='ltr'><strong>scriptum</strong></span> <span class='ocrx_word' id='word_1_43' title='bbox 744 751 980 801; x_wconf 87' lang='lat' dir='ltr'><strong>habetur</strong></span> <span class='ocrx_word' id='word_1_44' title='bbox 1011 752 1070 800; x_wconf 88' lang='lat' dir='ltr'><strong>in</strong></span> <span class='ocrx_word' id='word_1_45' title='bbox 1102 750 1507 801; x_wconf 79' lang='lat' dir='ltr'><strong>Ecclesiastico</strong></span> <span class='ocrx_word' id='word_1_46' title='bbox 1544 766 1590 799; x_wconf 88' lang='lat' dir='ltr'><strong>c.</strong></span> <span class='ocrx_word' id='word_1_47' title='bbox 1627 766 1760 801; x_wconf 78' lang='lat' dir='ltr'>v111.</span> <span class='ocrx_word' id='word_1_48' title='bbox 1779 768 1796 801; x_wconf 74' lang='grc' dir='ltr'><em>ε</em></span> 
     </span>
     <span class='ocr_line' id='line_1_8' title="bbox 275 834 1798 900; baseline 0 -13"><span class='ocrx_word' id='word_1_49' title='bbox 275 837 435 900; x_wconf 83' lang='lat' dir='ltr'><strong>„Non</strong></span> <span class='ocrx_word' id='word_1_50' title='bbox 490 835 705 887; x_wconf 87' lang='lat' dir='ltr'><strong>iudices</strong></span> <span class='ocrx_word' id='word_1_51' title='bbox 764 839 955 886; x_wconf 87' lang='lat' dir='ltr'><strong>contra</strong></span> <span class='ocrx_word' id='word_1_52' title='bbox 996 834 1259 899; x_wconf 88' lang='lat' dir='ltr'><strong>iudicem,</strong></span> <span class='ocrx_word' id='word_1_53' title='bbox 1319 837 1452 899; x_wconf 85' lang='lat' dir='ltr'><strong>quia</strong></span> <span class='ocrx_word' id='word_1_54' title='bbox 1495 834 1798 887; x_wconf 88' lang='lat' dir='ltr'><strong>secundum</strong></span> 
     </span>
     <span class='ocr_line' id='line_1_9' title="bbox 276 918 1798 984; baseline 0.001 -15"><span class='ocrx_word' id='word_1_55' title='bbox 276 920 420 983; x_wconf 89' lang='lat' dir='ltr'><strong>quod</strong></span> <span class='ocrx_word' id='word_1_56' title='bbox 456 922 660 971; x_wconf 82' lang='lat' dir='ltr'><strong>iustum</strong></span> <span class='ocrx_word' id='word_1_57' title='bbox 698 925 783 971; x_wconf 88' lang='lat' dir='ltr'><strong>est</strong></span> <span class='ocrx_word' id='word_1_58' title='bbox 819 918 1087 974; x_wconf 86' lang='lat' dir='ltr'><strong>iudicat“.</strong></span> <span class='ocrx_word' id='word_1_59' title='bbox 1159 921 1245 970; x_wconf 90' lang='lat' dir='ltr'><strong>Tu</strong></span> <span class='ocrx_word' id='word_1_60' title='bbox 1279 919 1454 984; x_wconf 86' lang='lat' dir='ltr'><strong>vides,</strong></span> <span class='ocrx_word' id='word_1_61' title='bbox 1493 920 1636 984; x_wconf 87' lang='lat' dir='ltr'><strong>quod</strong></span> <span class='ocrx_word' id='word_1_62' title='bbox 1669 922 1798 971; x_wconf 87' lang='lat' dir='ltr'><strong>uni-</strong></span> 
     </span>
     <span class='ocr_line' id='line_1_10' title="bbox 272 1005 1798 1070; baseline -0.001 -14"><span class='ocrx_word' id='word_1_63' title='bbox 272 1007 512 1056; x_wconf 76' lang='lat' dir='ltr'><strong>versitas</strong></span> <span class='ocrx_word' id='word_1_64' title='bbox 547 1005 967 1068; x_wconf 85' lang='lat' dir='ltr'><strong>Parrhisiensis,</strong></span> <span class='ocrx_word' id='word_1_65' title='bbox 1005 1006 1103 1056; x_wconf 87' lang='lat' dir='ltr'><strong>ubi</strong></span> <span class='ocrx_word' id='word_1_66' title='bbox 1138 1011 1268 1056; x_wconf 85' lang='lat' dir='ltr'><strong>sunt</strong></span> <span class='ocrx_word' id='word_1_67' title='bbox 1300 1005 1545 1070; x_wconf 79' lang='lat' dir='ltr'><strong>theologi</strong></span> <span class='ocrx_word' id='word_1_68' title='bbox 1568 1006 1798 1069; x_wconf 82' lang='lat' dir='ltr'><strong>profun-</strong></span> 
     </span>
     <span class='ocr_line' id='line_1_11' title="bbox 274 1090 1798 1155; baseline 0 -14"><span class='ocrx_word' id='word_1_69' title='bbox 274 1090 489 1141; x_wconf 79' lang='lat' dir='ltr'><strong>dissimi</strong></span> <span class='ocrx_word' id='word_1_70' title='bbox 512 1095 569 1140; x_wconf 90' lang='lat' dir='ltr'><strong>et</strong></span> <span class='ocrx_word' id='word_1_71' title='bbox 592 1090 783 1154; x_wconf 82' lang='lat' dir='ltr'><strong>zelosi,</strong></span> <span class='ocrx_word' id='word_1_72' title='bbox 810 1094 865 1141; x_wconf 92' lang='lat' dir='ltr'><strong>et</strong></span> <span class='ocrx_word' id='word_1_73' title='bbox 889 1091 986 1153; x_wconf 89' lang='lat' dir='ltr'><strong>qui</strong></span> <span class='ocrx_word' id='word_1_74' title='bbox 1007 1106 1119 1141; x_wconf 87' lang='lat' dir='ltr'><strong>non</strong></span> <span class='ocrx_word' id='word_1_75' title='bbox 1142 1095 1372 1155; x_wconf 78' lang='lat' dir='ltr'><strong>possunt</strong></span> <span class='ocrx_word' id='word_1_76' title='bbox 1393 1106 1600 1154; x_wconf 84' lang='lat' dir='ltr'><strong>errare,</strong></span> <span class='ocrx_word' id='word_1_77' title='bbox 1625 1091 1798 1143; x_wconf 84' lang='lat' dir='ltr'><strong>etiam</strong></span> 
     </span>
     <span class='ocr_line' id='line_1_12' title="bbox 273 1173 1799 1242; baseline 0 -15"><span class='ocrx_word' id='word_1_78' title='bbox 273 1176 661 1227; x_wconf 83' lang='lat' dir='ltr'><strong>iudicaverunt</strong></span> <span class='ocrx_word' id='word_1_79' title='bbox 705 1177 785 1227; x_wconf 84' lang='lat' dir='ltr'><strong>ita</strong></span> <span class='ocrx_word' id='word_1_80' title='bbox 830 1176 980 1227; x_wconf 87' lang='lat' dir='ltr'><strong>sicut</strong></span> <span class='ocrx_word' id='word_1_81' title='bbox 1017 1173 1405 1227; x_wconf 82' lang='lat' dir='ltr'><strong>Colonienses:</strong></span> <span class='ocrx_word' id='word_1_82' title='bbox 1453 1191 1624 1241; x_wconf 82' lang='lat' dir='ltr'><strong>quare</strong></span> <span class='ocrx_word' id='word_1_83' title='bbox 1663 1192 1799 1242; x_wconf 81' lang='lat' dir='ltr'><strong>ergo</strong></span> 
     </span>
     <span class='ocr_line' id='line_1_13' title="bbox 273 1262 1800 1326; baseline 0.001 -15"><span class='ocrx_word' id='word_1_84' title='bbox 273 1262 361 1311; x_wconf 82' lang='lat' dir='ltr'><strong>vis</strong></span> <span class='ocrx_word' id='word_1_85' title='bbox 410 1274 533 1310; x_wconf 87' lang='lat' dir='ltr'><strong>esse</strong></span> <span class='ocrx_word' id='word_1_86' title='bbox 584 1264 777 1311; x_wconf 86' lang='lat' dir='ltr'><strong>contra</strong></span> <span class='ocrx_word' id='word_1_87' title='bbox 820 1265 995 1311; x_wconf 83' lang='lat' dir='ltr'><strong>totam</strong></span> <span class='ocrx_word' id='word_1_88' title='bbox 1041 1262 1393 1311; x_wconf 78' lang='lat' dir='ltr'><strong>ecclesiam?’</strong></span> <span class='ocrx_word' id='word_1_89' title='bbox 1473 1262 1632 1311; x_wconf 85' lang='lat' dir='ltr'><strong>Tunc</strong></span> <span class='ocrx_word' id='word_1_90' title='bbox 1673 1262 1800 1326; x_wconf 86' lang='lat' dir='ltr'><strong>ipse</strong></span> 
     </span>
     <span class='ocr_line' id='line_1_14' title="bbox 275 1344 1800 1409; baseline 0.002 -15"><span class='ocrx_word' id='word_1_91' title='bbox 275 1344 419 1395; x_wconf 86' lang='lat' dir='ltr'><strong>dixit</strong></span> <span class='ocrx_word' id='word_1_92' title='bbox 454 1344 599 1408; x_wconf 90' lang='lat' dir='ltr'><strong>quod</strong></span> <span class='ocrx_word' id='word_1_93' title='bbox 621 1345 1037 1397; x_wconf 77' lang='lat' dir='ltr'><strong>Parthisienses</strong></span> <span class='ocrx_word' id='word_1_94' title='bbox 1073 1350 1258 1397; x_wconf 84' lang='lat' dir='ltr'><strong>essent</strong></span> <span class='ocrx_word' id='word_1_95' title='bbox 1280 1346 1617 1409; x_wconf 84' lang='lat' dir='ltr'><strong>iniquissimi</strong></span> <span class='ocrx_word' id='word_1_96' title='bbox 1651 1346 1800 1399; x_wconf 82' lang='lat' dir='ltr'><strong>iudi-</strong></span> 
     </span>
     <span class='ocr_line' id='line_1_15' title="bbox 278 1428 1800 1495; baseline 0.001 -15"><span class='ocrx_word' id='word_1_97' title='bbox 278 1445 397 1493; x_wconf 87' lang='lat' dir='ltr'><strong>ces,</strong></span> <span class='ocrx_word' id='word_1_98' title='bbox 444 1434 501 1481; x_wconf 89' lang='lat' dir='ltr'><strong>et</strong></span> <span class='ocrx_word' id='word_1_99' title='bbox 547 1428 690 1493; x_wconf 89' lang='lat' dir='ltr'><strong>quod</strong></span> <span class='ocrx_word' id='word_1_100' title='bbox 738 1435 1076 1494; x_wconf 84' lang='lat' dir='ltr'><strong>acceperunt</strong></span> <span class='ocrx_word' id='word_1_101' title='bbox 1120 1431 1413 1495; x_wconf 83' lang='lat' dir='ltr'><strong>pecuniam</strong></span> <span class='ocrx_word' id='word_1_102' title='bbox 1459 1447 1494 1481; x_wconf 84' lang='lat' dir='ltr'><strong>a</strong></span> <span class='ocrx_word' id='word_1_103' title='bbox 1527 1430 1800 1483; x_wconf 84' lang='lat' dir='ltr'><strong>fratribus</strong></span> 
     </span>
     <span class='ocr_line' id='line_1_16' title="bbox 276 1512 1803 1581; baseline 0.002 -19"><span class='ocrx_word' id='word_1_104' title='bbox 276 1512 342 1565; x_wconf 90' lang='lat' dir='ltr'><strong>de</strong></span> <span class='ocrx_word' id='word_1_105' title='bbox 380 1513 568 1565; x_wconf 86' lang='lat' dir='ltr'><strong>ordine</strong></span> <span class='ocrx_word' id='word_1_106' title='bbox 605 1512 1028 1581; x_wconf 73' lang='lat' dir='ltr'><strong>predicatorum,</strong></span> <span class='ocrx_word' id='word_1_107' title='bbox 1065 1530 1230 1579; x_wconf 89' lang='lat' dir='ltr'><strong>quam</strong></span> <span class='ocrx_word' id='word_1_108' title='bbox 1263 1516 1506 1581; x_wconf 80' lang='lat' dir='ltr'><strong>portavit</strong></span> <span class='ocrx_word' id='word_1_109' title='bbox 1539 1514 1677 1579; x_wconf 89' lang='lat' dir='ltr'><strong>ipsis</strong></span> <span class='ocrx_word' id='word_1_110' title='bbox 1713 1512 1803 1578; x_wconf 90' lang='lat' dir='ltr'><strong>(ut</strong></span> 
     </span>
     <span class='ocr_line' id='line_1_17' title="bbox 276 1597 1800 1665; baseline 0 -16"><span class='ocrx_word' id='word_1_111' title='bbox 276 1598 374 1651; x_wconf 89' lang='lat' dir='ltr'><strong>ille</strong></span> <span class='ocrx_word' id='word_1_112' title='bbox 422 1613 661 1662; x_wconf 80' lang='lat' dir='ltr'><strong>nequam</strong></span> <span class='ocrx_word' id='word_1_113' title='bbox 703 1597 989 1663; x_wconf 87' lang='lat' dir='ltr'><strong>mentitur)</strong></span> <span class='ocrx_word' id='word_1_114' title='bbox 1039 1599 1258 1651; x_wconf 84' lang='lat' dir='ltr'><strong>zelosus</strong></span> <span class='ocrx_word' id='word_1_115' title='bbox 1293 1600 1379 1649; x_wconf 88' lang='lat' dir='ltr'><strong>vir</strong></span> <span class='ocrx_word' id='word_1_116' title='bbox 1415 1604 1470 1649; x_wconf 91' lang='lat' dir='ltr'><strong>et</strong></span> <span class='ocrx_word' id='word_1_117' title='bbox 1503 1598 1800 1665; x_wconf 83' lang='lat' dir='ltr'><strong>theologus</strong></span> 
     </span>
     <span class='ocr_line' id='line_1_18' title="bbox 276 1682 1802 1748; baseline 0 -13"><span class='ocrx_word' id='word_1_118' title='bbox 276 1682 790 1746; x_wconf 74' lang='lat' dir='ltr'><strong>scientificissimus,</strong></span> <span class='ocrx_word' id='word_1_119' title='bbox 816 1683 1066 1735; x_wconf 84' lang='lat' dir='ltr'><strong>dominus</strong></span> <span class='ocrx_word' id='word_1_120' title='bbox 1090 1684 1462 1735; x_wconf 83' lang='lat' dir='ltr'><strong>Theodericus</strong></span> <span class='ocrx_word' id='word_1_121' title='bbox 1487 1684 1552 1735; x_wconf 91' lang='lat' dir='ltr'><strong>de</strong></span> <span class='ocrx_word' id='word_1_122' title='bbox 1578 1684 1802 1748; x_wconf 82' lang='lat' dir='ltr'><strong>Gauda,</strong></span> 
     </span>
     <span class='ocr_line' id='line_1_19' title="bbox 276 1767 1805 1832; baseline 0.001 -15"><span class='ocrx_word' id='word_1_123' title='bbox 276 1767 496 1832; x_wconf 88' lang='lat' dir='ltr'><strong>legatus</strong></span> <span class='ocrx_word' id='word_1_124' title='bbox 520 1768 905 1819; x_wconf 83' lang='lat' dir='ltr'><strong>universitatis</strong></span> <span class='ocrx_word' id='word_1_125' title='bbox 926 1767 1295 1819; x_wconf 73' lang='lat' dir='ltr'><strong>coloniensis.</strong></span> <span class='ocrx_word' id='word_1_126' title='bbox 1341 1768 1416 1817; x_wconf 87' lang='lat' dir='ltr'><strong>Et</strong></span> <span class='ocrx_word' id='word_1_127' title='bbox 1451 1768 1632 1818; x_wconf 84' lang='lat' dir='ltr'><strong>adhuc</strong></span> <span class='ocrx_word' id='word_1_128' title='bbox 1655 1768 1805 1820; x_wconf 84' lang='lat' dir='ltr'><strong>dixit</strong></span> 
     </span>
     <span class='ocr_line' id='line_1_20' title="bbox 277 1850 1802 1916; baseline 0.001 -13"><span class='ocrx_word' id='word_1_129' title='bbox 277 1852 421 1916; x_wconf 88' lang='lat' dir='ltr'><strong>quod</strong></span> <span class='ocrx_word' id='word_1_130' title='bbox 468 1853 581 1903; x_wconf 86' lang='lat' dir='ltr'><strong>ista</strong></span> <span class='ocrx_word' id='word_1_131' title='bbox 614 1868 725 1903; x_wconf 83' lang='lat' dir='ltr'><strong>non</strong></span> <span class='ocrx_word' id='word_1_132' title='bbox 762 1856 846 1904; x_wconf 84' lang='lat' dir='ltr'><strong>est</strong></span> <span class='ocrx_word' id='word_1_133' title='bbox 882 1852 1127 1905; x_wconf 85' lang='lat' dir='ltr'><strong>ecclesia</strong></span> <span class='ocrx_word' id='word_1_134' title='bbox 1162 1851 1277 1915; x_wconf 91' lang='lat' dir='ltr'><strong>dei,</strong></span> <span class='ocrx_word' id='word_1_135' title='bbox 1336 1850 1434 1903; x_wconf 85' lang='lat' dir='ltr'><strong>sed</strong></span> <span class='ocrx_word' id='word_1_136' title='bbox 1470 1857 1557 1903; x_wconf 84' lang='lat' dir='ltr'><strong>est</strong></span> <span class='ocrx_word' id='word_1_137' title='bbox 1589 1853 1694 1904; x_wconf 83' lang='lat' dir='ltr'><strong>illa</strong></span> <span class='ocrx_word' id='word_1_138' title='bbox 1731 1854 1802 1905; x_wconf 90' lang='lat' dir='ltr'><strong>de</strong></span> 
     </span>
     <span class='ocr_line' id='line_1_21' title="bbox 277 1934 1804 2003; baseline 0.001 -16"><span class='ocrx_word' id='word_1_139' title='bbox 277 1952 389 2000; x_wconf 82' lang='lat' dir='ltr'><strong>qua</strong></span> <span class='ocrx_word' id='word_1_140' title='bbox 413 1936 553 1985; x_wconf 89' lang='lat' dir='ltr'><strong>dicit</strong></span> <span class='ocrx_word' id='word_1_141' title='bbox 572 1936 909 1987; x_wconf 82' lang='lat' dir='ltr'><strong>Psalmista:</strong></span> <span class='ocrx_word' id='word_1_142' title='bbox 948 1934 1138 1988; x_wconf 84' lang='lat' dir='ltr'><strong>‘Odivi</strong></span> <span class='ocrx_word' id='word_1_143' title='bbox 1163 1936 1462 1987; x_wconf 86' lang='lat' dir='ltr'><strong>ecclesiam</strong></span> <span class='ocrx_word' id='word_1_144' title='bbox 1483 1938 1804 2003; x_wconf 85' lang='lat' dir='ltr'><strong>malignan-</strong></span> 
     </span>
     <span class='ocr_line' id='line_1_22' title="bbox 274 2020 1806 2087; baseline 0.001 -15"><span class='ocrx_word' id='word_1_145' title='bbox 274 2022 437 2084; x_wconf 86' lang='lat' dir='ltr'><strong>tium,</strong></span> <span class='ocrx_word' id='word_1_146' title='bbox 487 2024 543 2071; x_wconf 91' lang='lat' dir='ltr'><strong>et</strong></span> <span class='ocrx_word' id='word_1_147' title='bbox 591 2035 714 2071; x_wconf 88' lang='lat' dir='ltr'><strong>cum</strong></span> <span class='ocrx_word' id='word_1_148' title='bbox 756 2022 939 2087; x_wconf 87' lang='lat' dir='ltr'><strong>impiis</strong></span> <span class='ocrx_word' id='word_1_149' title='bbox 983 2036 1094 2072; x_wconf 84' lang='lat' dir='ltr'><strong>non</strong></span> <span class='ocrx_word' id='word_1_150' title='bbox 1127 2021 1366 2073; x_wconf 86' lang='lat' dir='ltr'><strong>sedebo&#39;.</strong></span> <span class='ocrx_word' id='word_1_151' title='bbox 1436 2020 1511 2071; x_wconf 84' lang='lat' dir='ltr'><strong>Et</strong></span> <span class='ocrx_word' id='word_1_152' title='bbox 1548 2024 1806 2087; x_wconf 76' lang='lat' dir='ltr'><strong>culpavit</strong></span> 
     </span>
     <span class='ocr_line' id='line_1_23' title="bbox 274 2106 1804 2171; baseline 0.002 -16"><span class='ocrx_word' id='word_1_153' title='bbox 274 2106 567 2171; x_wconf 80' lang='lat' dir='ltr'><strong>magistros</strong></span> <span class='ocrx_word' id='word_1_154' title='bbox 601 2111 819 2157; x_wconf 84' lang='lat' dir='ltr'><strong>nostros</strong></span> <span class='ocrx_word' id='word_1_155' title='bbox 854 2110 913 2157; x_wconf 86' lang='lat' dir='ltr'><strong>in</strong></span> <span class='ocrx_word' id='word_1_156' title='bbox 946 2106 1237 2157; x_wconf 83' lang='lat' dir='ltr'><strong>Parrhisia</strong></span> <span class='ocrx_word' id='word_1_157' title='bbox 1270 2107 1330 2156; x_wconf 92' lang='lat' dir='ltr'><strong>in</strong></span> <span class='ocrx_word' id='word_1_158' title='bbox 1365 2106 1618 2157; x_wconf 86' lang='lat' dir='ltr'><strong>omnibus</strong></span> <span class='ocrx_word' id='word_1_159' title='bbox 1657 2110 1804 2159; x_wconf 84' lang='lat' dir='ltr'><strong>acti-</strong></span> 
     </span>
     <span class='ocr_line' id='line_1_24' title="bbox 274 2189 1804 2253; baseline 0.001 -12"><span class='ocrx_word' id='word_1_160' title='bbox 274 2191 379 2241; x_wconf 85' lang='lat' dir='ltr'><strong>bus</strong></span> <span class='ocrx_word' id='word_1_161' title='bbox 415 2191 549 2241; x_wconf 86' lang='lat' dir='ltr'><strong>suis.</strong></span> <span class='ocrx_word' id='word_1_162' title='bbox 618 2190 695 2239; x_wconf 87' lang='lat' dir='ltr'><strong>Et</strong></span> <span class='ocrx_word' id='word_1_163' title='bbox 728 2189 869 2240; x_wconf 89' lang='lat' dir='ltr'><strong>dixit</strong></span> <span class='ocrx_word' id='word_1_164' title='bbox 905 2190 1052 2253; x_wconf 89' lang='lat' dir='ltr'><strong>quod</strong></span> <span class='ocrx_word' id='word_1_165' title='bbox 1085 2191 1420 2242; x_wconf 79' lang='lat' dir='ltr'><strong>universitas</strong></span> <span class='ocrx_word' id='word_1_166' title='bbox 1444 2191 1804 2243; x_wconf 79' lang='lat' dir='ltr'><strong>Parthisien-</strong></span> 
     </span>
     <span class='ocr_line' id='line_1_25' title="bbox 274 2274 1808 2342; baseline 0.001 -17"><span class='ocrx_word' id='word_1_167' title='bbox 274 2276 353 2325; x_wconf 86' lang='lat' dir='ltr'><strong>sis</strong></span> <span class='ocrx_word' id='word_1_168' title='bbox 400 2279 551 2326; x_wconf 84' lang='lat' dir='ltr'><strong>esset</strong></span> <span class='ocrx_word' id='word_1_169' title='bbox 585 2277 764 2325; x_wconf 84' lang='lat' dir='ltr'><strong>mater</strong></span> <span class='ocrx_word' id='word_1_170' title='bbox 799 2275 974 2325; x_wconf 86' lang='lat' dir='ltr'><strong>omnis</strong></span> <span class='ocrx_word' id='word_1_171' title='bbox 1009 2274 1266 2342; x_wconf 74' lang='lat' dir='ltr'><strong>stultitie,</strong></span> <span class='ocrx_word' id='word_1_172' title='bbox 1305 2289 1412 2341; x_wconf 77' lang='lat' dir='ltr'><strong>que</strong></span> <span class='ocrx_word' id='word_1_173' title='bbox 1447 2274 1684 2327; x_wconf 87' lang='lat' dir='ltr'><strong>haberet</strong></span> <span class='ocrx_word' id='word_1_174' title='bbox 1719 2276 1808 2327; x_wconf 90' lang='lat' dir='ltr'><strong>ibi</strong></span> 
     </span>
     <span class='ocr_line' id='line_1_26' title="bbox 276 2357 1804 2425; baseline 0.001 -16"><span class='ocrx_word' id='word_1_175' title='bbox 276 2360 563 2425; x_wconf 80' lang='lat' dir='ltr'><strong>originem,</strong></span> <span class='ocrx_word' id='word_1_176' title='bbox 602 2363 659 2409; x_wconf 90' lang='lat' dir='ltr'><strong>et</strong></span> <span class='ocrx_word' id='word_1_177' title='bbox 691 2359 941 2411; x_wconf 80' lang='lat' dir='ltr'><strong>venisset</strong></span> <span class='ocrx_word' id='word_1_178' title='bbox 972 2358 1034 2409; x_wconf 87' lang='lat' dir='ltr'><strong>in</strong></span> <span class='ocrx_word' id='word_1_179' title='bbox 1067 2357 1414 2409; x_wconf 83' lang='lat' dir='ltr'><strong>Alemaniam</strong></span> <span class='ocrx_word' id='word_1_180' title='bbox 1450 2362 1506 2409; x_wconf 85' lang='lat' dir='ltr'><strong>et</strong></span> <span class='ocrx_word' id='word_1_181' title='bbox 1539 2358 1804 2423; x_wconf 80' lang='lat' dir='ltr'><strong>Italia1n3</strong></span> 
     </span>
     <span class='ocr_line' id='line_1_27' title="bbox 276 2442 1808 2508; baseline 0 -13"><span class='ocrx_word' id='word_1_182' title='bbox 276 2448 333 2495; x_wconf 83' lang='lat' dir='ltr'><strong>et</strong></span> <span class='ocrx_word' id='word_1_183' title='bbox 342 2443 487 2507; x_wconf 88' lang='lat' dir='ltr'><strong>quod</strong></span> <span class='ocrx_word' id='word_1_184' title='bbox 503 2442 607 2493; x_wconf 84' lang='lat' dir='ltr'><strong>illa</strong></span> <span class='ocrx_word' id='word_1_185' title='bbox 622 2443 817 2494; x_wconf 83' lang='lat' dir='ltr'><strong>schola</strong></span> <span class='ocrx_word' id='word_1_186' title='bbox 836 2444 1165 2495; x_wconf 78' lang='lat' dir='ltr'><strong>seminasset</strong></span> <span class='ocrx_word' id='word_1_187' title='bbox 1185 2443 1426 2507; x_wconf 86' lang='lat' dir='ltr'><strong>undique</strong></span> <span class='ocrx_word' id='word_1_188' title='bbox 1449 2445 1808 2508; x_wconf 85' lang='lat' dir='ltr'><strong>superstitio-</strong></span> 
     </span>
     <span class='ocr_line' id='line_1_28' title="bbox 274 2528 1806 2592; baseline 0.002 -15"><span class='ocrx_word' id='word_1_189' title='bbox 274 2544 401 2579; x_wconf 83' lang='lat' dir='ltr'><strong>nem</strong></span> <span class='ocrx_word' id='word_1_190' title='bbox 436 2532 493 2579; x_wconf 92' lang='lat' dir='ltr'><strong>et</strong></span> <span class='ocrx_word' id='word_1_191' title='bbox 524 2528 848 2578; x_wconf 82' lang='lat' dir='ltr'><strong>vanitatem.</strong></span> <span class='ocrx_word' id='word_1_192' title='bbox 907 2528 984 2577; x_wconf 86' lang='lat' dir='ltr'><strong>Et</strong></span> <span class='ocrx_word' id='word_1_193' title='bbox 1005 2528 1325 2591; x_wconf 77' lang='lat' dir='ltr'><strong>frequenter</strong></span> <span class='ocrx_word' id='word_1_194' title='bbox 1347 2542 1534 2577; x_wconf 85' lang='lat' dir='ltr'><strong>omnes</strong></span> <span class='ocrx_word' id='word_1_195' title='bbox 1559 2530 1660 2592; x_wconf 86' lang='lat' dir='ltr'><strong>qui</strong></span> <span class='ocrx_word' id='word_1_196' title='bbox 1681 2534 1806 2580; x_wconf 87' lang='lat' dir='ltr'><strong>stu-</strong></span> 
     </span>
     <span class='ocr_line' id='line_1_29' title="bbox 274 2611 1812 2677; baseline 0.001 -14"><span class='ocrx_word' id='word_1_197' title='bbox 274 2612 405 2663; x_wconf 87' lang='lat' dir='ltr'><strong>dent</strong></span> <span class='ocrx_word' id='word_1_198' title='bbox 438 2613 499 2663; x_wconf 88' lang='lat' dir='ltr'><strong>in</strong></span> <span class='ocrx_word' id='word_1_199' title='bbox 530 2612 848 2676; x_wconf 82' lang='lat' dir='ltr'><strong>Parrhisia,</strong></span> <span class='ocrx_word' id='word_1_200' title='bbox 884 2611 1094 2663; x_wconf 82' lang='lat' dir='ltr'><strong>habent</strong></span> <span class='ocrx_word' id='word_1_201' title='bbox 1125 2612 1273 2662; x_wconf 85' lang='lat' dir='ltr'><strong>mala</strong></span> <span class='ocrx_word' id='word_1_202' title='bbox 1307 2612 1527 2677; x_wconf 79' lang='lat' dir='ltr'><strong>capita,</strong></span> <span class='ocrx_word' id='word_1_203' title='bbox 1577 2617 1635 2663; x_wconf 91' lang='lat' dir='ltr'><strong>et</strong></span> <span class='ocrx_word' id='word_1_204' title='bbox 1665 2619 1812 2665; x_wconf 84' lang='lat' dir='ltr'><strong>sunt</strong></span> 
     </span>
     <span class='ocr_line' id='line_1_30' title="bbox 276 2696 1809 2761; baseline 0.001 -13"><span class='ocrx_word' id='word_1_205' title='bbox 276 2698 438 2761; x_wconf 84' lang='lat' dir='ltr'><strong>quasi</strong></span> <span class='ocrx_word' id='word_1_206' title='bbox 461 2697 621 2747; x_wconf 80' lang='lat' dir='ltr'><strong>fatui.</strong></span> <span class='ocrx_word' id='word_1_207' title='bbox 654 2697 729 2747; x_wconf 88' lang='lat' dir='ltr'><strong>Et</strong></span> <span class='ocrx_word' id='word_1_208' title='bbox 752 2696 891 2747; x_wconf 90' lang='lat' dir='ltr'><strong>dixit</strong></span> <span class='ocrx_word' id='word_1_209' title='bbox 913 2696 1058 2760; x_wconf 84' lang='lat' dir='ltr'><strong>quod</strong></span> <span class='ocrx_word' id='word_1_210' title='bbox 1079 2696 1340 2747; x_wconf 82' lang='lat' dir='ltr'><strong>Thalmut</strong></span> <span class='ocrx_word' id='word_1_211' title='bbox 1362 2711 1470 2747; x_wconf 86' lang='lat' dir='ltr'><strong>non</strong></span> <span class='ocrx_word' id='word_1_212' title='bbox 1495 2700 1582 2747; x_wconf 87' lang='lat' dir='ltr'><strong>est</strong></span> <span class='ocrx_word' id='word_1_213' title='bbox 1606 2700 1677 2749; x_wconf 80' lang='lat' dir='ltr'><strong>ab</strong></span> <span class='ocrx_word' id='word_1_214' title='bbox 1707 2715 1809 2749; x_wconf 86' lang='lat' dir='ltr'><strong>ec-</strong></span> 
     </span>
    </p>
   </div>
  </div>
 </body>
</html>
