1942 3109
163 256 342 296 COLON.
369 252 443 291 AD
469 248 710 286 uvcnl..
740 242 1095 282 Inswnvc‘rlo.
1122 231 1556 274 D.2.1AN.A.1512.
1592 219 1662 272 95

163 362 226 413 ad
265 357 550 409 terminum
605 367 712 416 quo
757 349 1101 416 properabas
1149 350 1205 395 et
1248 345 1506 394 incautus
1552 357 1663 392 non

163 447 290 498 satis
326 439 646 508 probaveris
684 452 756 487 an
791 449 949 484 rosas
986 434 1131 482 forte
1181 446 1253 480 an
1301 431 1526 478 urentes
1573 441 1663 475 ur·

161 533 294 580 ticas
329 531 426 578 aut
457 523 602 574 male
641 522 856 572 olentes
890 519 1053 568 fiores
1087 515 1419 566 inconcinne
1456 513 1515 562 in
1551 525 1664 560 ser-

163 621 269 666 tum
303 622 670 676 componeres,
741 605 824 654 Ac
859 619 958 668 per
992 603 1099 652 hoc
1134 617 1246 652 non
1283 597 1461 649 solum
1497 595 1665 662 nimie

161 699 389 764 fautorie
413 693 641 758 Iudaice
667 688 894 756 perfidie
929 691 1119 737 notam
1155 682 1493 750 improvidus
1522 679 1667 745 apud

162 783 497 834 Christianos
556 779 798 827 lectores
857 772 1145 822 incurristi
1202 769 1312 820 Sed
1370 771 1427 818 et
1482 765 1669 832 Iudeis

159 869 316 934 ipsiS,
367 864 548 914 crucis
595 866 650 911 et
695 859 986 924 sanguinis
1034 870 1140 919 quo
1187 869 1287 905 nos
1335 854 1439 904 loti
1482 854 1539 902 et
1584 866 1668 900 re-

161 951 363 1014 dempti
407 961 593 996 sumus
644 945 910 1006 inimicis,
958 942 1055 1005 qui
1100 943 1184 990 uti
1227 940 1387 990 nobis
1434 937 1669 986 relatum

163 1039 272 1096 est,
307 1033 454 1082 hunc
489 1033 643 1079 tuum
678 1030 975 1076 tractatum
1008 1024 1316 1078 vernacula
1350 1025 1540 1072 nostra
1562 1019 1669 1070 lin-

161 1135 268 1186 gua
317 1115 519 1168 editum
568 1117 624 1164 et
669 1113 995 1177 impressum
1040 1111 1235 1176 legunt
1280 1112 1337 1158 et
1383 1104 1674 1156 circumfe-

158 1207 310 1264 runt,
369 1201 719 1251 occasionem
776 1197 1075 1263 prestitisti
1129 1209 1235 1258 quo
1290 1191 1529 1257 amplius
1574 1203 1673 1239 nos

159 1286 453 1346 irrideant,
504 1283 720 1347 quando
768 1282 916 1330 inter
962 1277 1303 1329 Christianos
1352 1281 1409 1327 et
1456 1273 1675 1338 quidem

157 1374 306 1422 inter
341 1384 436 1420 eos
473 1369 568 1431 qui
601 1367 854 1432 inprimis
889 1364 1042 1414 docti
1086 1367 1419 1428 reputantur.
1461 1363 1517 1410 te
1553 1358 1675 1408 uni-

165 1470 288 1506 cum
323 1455 680 1514 invenerunt,
728 1453 825 1514 >qui
871 1463 1031 1500 suam
1079 1463 1305 1498 causam
1342 1450 1495 1512 agat,
1533 1447 1677 1494 tute-

157 1546 248 1590 tur
295 1553 362 1588 ac
408 1535 698 1600 defendat,
747 1536 910 1598 quasi
953 1548 1135 1597 neque
1174 1531 1453 1583 Christum
1499 1543 1678 1592 neque

159 1625 435 1688 virginem
480 1625 709 1670 matrem
754 1633 936 1682 neque
987 1617 1268 1683 apostolos
1303 1631 1483 1680 neque
1520 1612 1679 1663 fidem

159 1711 406 1758 nostram
439 1705 828 1754 intemeratam
863 1703 1249 1768 blasphement
1292 1715 1534 1764 unquam
1583 1701 1681 1747 aut

157 1794 510 1857 vituperent,
556 1787 654 1838 sed
700 1787 966 1851 quicquid
1008 1787 1253 1850 faciant,
1300 1791 1397 1834 aut
1442 1783 1681 1834 maiores

161 1890 356 1926 eorum
391 1874 739 1937 scripserint,
789 1873 848 1922 in
893 1873 983 1922 sui
1026 1872 1402 1924 defensionem
1450 1871 1506 1918 et
1540 1865 1684 1919 nulli

157 1963 220 2010 in
258 1955 624 2025 preiudicium
661 1961 760 2008 aut
780 1957 1119 2020 vituperium
1144 1957 1398 2006 fecerint.
1452 1954 1527 2002 Et
1552 1953 1683 2015 quia

155 2049 222 2096 ut
244 2043 389 2094 illud
414 2041 766 2109 imperatorie
788 2041 1075 2092 maiestati
1092 2039 1433 2090 sufficienter
1454 2051 1681 2101 persua-

154 2131 292 2178 dere
313 2143 528 2192 posseS,
551 2127 740 2178 varias
763 2130 820 2174 et
841 2124 1109 2189 quasdam
1129 2122 1408 2175 invalidas
1430 2123 1681 2172 rationes

156 2227 498 2261 aranearum
523 2211 652 2262 telis
679 2209 999 2274 fragiliores
1026 2209 1339 2274 adduxisti,
1378 2207 1672 2258 auctorita—

153 2301 248 2346 tes
290 2307 511 2358 quoque
545 2295 794 2346 diversas
831 2296 1107 2360 scripture
1132 2310 1292 2360 sacre
1320 2297 1377 2343 et
1400 2307 1685 2344 sacrorum

148 2381 454 2431 doctorum
499 2378 802 2427 renitentes
839 2379 908 2430 ad
953 2394 1175 2429 sensum
1220 2393 1382 2442 quem
1425 2383 1488 2426 tu
1531 2376 1683 2427 vole-

149 2465 265 2516 bas
309 2462 657 2525 contorsisti,
705 2462 1016 2514 Nonnullas
1070 2463 1241 2513 etiam
1276 2461 1683 2527 propositiones

143 2549 308 2600 male
347 2551 614 2599 sonantes
651 2551 708 2598 et
742 2548 960 2612 piarum
996 2547 1435 2598 christifidelium
1471 2546 1687 2596 aurium

145 2633 468 2684 offensivas
493 2633 624 2682 hinc
649 2633 776 2682 inde
803 2634 1197 2696 interseruisti‚
1236 2647 1343 2696 quo
1370 2633 1689 2694 suspectum

141 2721 210 2765 te
253 2715 444 2766 reddis
483 2717 647 2781 quasi
683 2733 794 2768 non
832 2720 1008 2778 caste,
1046 2732 1181 2780 pure
1220 2719 1276 2766 et
1312 2715 1605 2765 sinceriter
1627 2717 1689 2760 ut
