1942 3109
263 217 332 269 76
399 233 779 271 ΡΕΡΕΒΙὉΟΒΝῙ
805 231 1025 270 mamus
1036 258 1045 270 .
1058 234 1279 271 cownu
1304 233 1505 270 PAHOS·
1520 235 1573 270 0.
1586 235 1643 271 V.
1658 236 1783 274 EPP.

263 339 396 390 bore
432 355 554 390 meo
595 341 1007 405 plenissimum,
1069 357 1190 392 cum
1234 339 1501 391 nonnullo
1546 343 1633 391 rei
1666 356 1785 410 mee

265 424 563 476 familiaris
599 425 872 490 impendio
911 439 979 474 ac
1005 427 1239 477 iactura.
1300 425 1538 476 Tantum
1560 441 1651 476 me
1674 443 1785 478 mo-

262 509 348 560 vit
395 525 676 560 sacrarum
719 509 1032 560 litterarum
1078 512 1314 577 insignis
1352 509 1695 561 excellentia
1734 517 1789 562 et

267 594 514 646 eiusdem
549 594 944 661 discipulorum
979 597 1155 647 honor
1188 599 1245 645 et
1268 595 1455 646 decus.
1513 594 1580 644 Id
1602 597 1785 648 scribo

264 683 327 728 ut
361 695 518 731 nemo
553 697 638 732 me
677 681 980 731 arbitretur
1013 680 1232 730 illustre
1268 679 1409 730 illud
1445 683 1503 730 et
1544 680 1789 744 splendi-

263 763 548 815 dissimum
584 765 929 830 gymnasium
952 768 1197 815 vestrum
1232 766 1651 829 contempsisse,
1688 768 1789 830 qui

266 847 448 898 adhuc
489 849 742 900 nesciam
793 849 958 914 quale
1002 865 1102 900 vos
1152 848 1443 900 consilium
1487 848 1781 900 dederitis:

263 934 446 998 potuit
493 936 679 985 autem
725 933 846 985 fieri
887 937 952 984 ut
1000 949 1122 984 cum
1164 932 1232 984 de
1280 933 1590 984 cremandis
1624 933 1785 1003 Iude—

265 1033 418 1068 orum
465 1019 626 1070 libris
681 1019 894 1070 nullam
951 1019 1162 1086 legem,
1222 1018 1434 1068 nullum
1484 1017 1787 1084 Canonem,

263 1105 476 1153 nullum
510 1103 792 1154 decretum
835 1102 1147 1170 publicum,
1194 1102 1405 1152 nullam
1448 1104 1793 1154 universalis

265 1187 506 1256 ecclesie
541 1188 1061 1239 determinationem
1103 1186 1436 1253 particulari
1466 1187 1625 1238 modo
1660 1203 1794 1254 spe-

265 1271 422 1323 cifice
459 1273 634 1325 latam
666 1274 947 1337 vidissem,
985 1279 1101 1323 tum
1136 1289 1239 1338 ego
1274 1287 1389 1324 rem
1414 1287 1627 1323 omnem
1664 1278 1789 1324 tan-

266 1373 430 1422 quam
466 1359 526 1407 in
561 1361 682 1408 iure
728 1357 1097 1408 dubitabilem
1154 1361 1401 1408 tractare
1437 1358 1629 1422 topico
1668 1359 1791 1410 rhe-

262 1445 442 1491 torum
475 1457 624 1492 more
664 1441 732 1492 ad
765 1442 1208 1507 persuadendum
1242 1447 1374 1508 apto
1398 1442 1789 1494 instituissem.

265 1525 362 1574 ubi
387 1525 562 1574 omnis
589 1526 758 1574 animi
782 1531 960 1576 motus
996 1527 1130 1576 mihi
1164 1542 1263 1594 pro
1300 1532 1623 1592 argumento
1660 1529 1793 1592 fuit,

263 1610 382 1660 sive
410 1613 672 1660 causaret
695 1609 1105 1674 quantamlibet
1140 1613 1523 1677 suspitionem,
1563 1625 1663 1662 seu
1686 1628 1793 1664 ve·

260 1694 573 1744 hementem
595 1694 975 1747 violentamve
1010 1698 1477 1764 presumptionem
1502 1701 1603 1746 aut
1634 1702 1795 1749 certe

263 1781 638 1832 necessariam
671 1782 1071 1847 probationem,
1108 1784 1171 1830 ut
1204 1782 1263 1830 in
1297 1779 1675 1833 deliberativo
1714 1783 1793 1832 di-

263 1865 426 1916 cendi
461 1881 664 1930 genere
700 1865 820 1915 fieri
856 1865 1159 1916 consuevit.
1217 1865 1284 1914 In
1308 1866 1446 1931 ipsis
1472 1869 1665 1917 autem
1706 1883 1797 1918 ar·

263 1953 536 2016 gumentis
583 1953 822 2002 fortasse
859 1950 1139 2016 digressus
1174 1965 1292 2001 sum
1328 1935 1507 2014 'paulo
1544 1951 1801 2018 amplius

262 2051 430 2101 quam
473 2041 728 2103 oportere
784 2035 1112 2102 quibusdam
1152 2033 1413 2086 videatur
1469 2035 1545 2084 Et
1590 2040 1659 2086 nt
1706 2053 1802 2088 me

259 2123 676 2187 peregrinorum
715 2122 908 2172 cohors
945 2122 1091 2170 istac
1136 2120 1543 2170 trans-euntium
1580 2123 1803 2172 certio·

259 2219 375 2254 rem
399 2205 558 2266 facit,
585 2217 688 2268 ego
711 2189 900 2252 multis
925 2205 983 2252 in
1002 2203 1249 2255 civitate
1272 2208 1461 2255 vestra
1486 2205 1805 2257 calumniis

258 2287 575 2351 insimulor,
625 2301 763 2352 quas
805 2286 1207 2352 Pepericornus
1252 2296 1306 2338 et
1347 2290 1804 2355 peperiphrones

260 2372 396 2422 mihi
417 2373 588 2424 nullis
612 2372 748 2422 meis
783 2371 1066 2423 demeritis
1088 2372 1517 2440 precedentibus
1542 2375 1803 2427 circum-

261 2469 482 2519 quaque
521 2459 854 2508 cursitantes
879 2460 1098 2508 struunt
1132 2458 1365 2508 Accedit
1388 2458 1456 2508 ad
1491 2459 1599 2510 hoc
1638 2461 1807 2524 qnod

261 2538 484 2601 quidam
531 2543 933 2604 spectatissimi
986 2541 1267 2610 theologie
1324 2542 1611 2594 candidati
1676 2547 1805 2596 for-

260 2622 430 2670 tassis
466 2637 595 2688 egre
629 2625 778 2694 ferre
812 2629 1066 2690 possent,
1110 2641 1197 2676 me
1234 2627 1331 2690 qui
1364 2641 1656 2678 sacrarum
1698 2630 1806 2680 lit-

260 2708 502 2754 terarum
545 2707 854 2771 discipulus
899 2721 1179 2773 nunquam
1223 2709 1421 2760 fuerim
1440 2749 1455 2774 ,
1502 2711 1809 2766 hominem
