1942 3109
499 226 632 261 vor..
670 227 710 260 1.
781 220 824 260 7.
863 226 1031 260 rna-m
1072 223 1454 260 narnuxusu.
1682 207 1745 261 19

202 331 516 380 dictamina
561 331 750 379 facere
796 331 1029 380 metrice
1077 335 1136 380 et
1178 331 1471 394 prosaiee'.
1541 329 1614 378 Et
1656 331 1741 380 sic

202 417 480 479 magister
512 419 702 463 noster
735 415 1071 466 Valentinus
1108 415 1247 464 fecit
1284 414 1427 478 quod
1462 431 1565 479 ego
1600 431 1739 464 nun-

207 515 376 562 quam
413 499 602 548 studui
635 501 694 546 in
727 500 962 563 poetria.
1036 499 1111 547 Et
1134 500 1229 548 isti
1254 499 1565 564 humaniste
1592 514 1739 548 nunc

201 587 416 632 vexant
461 599 548 632 me
600 599 720 632 cum
757 599 854 633 suo
890 599 1033 633 novo
1072 584 1281 645 latino,
1329 587 1386 632 et
1422 583 1738 632 annihilant

199 668 334 717 illos
392 671 618 718 veteres
675 667 876 730 libroS,
945 667 1349 730 Alexandrum,
1410 669 1737 732 Remigium,

199 753 474 802 Ioannem
519 751 588 800 de
635 751 966 815 Garlandia,
1032 751 1359 814 Cornutum,
1418 750 1737 816 Composita

199 837 528 898 verborum,
575 835 890 898 Epistolare
927 836 1191 900 Magistri
1224 837 1391 886 Pauli
1425 836 1643 914 Maur-ia,
1681 838 1739 884 et

199 921 401 970 dicunt
433 921 516 968 ita
551 935 755 983 magna
788 920 1081 970 mendacia
1118 920 1265 984 quod
1300 937 1402 985 ego
1438 921 1587 970 facio
1614 935 1733 968 cru-

203 1021 326 1054 cem
379 1019 478 1068 pro
523 1019 612 1058 me
660 1003 881 1065 quando
931 1005 1115 1054 audio.
1182 1006 1329 1054 sicut
1373 1019 1547 1068 nuper
1592 1019 1737 1054 unus

201 1089 352 1137 dixit-
389 1125 404 1149 ‚
441 1087 584 1149 quod
621 1092 710 1137 est
744 1089 801 1136 in
837 1088 1077 1152 quadam
1114 1089 1400 1152 provincia
1425 1101 1537 1136 una
1564 1103 1735 1150 aqua,

211 1187 322 1238 que
360 1171 528 1220 habet
562 1187 787 1221 arenam
825 1187 1053 1222 auream
1090 1177 1148 1222 et
1170 1177 1403 1222 vocatur
1426 1173 1639 1238 Tagus:
1679 1175 1739 1220 et

205 1272 312 1320 ego
365 1254 612 1306 fistulavi
661 1256 910 1318 occulte,
967 1257 1099 1319 quia
1152 1273 1261 1306 non
1314 1261 1399 1306 est
1444 1257 1733 1320 possibile.

201 1356 310 1405 ego
352 1341 470 1388 scio
505 1340 648 1389 bene
685 1340 830 1402 quod
867 1342 1039 1390 etiam
1077 1342 1210 1390 estis
1247 1345 1441 1404 poeta,
1489 1340 1587 1390 sed
1620 1355 1735 1390 non

204 1427 328 1474 scio
397 1423 540 1474 unde
577 1425 800 1474 habetis
826 1423 985 1474 illam
1010 1429 1201 1474 artem.
1238 1425 1348 1488 ipsi
1372 1424 1564 1474 dicunt
1587 1422 1735 1486 quod

203 1509 430 1572 quando
470 1509 674 1571 vultis,
719 1513 853 1558 tunc
888 1509 1083 1558 facitis
1118 1509 1279 1572 plura
1313 1513 1489 1559 metra
1524 1509 1583 1556 in
1620 1523 1733 1556 una

201 1595 358 1643 hora.
421 1592 522 1642 aed
569 1592 732 1642 credo
767 1593 914 1656 quod
949 1593 1273 1642 intellectus
1306 1598 1493 1642 vester
1528 1597 1615 1642 est
1649 1593 1733 1640 ita

195 1679 556 1727 illuminatus
601 1693 699 1741 per
743 1679 983 1742 gratiam
1028 1677 1447 1742 spiritussancti
1492 1675 1735 1740 desuper

201 1761 351 1825 quod
385 1762 546 1810 scitis
570 1761 674 1810 illa
697 1766 754 1811 et
777 1762 914 1825 alia,
940 1763 1077 1824 quia
1102 1777 1319 1826 semper
1340 1762 1531 1812 fuistis
1553 1763 1733 1812 bonus

200 1846 546 1909 Theologus‚
593 1849 652 1894 et
691 1845 1103 1910 reprehenditis
1138 1847 1269 1897 illos
1305 1847 1563 1910 gentiles.
1634 1847 1731 1894 Li-

199 1931 401 1979 benter
455 1929 660 1980 vellem
712 1931 875 1980 vobis
921 1931 1163 1982 scribere
1209 1947 1376 1980 unam
1421 1931 1732 1982 novitatem

197 2015 246 2063 si
292 2015 524 2074 scii-erm
571 2014 670 2064 sed
715 2029 826 2064 non
873 2013 1067 2063 audivi
1112 2015 1328 2077 aliquid
1375 2031 1537 2078 quam
1584 2012 1731 2079 quod

197 2099 404 2148 fratres
441 2114 512 2146 ac
545 2089 750 2147 dom-ini
775 2097 844 2146 dc
872 2097 1064 2148 ordine
1088 2099 1493 2165 predicatorum
1520 2099 1731 2150 habent

200 2182 288 2231 hic
331 2197 570 2248 magnas
616 2181 1029 2245 indulgentiae,
1078 2187 1135 2232 et
1180 2182 1477 2234 absolvunt
1510 2199 1543 2234 a
1580 2197 1727 2248 pena

199 2271 254 2314 et
289 2283 322 2314 a
359 2268 530 2331 culpa
569 2265 795 2329 quando
833 2265 1037 2327 aliquis
1076 2271 1163 2315 est
1199 2267 1488 2317 confessus
1515 2273 1573 2316 et
1596 2281 1727 2317 con·

198 2352 386 2415 tritus,
447 2355 506 2400 et
561 2351 780 2400 habent
835 2363 1003 2412 super
1056 2349 1161 2399 hoc
1206 2350 1427 2400 litteras
1474 2353 1726 2417 papales.

195 2434 376 2484 Etiam
403 2435 641 2486 scribite
667 2432 807 2482 mihi
831 2432 1063 2495 aliquid,
1102 2434 1235 2496 quia
1270 2449 1371 2498 ego
1396 2451 1513 2485 sum
1535 2440 1729 2487 vester

197 2521 460 2589 tanquam
497 2517 768 2568 famulus.
839 2515 1043 2566 Valete
1078 2532 1145 2564 ex
1178 2516 1555 2584 Nurenberga.

1351 2763 1431 2820 2⁵1⁸
