1942 3109
231 254 334 307 386
366 271 438 306 Ex
466 269 837 307 OBSCVROBVH
860 270 1118 306 vlnonvu
1145 269 1385 310 SALIBVS
1411 272 1727 313 cRIBRA'rvs

121 382 215 431 Μ.
336 390 624 427 immersu
660 390 956 429 ourvmvs.
1018 375 1253 429 Salveat
1294 380 1417 427 tota
1453 380 1724 431 societas!

332 475 391 511 κ.
429 476 742 512 Lvroznvs.
813 460 1065 512 Salutem
1110 463 1404 513 maximam
1451 467 1508 514 ct
1552 464 1758 517 multas

225 547 405 598 bonas
441 550 664 612 noctes,
712 546 860 606 sicut
903 550 1035 597 sunt
1070 548 1234 615 stelle
1279 549 1337 597 in
1386 548 1527 599 coelo
1578 553 1634 601 et
1674 554 1759 616 pi-

224 646 351 682 sces
385 633 444 681 in
479 632 650 682 mari!

327 730 386 766 u.
427 730 811 769 amaonrnvs.
847 716 1119 768 Dominus
1155 717 1250 769 det
1284 719 1445 771 vobis
1484 723 1570 770 tot
1606 720 1759 772 salu-

224 806 340 866 tes,
399 806 532 866 quot
576 806 706 852 sunt
749 801 997 852 Alleluia
1043 802 1190 853 inter
1234 818 1413 868 pasca
1462 809 1518 855 et
1561 786 1756 871 pente-

221 881 433 937 hostes!

115 977 208 1029 §.2
330 987 388 1021 u.
429 986 727 1024 ourvmvs.
801 973 1103 1038 Quoniam,
1153 974 1445 1039 quoniam,
1495 976 1754 1040 quoniam

226 1056 447 1122 quidem
481 1058 734 1109 homines
771 1074 988 1125 semper
1010 1058 1207 1110 volunt
1242 1060 1387 1109 scire
1413 1060 1634 1125 aliquas
1659 1077 1757 1112 no-

222 1144 462 1207 vitates,
502 1158 659 1209 ergo,
697 1143 848 1208 idco,
887 1145 1083 1209 igitur,
1121 1142 1195 1193 M.
1232 1143 1513 1209 Lupolde,
1562 1143 1761 1197 doctor

222 1227 724 1292 illuminatissima,
761 1228 968 1280 dicatis
1004 1228 1195 1293 nobis,
1232 1230 1283 1279 si
1316 1229 1533 1295 placet,
1571 1230 1620 1280 si
1653 1246 1757 1283 vos

221 1328 332 1364 non
369 1313 529 1363 scitis
565 1313 780 1377 aliquid
813 1316 964 1367 novi.

326 1414 383 1449 u.
423 1413 734 1449 vaonnvs.
791 1397 985 1463 Certe,
1008 1398 1349 1449 zelosissime
1384 1396 1603 1450 domine
1634 1414 1754 1451 ma-

224 1486 399 1550 gister
433 1486 622 1534 noster
658 1483 920 1548 Ortvine,
959 1498 1062 1548 ego
1097 1483 1240 1533 nihil
1276 1482 1465 1534 audivi
1498 1485 1645 1535 novi.

121 1574 212 1625 §.3.
336 1582 395 1618 ιι.
435 1582 732 1618 ourvmvs.
800 1569 874 1618 Et
915 1582 1047 1633 voa,
1091 1568 1528 1619 viscerosissime
1573 1572 1755 1635 magi—

221 1658 336 1705 ster
371 1658 561 1704 noster
595 1652 926 1719 Gingolphe.
1784 1712 1790 1719 ,

322 1754 382 1788 n.
421 1753 804 1790 amaonrnvs.
855 1737 1021 1789 Certe
1056 1753 1161 1789 nec
1198 1753 1301 1804 ego
1338 1740 1536 1803 etiam,
1573 1740 1750 1805 magi-

218 1828 335 1875 ster
369 1828 560 1878 noster
596 1822 859 1888 Ortvine,
903 1824 1013 1873 nisi
1056 1839 1225 1874 unam
1268 1810 1603 1875 novitatem:
1650 1823 1755 1874 sed

219 1924 320 1975 ego
359 1908 552 1973 credo,
591 1907 735 1973 quod
769 1924 870 1959 vos
905 1909 1051 1960 bene
1088 1909 1263 1959 scitis.

321 2010 379 2045 u.
421 2009 719 2047 ou'rvmvs.
777 1993 863 2045 De
903 2008 1013 2059 quo
1050 1998 1137 2045 est
1168 1993 1272 2043 illa
1307 1996 1568 2045 novitas?

320 2095 379 2133 u.
417 2094 800 2132 GIRGOLPHVS.
839 2080 926 2129 De
965 2077 1296 2144 quibusdam
1330 2078 1613 2142 Ribaldis,
1653 2082 1757 2143 qui

217 2181 328 2216 non
373 2165 596 2217 faciunt
638 2166 751 2216 nisi
793 2166 983 2215 facere
1022 2167 1251 2231 guerras
1289 2166 1347 2215 et
1380 2163 1655 2214 disturbia
1689 2164 1757 2214 in

216 2254 339 2300 tota
381 2249 663 2299 Ecclesia.
743 2248 1021 2299 Diabolus
1066 2249 1247 2315 possit
1293 2260 1388 2298 eos
1444 2250 1755 2314 importare

215 2351 315 2402 per
347 2338 556 2397 terras,
594 2338 651 2384 et
683 2350 782 2399 per
815 2334 1023 2384 maria!

99 2410 195 2477 §.¹4.
317 2434 376 2469 κ.
417 2433 712 2471 on'rvmvs.
771 2420 890 2483 Ha,
929 2434 1033 2484 ego
1068 2419 1211 2469 bene
1246 2419 1392 2484 scio,
1440 2418 1508 2471 de
1546 2419 1757 2484 quibus

211 2520 312 2557 vos
347 2504 518 2557 vultis
553 2504 758 2556 dicere.

316 2604 376 2641 u.
403 2602 786 2640 exuoonpuvs.
811 2588 886 2637 Et
906 2588 972 2638 de
996 2589 1217 2653 quibus,
1238 2590 1506 2655 magister
1526 2590 1759 2639 noster?

314 2689 372 2725 u.
411 2688 710 2724 ou'rvmvs.
768 2675 854 2724 De
889 2674 990 2725 illo
1026 2688 1221 2739 grosso
1257 2674 1457 2724 infami
1492 2674 1757 2739 ErasmO,

211 2760 430 2811 fautore
466 2758 756 2810 Reuchlin.
