1942 3109
235 226 272 277 8
338 238 717 277 rulmoonm
741 240 984 279 nur-nus.
1008 238 1227 277 coni-u
1250 237 1453 275 ramos.
1482 240 1531 292 o.
1557 240 1613 275 v.
1636 239 1767 277 nn».

241 362 524 401 ,xxxmnn
547 348 696 399 iusto
731 346 1073 397 flammarum
1094 345 1370 411 supplicio
1396 344 1615 396 affecit:
1647 348 1767 398 Vo-

237 433 346 485 luit
379 447 598 498 quoque
636 436 772 483 tunc
807 448 876 483 ex
899 446 985 481 me
1012 431 1155 481 scire
1182 445 1354 495 quare
1382 430 1543 498 Iudei
1568 434 1769 484 contra

239 519 478 569 omnium
523 518 738 582 scripta.
782 515 1175 581 prophetarum
1222 519 1282 567 et
1334 519 1532 567 'contra
1586 519 1767 567 mani-

239 605 388 655 festa
427 602 536 671 celi
571 618 640 653 ac
674 606 822 670 terre
858 599 1071 651 indicia
1115 603 1175 651 in
1222 602 1338 651 suis
1382 601 1468 653 ita
1512 604 1767 667 peccatis

242 690 498 756 excecati
552 686 766 738 nullum
821 686 1153 736 exhorreant
1208 686 1412 736 scelus.
1482 687 1769 753 Respondi

242 778 299 824 et
333 775 650 824 reverenter
687 776 745 822 et
787 784 918 821 vere
965 769 1156 820 dicens
1204 771 1503 821 maximam
1548 776 1769 835 partem

239 858 402 907 huius
437 856 750 923 pertinacie
788 871 911 906 esse
947 855 1123 906 falsos
1162 870 1349 906 eorum
1384 856 1586 920 libroS,
1624 871 1765 920 quos

237 942 460 993 illorum
504 940 650 993 Rabi
700 945 892 992 contra
936 955 1157 991 sacrum
1204 940 1557 1005 evangelium
1605 945 1661 991 et
1706 942 1768 992 in

245 1027 666 1091 contumeliam,
725 1026 995 1090 dedecus,
1050 1025 1339 1075 infamiam
1396 1029 1453 1076 et
1498 1026 1763 1091 blasphe-

239 1114 406 1163 miam
441 1128 603 1179 sacre
638 1110 766 1162 fidei
809 1114 1013 1178 nostre,
1048 1115 1496 1175 composuerunt:
1540 1111 1597 1161 in
1644 1112 1769 1175 qui-

239 1198 344 1249 bus
394 1197 616 1262 quidem
660 1196 820 1247 libris
867 1212 995 1247 suos
1040 1195 1249 1247 liberos
1298 1212 1331 1246 a
1384 1197 1635 1263 puericia
1677 1197 1768 1247 in·-

242 1286 463 1333 struant
508 1298 577 1333 ac
623 1282 889 1333 doceant:
939 1286 995 1332 et
1040 1280 1235 1332 deinde
1284 1296 1407 1332 cum
1452 1281 1522 1332 ad
1566 1297 1769 1347 prove-

242 1370 471 1418 ctiorem
507 1370 714 1436 etatem
747 1367 1123 1433 pervenerint,
1159 1382 1219 1417 se
1254 1364 1478 1435 malicie
1508 1367 1771 1418 habitum

241 1468 351 1502 non
386 1466 549 1516 posse
585 1450 987 1515 derelinquere.
1059 1452 1135 1501 Et
1170 1452 1253 1502 ita
1280 1452 1544 1517 quicquid
1569 1456 1771 1505 contra

244 1534 543 1587 ecclesiam
600 1534 937 1585 catholicam
997 1536 1398 1587 christianosve
1454 1536 1775 1589 machinari

240 1624 492 1686 possunt,
527 1618 586 1669 id
623 1622 798 1670 totum
831 1624 1035 1685 putant
1071 1625 1362 1687 acceptum
1396 1620 1498 1673 deo
1536 1625 1591 1672 et
1614 1621 1771 1675 iuste

241 1706 454 1755 factum
501 1720 642 1755 esse.
715 1702 887 1757 Cuius
931 1706 1016 1757 rei
1059 1706 1244 1773 gratia
1278 1704 1415 1771 ,dedi
1448 1710 1785 1778 reverentie-

243 1788 490 1843 eiusdem
523 1790 764 1841 nondum
799 1795 933 1841 tunc
967 1792 1219 1858 episcopi
1263 1792 1571 1857 exemplum
1614 1790 1770 1845 tale:

241 1874 509 1927 videlicet
554 1874 824 1939 quomodo
859 1876 1017 1945 Iudei
1061 1878 1121 1928 in
1164 1877 1444 1929 hominum
1498 1880 1772 1931 memoria

242 1961 538 2026 quinquies
580 1962 906 2014 venerabile
963 1966 1368 2015 sacramentum
1426 1964 1777 2017 contumelia.

241 2046 560 2101 affecerint:
595 2047 779 2099 Primo
813 2048 873 2097 in
895 2048 1263 2112 Vratislavia,
1302 2049 1532 2101 civitate
1569 2047 1773 2102 Schle-

241 2134 350 2201 εἰς,
409 2130 662 2185 Secundo
719 2134 778 2183 in
822 2133 1041 2183 Passau
1088 2134 1316 2185 civitate
1361 2150 1473 2186 non
1516 2134 1681 2201 longe
1734 2153 1779 2188 a
1822 2134 1829 2139 '

238 2216 502 2267 Danubio
537 2216 749 2280 posita,
787 2216 979 2266 Tertio
1015 2215 1072 2266 in
1109 2216 1511 2285 Sternenberg‚
1550 2221 1777 2283 Quarto

236 2301 299 2351 in
343 2298 785 2365 Denckendorff,
842 2304 1119 2366 postremo
1166 2303 1227 2353 in
1267 2304 1495 2356 Perlino
1540 2303 1777 2371 oppido.

239 2386 316 2437 Et
350 2386 604 2450 quamvis
653 2401 871 2453 semper
913 2386 1031 2437 sint
1073 2389 1267 2454 ignitis
1312 2391 1619 2456 forcipibus
1661 2406 1781 2455 per

241 2484 430 2521 omnes
464 2471 620 2523 vicos
655 2473 962 2536 lancinati,
1000 2473 1059 2523 in
1093 2475 1335 2525 verubus
1369 2476 1533 2539 tosti,
1568 2474 1641 2525 ad
1674 2489 1779 2528 ro-

241 2558 332 2603 tas
366 2555 538 2617 positi
570 2559 632 2605 >et
663 2557 782 2609 vivi
815 2556 1028 2611 defossi
1074 2562 1241 2621 atque
1289 2560 1589 2625 combusti,
1634 2574 1781 2626 pro-

241 2640 368 2701 pter
401 2650 508 2705 que
545 2639 742 2692 merito
781 2642 1090 2705 exemplum
1126 2642 1238 2693 sibi
1282 2646 1533 2709 eternum
1582 2660 1781 2697 sume-

240 2724 390 2787 rent,
427 2725 614 2776 tamen
648 2723 991 2794 inculcatam
1024 2728 1135 2778 sibi
1170 2742 1239 2778 ex
1272 2726 1389 2778 suis
1426 2727 1584 2779 libris
1610 2732 1669 2780 et
1696 2747 1785 2784 ex
