1942 3109
330 257 426 310 142
465 273 844 310 rursmconm
873 273 1111 310 narnus.
1135 271 1352 310 commi
1374 271 1857 312 muos.0.v.r·:rr.

323 383 519 445 postea
556 380 612 428 in
659 379 875 430 oculari
921 395 1021 430 suo
1067 377 1295 445 speculo
1342 377 1512 442 (sicut
1554 378 1671 428 iam
1718 382 1857 430 satis

324 479 493 530 supra
538 465 745 514 dictum
791 463 902 530 est)
949 465 1173 515 sibimet
1208 461 1601 514 contradicens
1640 479 1729 515 me
1766 467 1855 515 im-

323 549 521 599 merito
559 549 845 616 redarguit
879 564 1053 615 seque
1087 549 1267 615 ipsum
1316 550 1373 598 in
1418 547 1523 598 fide
1572 533 1851 600 catholica

324 639 642 699 suspectum
678 651 812 687 vero
847 636 1035 688 verius
1070 634 1333 686 ostendit.

432 712 483 771 (I
519 720 685 771 Modo
723 720 793 770 ad
828 721 1169 785 propositum
1206 723 1263 769 et
1298 716 1368 768 ad
1403 717 1588 784 ipsam
1626 733 1743 770 rem
1764 720 1847 769 de-

321 805 596 858 veniendo
631 806 909 856 Ponamus
947 819 1138 855 casum
1172 803 1609 869 impossibilem,
1658 821 1743 856 me
1774 805 1846 855 vi-

321 890 529 940 delicet
563 890 740 940 multa
777 894 972 940 contra
1007 889 1209 957 Iudeos
1246 888 1571 954 ignoranter
1608 894 1667 940 et
1712 890 1845 939 false

323 977 650 1042 scripsisse,
687 991 798 1026 non
833 975 1001 1026 debui
1034 979 1223 1026 tamen
1260 989 1361 1039 ego
1388 973 1455 1023 ob
1484 989 1607 1023 eam
1633 989 1847 1024 causam

323 1077 358 1110 a
392 1062 603 1112 Ioanne
637 1059 913 1111 Reuchlin
949 1064 1048 1112 aut
1083 1075 1115 1110 a
1152 1059 1349 1123 quovis
1386 1058 1501 1108 alio
1536 1057 1850 1109 Christiano

323 1146 567 1211 culpari,
612 1149 728 1194 tum
773 1145 920 1208 quod
965 1145 1101 1193 mihi
1145 1143 1387 1207 aliisque
1433 1143 1737 1207 baptizatis
1786 1160 1852 1194 ea

319 1232 380 1280 in
415 1247 473 1282 re
511 1231 747 1281 maxime
784 1231 859 1280 sit
893 1229 1253 1293 credendum,
1301 1231 1497 1292 utpote
1540 1229 1600 1276 in
1640 1228 1852 1279 talibus

320 1317 588 1380 nequitiis
625 1319 682 1365 et
719 1314 1040 1365 criminibus
1076 1330 1111 1364 a
1146 1313 1351 1378 puerili
1384 1311 1685 1378 prohdolor
1710 1318 1849 1382 etate

289 1403 452 1464 ‚ante
496 1401 832 1465 baptismum
875 1399 1227 1463 exercitatis,
1286 1402 1401 1447 tum
1454 1395 1602 1461 quod
1658 1400 1849 1450 beatus

218 1483 300 1549 gij
322 1483 689 1546 Hieronymus
729 1481 738 1546 Ι
780 1499 948 1548 super
992 1483 1276 1550 Matheum
1332 1483 1414 1532 sic
1468 1483 1691 1534 scribat
1739 1485 1851 1534 Non

320 1567 621 1617 condemno
659 1581 899 1618 errorem
935 1568 1033 1631 qui
1068 1583 1136 1617 ex
1173 1568 1299 1617 odio
1323 1566 1621 1634 Iudeorum
1650 1575 1705 1618 et
1736 1571 1853 1633 pie·

281 1657 435 1710 ‚tate
481 1651 610 1702 fidei
653 1651 902 1718 procedit
951 1656 1027 1702 ‚et
1062 1667 1108 1702 c.
1156 1653 1261 1720 hec
1312 1653 1600 1702 sententia
1639 1656 1855 1704 cunctis
1912 1691 1914 1712 ,

319 1737 768 1789 christifidelibus
815 1753 1158 1802 summopere
1204 1742 1292 1787 est
1339 1736 1693 1803 adnotanda,
1754 1755 1857 1806 que
1913 1741 1914 1744 ’

318 1825 487 1874 etiam
533 1821 603 1874 ad
649 1825 755 1874 hoc
799 1827 1048 1874 nostrum
1104 1824 1443 1888 propositum
1501 1823 1859 1874 sanctissime

316 1907 697 1959 concludendo
754 1912 975 1958 centum
1030 1908 1166 1957 mihi
1214 1907 1433 1958 ducatis
1480 1912 1570 1958 est
1614 1909 1857 1960 charior.

317 1993 502 2059 Ipsam
541 1997 685 2045 enim
722 1995 779 2045 in
814 1993 1069 2061 Augusta
1106 1993 1237 2043 olim
1274 1991 1561 2042 adnotavi.

842 2131 1019 2182 Nota
1056 2129 1339 2180 Octav0.

422 2239 473 2296 (I
508 2249 715 2298 Dicent
749 2247 991 2296 fortasse
1026 2246 1413 2314 Reuchliniste
1448 2251 1750 2301 nonnulli:
1788 2251 1859 2301 Tu

315 2333 684 2399 Pepericorne
723 2330 948 2382 stimulo
971 2332 1344 2396 nequicquam
1368 2330 1723 2388 recalcitras
1750 2337 1859 2386 Non

317 2421 463 2469 enim
509 2420 560 2468 is
611 2433 670 2468 es
723 2419 820 2482 qui
861 2417 1125 2468 Ioannem
1170 2416 1444 2467 Reuchlin
1494 2421 1615 2468 tam
1680 2421 1861 2487 Iudeis

316 2516 482 2564 quam
529 2501 864 2553 Christianis
923 2502 1268 2552 notissimum
1329 2517 1595 2566 superare
1668 2507 1863 2571 quovis

315 2585 474 2635 modo
519 2588 720 2650 possis.
799 2585 1158 2652 Respondeo,
1216 2601 1326 2635 non
1380 2586 1539 2638 modo
1586 2588 1861 2641 Ioannem

315 2669 614 2733 Reuchlin,
651 2685 838 2722 verum
876 2675 932 2722 et
967 2685 1155 2720 omnes
1190 2670 1378 2720 mundi
1414 2672 1725 2738 principes
1756 2675 1863 2727 sola

314 2754 556 2802 veritate
603 2755 754 2804 vinci
797 2769 989 2818 posse,
1034 2769 1139 2805 nec
1176 2769 1298 2806 esse
1338 2755 1409 2806 ad
1443 2756 1551 2807 hoc
1590 2763 1867 2826 cuiquam
