1942 3109
18 251 22 278 ῐ

91 237 338 277 svimn.
354 237 570 276 semme
587 237 892 274 smum-‚As
915 235 1157 274 nnvcnn.
1180 208 1477 276 turmore.
1515 224 1615 277 157

85 359 236 397 mum
259 361 362 412 ego
388 356 566 396 meum
591 344 903 410 speculum,
939 343 1221 394 teutonice
1250 343 1395 394 ‘dien
1431 347 1617 396 brant-

19 471 21 486 .
86 430 300 497 spegel'
341 427 520 494 (velut
555 429 862 481 execrabili
898 429 1199 479 lacessitus
1232 430 1441 480 iniuria
1466 434 1525 480 et
1546 431 1617 480 ad

86 515 230 567 illud
267 515 536 566 edendum
573 515 860 579 aptissime
896 513 1255 579 provocatus)
1300 519 1619 586 reverenter

85 605 148 652 in
194 601 376 652 lucem
423 599 588 650 edidi.
659 599 726 648 In
775 613 882 662 quo
929 598 1129 648 iterum
1174 615 1275 664 ego
1320 600 1617 664 superbam

84 687 266 752 ipsius
299 683 721 736 insultationem
756 683 1061 746 variosque
1096 695 1307 734 errores
1333 684 1500 734 rebus
1522 684 1617 735 de-

81 772 201 823 vici
245 771 612 833 necessariis,
663 768 895 819 cuilibet
928 783 1029 832 per
1062 766 1411 818 Alemaniam
1446 767 1621 818 iudici

85 855 352 926 (idrquod
387 855 446 903 in
480 854 628 902 hunc
661 865 840 916 usque
875 851 1021 902 diem
1056 865 1339 916 nunquam
1372 853 1495 917 ipse
1532 854 1616 905 fa-

84 955 217 990 cere
247 942 333 988 est
357 935 554 1001 ausus)
591 951 676 986 me
712 937 997 988 humilime
1033 937 1354 988 subiiciens.
1419 928 1470 986 (I
1508 937 1617 988 Sed

83 1021 223 1088 quid
258 1022 324 1071 de
359 1037 446 1071 me
481 1021 680 1084 loquar
715 1021 1015 1086 neophito?
1066 1022 1339 1072 Doctores
1364 1022 1615 1086 equidem

81 1109 200 1174 ipsi
226 1105 677 1174 colonienses-et
711 1105 964 1170 plerique
1003 1106 1103 1156 alii
1138 1119 1298 1173 sacre
1335 1106 1615 1174 theologie

81 1191 432 1260 professores
468 1205 754 1241 erroneam
789 1191 968 1255 ipsius
1004 1191 1241 1258 heresim
1277 1190 1422 1242 ultro
1450 1193 1615 1242 citro·

84 1289 199 1342 que
261 1273 708 1338 considerantes,
769 1274 1117 1338 omniumque
1176 1275 1616 1340 christifidelium

82 1360 263 1414 saluti
307 1361 653 1424 prospicere,
709 1363 768 1410 et
803 1375 902 1410 suo
945 1359 1170 1410 tandem
1215 1359 1403 1411 officio
1447 1361 1615 1411 satis—

80 1449 277 1498 facere
321 1444 600 1508 volentes,
657 1443 936 1511 heret-icas
980 1445 1161 1509 ipsius
1204 1445 1613 1510 propositiones
1658 1461 1660 1463 ’

82 1533 146 1582 et
191 1533 518 1596 argumenta
565 1530 731 1596 longe
775 1529 1057 1580 deteriora
1098 1530 1251 1580 veris
1302 1531 1613 1581 rationibus

79 1618 494 1680 impugnarunt.
540 1630 646 1664 nec
681 1613 862 1664 defuit
895 1615 1027 1664 huic
1060 1615 1295 1678 negocio
1328 1615 1615 1665 serenissi-

79 1712 206 1749 mus
239 1701 431 1749 noster
463 1699 766 1764 imperator
798 1699 897 1761 qui
941 1697 1169 1762 publico
1210 1697 1473 1748 mandato
1516 1715 1615 1764 per

80 1787 264 1832 totum
298 1784 586 1848 imperium
623 1782 910 1846 speculum
955 1781 1133 1846 ipsius
1181 1782 1410 1832 oculare
1448 1784 1615 1833 vend-i

79 1865 374 1933 prohibuit
409 1870 464 1916 et
497 1881 596 1929 per
639 1865 924 1930 publicam
971 1867 1240 1931 supprimi
1288 1869 1613 1918 arrestatio-

79 1965 241 2011 nem,
309 1949 478 1999 sicuti
531 1949 590 1998 in
649 1949 1108 2015 precedentibus·
1136 1954 1222 2000 est
1280 1955 1614 2001 enan-atum.

85 2028 143 2086 (I
179 2035 302 2102 Hec
347 2036 532 2084 omnia
577 2033 787 2084 Ioanne
823 2033 1099 2084 Reuchlin
1143 2033 1317 2084 invito
1366 2035 1615 2085 conside-

80 2123 249 2172 rante
264 2157 278 2182 ,
317 2121 372 2169 et
395 2120 518 2170 sine
542 2117 840 2184 prudentia
865 2119 1047 2169 instar
1068 2117 1253 2170 rabidi
1280 2121 1435 2170 canis
1462 2117 1615 2184 (suos

83 2217 304 2256 errores
349 2205 714 2266 pertinaciter
760 2219 859 2255 seu
913 2203 1139 2268 oblique
1196 2219 1295 2270 per
1350 2206 1615 2271 ambages

83 2285 457 2352 defendendo)
512 2303 623 2338 non
677 2290 854 2340 solum
907 2291 1083 2349 bonos
1134 2305 1327 2341 verum·
1378 2291 1614 2354 optimos

84 2387 338 2440 quosque
362 2372 643 2423 theoninis
669 2374 784 2423 suis
808 2374 1073 2424 dentibus
1100 2378 1485 2440 exasperante,
1522 2376 1613 2426 de-

83 2461 394 2512 fensionem
432 2457 710 2523 quandam
747 2457 946 2523 edidit,
982 2459 1169 2510 verbis
1208 2459 1616 2524 aliquantulum

85 2546 440 2608 concinnam,
487 2543 584 2596 sed
628 2545 863 2594 materia
898 2548 1115 2610 turpem
1152 2560 1220 2595 ac
1252 2545 1613 2612 feculentam.

84 2631 191 2681 Cui
229 2631 400 2680 etiam
435 2633 519 2680 tot
553 2631 743 2682 insunt
775 2629 1096 2695 mendacia,
1140 2634 1224 2682 tot
1258 2630 1613 2699 impudentie‚

79 2721 172 2770 tot
229 2714 548 2780 falsitates,
607 2720 690 2769 tot
747 2717 976 2788 sinistre
1028 2717 1474 2780 immutationeS,
1533 2720 1617 2768 tot
