1942 3109
132 241 200 278 ns
227 237 596 275 cAm'rALisvs
624 237 887 281 Qvuwsn.
915 239 1158 278 ssvcnn.
1185 240 1513 278 ussi-mens.
1554 229 1651 280 189

133 347 191 396 in
224 344 406 408 primis
445 343 966 396 christianissimum
1002 345 1389 410 imperatorem
1426 347 1647 398 deman·

131 430 315 491 desse,
373 443 560 480 omnes
617 428 910 496 Iudeorum
959 428 1133 480 libros
1188 435 1375 498 preter
1418 432 1647 482 bibliam

133 529 250 566 esse
286 513 734 564 concremandos.
774 511 784 578 Ι
813 513 1083 564 Mentitur
1117 530 1177 565 se
1215 515 1459 567 eiusdem
1494 514 1782 582 man-oijb

129 599 258 650 dato
300 613 458 649 suam
501 602 880 666 preposteram
937 599 1229 663 scripsisse
1286 601 1647 652 consultatio-

127 701 265 736 nem.
345 683 615 735 Mentitur
669 699 756 735 me
813 698 1075 748 expresse
1130 683 1189 733 in
1232 687 1482 737 manuali
1525 703 1646 738 meo

125 770 348 836 speculo
386 773 582 822 contra
617 785 776 820 suam
821 768 1289 820 consultationem
1334 773 1645 837 scripsisse.

121 856 390 906 Mentitur
433 869 592 906 suam
639 871 672 904 a
715 869 801 905 me
847 854 1312 906 consultationem
1360 871 1485 908 esse
1520 873 1645 922 pro-

123 940 310 990 ditam.
392 939 662 990 Mentitur
715 938 969 990 doctores
1024 943 1243 991 nostros
1296 941 1643 992 frustillatim

125 1022 252 1074 dolo
298 1022 444 1073 malo
503 1022 736 1074 eundem
791 1024 995 1074 librum
1047 1026 1509 1078 universitatibus
1544 1027 1643 1076 mi-

122 1109 285 1160 sisse.
341 1107 610 1160 Mentitur
633 1123 692 1160 se
718 1124 830 1160 non
865 1125 987 1160 esse
1022 1109 1381 1160 informatum
1418 1125 1451 1159 a
1488 1111 1643 1161 theo-

120 1194 266 1259 logis
309 1193 408 1244 sed
463 1193 752 1244 scribendo
807 1197 1149 1261 preventum.
1228 1194 1496 1245 Mentitur
1548 1195 1643 1246 do-

123 1282 304 1330 ctores
351 1281 538 1346 nostre
584 1278 970 1330 universitatis
1016 1279 1151 1328 mihi
1204 1279 1379 1329 fuisse
1434 1280 1643 1330 auxilio

117 1365 182 1416 in
225 1362 384 1414 libris
429 1364 566 1414 meis
615 1363 1021 1428 componendis.
1090 1363 1360 1416 Mentitur
1402 1381 1486 1415 me
1532 1381 1643 1415 non

119 1463 246 1502 esse
283 1445 504 1499 doctum
540 1449 598 1500 in
633 1447 827 1514 lingua
851 1447 1148 1512 hebraica,
1186 1448 1327 1512 quod
1355 1451 1641 1516 experien-

115 1535 203 1584 tia
247 1533 587 1600 probandum
635 1533 870 1585 cuilibet
912 1533 1184 1597 relinquo.
1255 1533 1523 1586 Mentitur
1556 1551 1641 1588 me

116 1618 266 1683 apud
324 1617 626 1683 Cesar-eam
683 1621 1033 1668 maiestatem
1090 1617 1275 1685 Iudeis
1333 1620 1642 1683 periculum

113 1703 325 1752 inferre
368 1701 614 1752 voluisse
663 1703 908 1767 corporis
956 1707 1014 1754 et
1066 1703 1305 1752 omnium
1356 1704 1639 1755 bonorum.

111 1786 390 1836 Mentitur
434 1785 630 1853 Iu‘deos
676 1801 785 1836 non
831 1802 990 1838 orare
1041 1789 1234 1838 contra
1276 1803 1379 1838 nos
1424 1789 1483 1839 in
1518 1805 1641 1838 ora-

111 1873 270 1922 tione
307 1869 922 1936 Felamschummodym.
994 1871 1267 1924 Mentitur
1298 1871 1498 1940 Iudeos
1542 1889 1640 1938 pa-

111 1954 356 2007 ratiores
405 1969 523 2012 esse
569 1956 732 2006 nobis
777 1957 987 2007 servire
1035 1971 1203 2021 quam
1247 1957 1502 2008 damnum
1557 1961 1641 2010 in-

110 2044 282 2094 ferre.
341 2038 614 2090 Mentitur
636 2040 800 2089 nimis
824 2041 995 2106 impie
1020 2045 1340 2091 sanctorum
1374 2041 1643 2094 videlicet

20 2177 22 2186 ,
109 2126 332 2188 scripta
375 2123 662 2174 doctorum
708 2125 956 2188 antiquis
1004 2125 1207 2190 caligis
1248 2141 1371 2176 esse
1421 2142 1639 2192 compa-

20 2237 24 2270 ι
109 2205 312 2259 randa.
393 2205 627 2273 Scripsit
680 2209 1003 2261 theutonice
1058 2209 1259 2278 Iudeos
1304 2212 1641 2262 sententiam

107 2291 477 2344 diffinitivam
512 2294 818 2357 acquisisse
854 2299 916 2344 ut
942 2295 1220 2346 Christum
1242 2295 1638 2348 interficerent.

105 2380 238 2430 Non
274 2377 516 2429 debebat
548 2377 632 2427 ita
667 2378 983 2442 scripsisse,
1020 2379 1117 2430 sed
1140 2380 1387 2443 iniquam
1410 2384 1509 2430 aut
1532 2381 1641 2432 fal-

107 2479 236 2516 sam
271 2463 404 2513 illos
439 2463 776 2514 sententiam
813 2468 1143 2515 consecutos
1176 2463 1427 2516 dixisset.
1499 2465 1639 2517 Item

108 2549 468 2615 comparavit
509 2548 914 2600 humanitatem
949 2547 1159 2600 Christi
1202 2551 1421 2602 habitui
1463 2567 1637 2602 mere-

20 2691 23 2698 ,
106 2634 314 2684 triceo.
385 2634 654 2685 Mentitur
688 2635 748 2684 in
781 2634 1103 2687 defensione
1150 2651 1278 2698 sua,
1326 2650 1385 2686 se
1430 2636 1636 2688 fecisse

20 2705 23 2718 ³
103 2718 456 2784 triumphare
493 2721 805 2773 veritatem.
864 2714 1090 2774 Nullam
1116 2722 1261 2774 enim
1285 2737 1383 2790 pro
1418 2737 1483 2780 se,
1514 2721 1639 2773 uni·
