1942 3109
678 230 741 273 55.
769 235 1076 271 snvns'rm
1104 235 1302 272 emon.
1636 223 1735 276 331

222 343 280 390 et
319 341 607 404 pereutere
644 339 896 390 inimicos
936 356 1079 390 suos.
1140 340 1213 389 Et
1250 356 1367 390 cum
1402 342 1506 392 hoe
1544 346 1627 392 est
1651 359 1735 393 ar-

219 428 576 490 gumentator
611 423 840 472 multum
873 425 1093 475 subtilis
1130 425 1196 474 de
1233 427 1326 476 via
1364 427 1734 490 antiquorum:

219 511 345 574 ipse
381 508 544 571 dicit,
593 509 644 557 si
677 507 946 559 Reuchlin
992 526 1100 561 non
1145 511 1267 561 vult
1313 527 1558 574 cessare,
1604 516 1735 562 tuno

219 593 348 644 vult
387 593 579 644 venire
630 607 751 642 cum
801 599 1017 645 centum
1064 597 1221 660 equis
1259 595 1329 644 ad
1366 596 1735 646 auxiliandum

217 679 397 730 vobis.
469 677 662 726 Adhuc
701 683 785 728 est
817 695 952 730 unus
993 681 1129 732 civis
1167 681 1609 745 Moguntinensis
1645 682 1739 744 qui

216 765 537 813 nominatur
563 763 867 828 Wigandus
892 764 958 814 de
987 765 1187 819 Solmss.
1248 765 1351 815 Ille
1388 771 1475 816 est
1498 766 1734 828 iuvenis,

215 847 320 899 sed
363 849 444 896 ita
490 847 712 911 doetus,
772 849 913 912 quod
967 854 1147 913 potest
1202 851 1521 918 equivalere
1567 867 1732 901 unum

215 933 542 996 magistrum
580 936 856 982 nostrum:
895 933 1013 998 ipse
1051 934 1189 982 dicit
1225 935 1367 996 quod
1402 935 1574 986 vellet
1612 952 1731 986 cum

215 1016 492 1065 Reuchlin
550 1016 835 1080 disputare
896 1032 997 1079 pro
1040 1033 1077 1066 x
1122 1018 1358 1066 florenis.
1442 1019 1516 1066 Et
1562 1035 1733 1082 nuper

215 1101 696 1167 superdisputavit
728 1100 1029 1150 Iohannem
1075 1101 1420 1151 Huttichium
1465 1103 1546 1151 ita
1592 1101 1735 1164 quod

215 1187 330 1236 fuit
369 1186 660 1236 conclusus
699 1188 755 1235 et
790 1185 931 1234 nihil
967 1186 1133 1236 scivit
1177 1187 1525 1250 respondere.
1599 1185 1733 1236 Cum

213 1272 338 1322 illis
395 1276 478 1321 est
537 1272 706 1320 etiam
760 1269 826 1320 de
870 1271 964 1320 via
1011 1274 1197 1321 vestra
1242 1270 1489 1320 dominus
1536 1273 1729 1321 Wern-

212 1357 381 1406 herus
438 1357 532 1418 qui
587 1359 669 1404 est
725 1355 1057 1405 mirabiliter
1114 1357 1362 1405 cursivus
1409 1357 1465 1405 in
1513 1355 1732 1406 Summa

215 1441 422 1508 Thome
464 1444 656 1490 contra
693 1440 956 1504 gentileS,
1006 1443 1061 1490 et
1096 1442 1203 1490 scit
1237 1445 1583 1492 montetenus
1620 1442 1729 1491 for-

209 1526 503 1576 malitates
543 1523 712 1574 Scoti.
788 1525 881 1588 qui
927 1525 1087 1590 dicit,
1138 1528 1185 1576 si
1228 1527 1497 1592 Magister
1541 1531 1727 1578 noster

210 1613 282 1662 de
318 1610 694 1660 Hochstraten
739 1625 847 1660 non
893 1615 1044 1660 esset
1086 1612 1142 1660 in
1187 1612 1382 1677 Curia,
1428 1618 1560 1662 tuno
1607 1615 1725 1678 ipse

209 1695 395 1747 vellet
441 1693 644 1743 intrare
688 1698 744 1744 et
781 1694 1103 1744 concludere
1139 1696 1403 1745 Ioannem
1437 1696 1728 1746 Reuehlin.

213 1781 325 1829 Isti
366 1778 505 1828 socii
538 1781 707 1828 vestri
743 1780 854 1828 iam
889 1781 1155 1829 nominati
1195 1781 1427 1846 singulis
1464 1782 1726 1845 septima·

221 1863 311 1910 nis
359 1862 525 1911 semel
568 1866 901 1914 conveniunt
946 1866 1004 1913 in
1051 1864 1204 1915 domo
1253 1865 1575 1916 excellentis
1620 1867 1727 1916 viri

223 1945 428 1995 domini
451 1946 699 2014 Magistri
722 1950 899 1998 nostri
925 1948 1341 2012 Bartholomaei,
1381 1951 1476 2013 qui
1514 1953 1598 2000 est
1636 1965 1725 1999 ea-

213 2035 317 2098 put
353 2033 588 2083 omnium
636 2035 934 2082 amicorum
979 2036 1312 2083 vestrorum:
1358 2032 1437 2081 ibi
1482 2036 1729 2082 tractant

213 2118 479 2167 materias
516 2118 744 2167 multum
781 2117 1031 2167 subtiles.
1091 2116 1163 2164 Et
1200 2120 1478 2181 opponunt
1511 2116 1621 2165 sibi
1643 2117 1725 2165 in-

214 2202 395 2252 vicem
429 2203 501 2253 Et
536 2218 676 2252 unus
714 2206 867 2252 tenet
905 2202 1191 2268 opiniones
1227 2201 1497 2253 Reuchlin
1535 2204 1589 2253 et
1625 2202 1727 2253 alii

215 2290 454 2353 arguunt
491 2292 683 2337 contra
721 2303 868 2351 eum,
907 2292 962 2338 et
998 2287 1204 2338 habent
1237 2288 1511 2337 notabiles
1537 2287 1725 2352 dispu-

209 2374 472 2423 tationes,
532 2372 616 2420 De
645 2371 774 2421 aliis
800 2373 894 2436 qui
931 2377 1059 2422 sunt
1094 2373 1183 2422 hic
1220 2372 1285 2422 de
1321 2374 1479 2436 parte
1516 2376 1722 2432 vestra,

212 2472 323 2507 non
358 2458 504 2520 scio,
544 2456 675 2518 quia
711 2471 818 2505 non
854 2461 984 2506 sunt
1018 2457 1151 2506 mihi
1176 2457 1311 2505 noti.
1374 2454 1481 2503 Sed
1506 2455 1721 2518 quando

212 2544 356 2605 scio,
406 2545 537 2590 tunc
583 2539 709 2591 volo
753 2541 910 2591 vobis
959 2543 1216 2593 scribere.
1287 2554 1531 2605 pronunc
1580 2556 1723 2590 com-

211 2625 407 2677 mendo
444 2640 543 2676 vos
579 2623 696 2679 deo,
765 2627 970 2675 Datum
1005 2625 1323 2690 Magantiae.
