1942 3109
235 180 336 231 360
410 196 703 231 nmsronn
729 196 1097 231 onscvnonvn
1123 195 1378 231 vmonvu
1404 196 1583 231 novar.

235 303 321 349 est
366 300 676 365 hereticus:
724 316 872 367 ergo.
932 315 1080 349 nune
1124 300 1349 364 ipsimet
1393 300 1579 349 sciunt
1624 300 1757 362 quid

233 384 510 449 sequitur,
549 386 682 449 quia
707 389 859 435 esset
882 384 1043 435 credo
1067 385 1207 449 ipsis
1230 383 1555 434 scandalum
1580 398 1757 447 quan-

234 468 302 518 do
351 486 450 534 ego
496 468 685 533 palam
733 468 1120 519 concluderem
1168 485 1261 519 eos
1299 484 1420 519 esse
1457 469 1755 535 hereticos,

234 553 281 602 O
319 553 368 603 si
403 553 612 603 seirent
645 555 810 619 istam
847 550 1219 603 subtilitatem
1254 554 1311 602 in
1346 569 1431 603 me
1459 569 1609 617 esse,
1648 554 1760 617 ipsi

231 653 344 688 non
378 639 636 689 venirent
671 638 839 687 miehi
875 642 1006 688 ante
1044 639 1266 688 faciem.
1322 640 1522 693 ‚tacete
1570 640 1756 687 tamen

233 738 410 787 usque
449 722 520 771 ad
555 721 744 785 finem,
783 726 918 771 tunc
952 722 1095 773 bene
1130 722 1409 773 videbitur
1434 724 1589 772 cuius
1613 723 1755 773 toni.

235 806 343 856 Sed
377 822 474 871 pro
510 807 858 856 novitatibus
894 822 1005 858 non
1040 822 1261 872 possum
1298 806 1575 857 dimittere
1621 808 1757 869 quin

231 892 391 941 vobis
428 891 686 940 scribam.
751 890 881 941 Sedi
918 892 1065 942 enim
1099 908 1275 957 nuper
1308 892 1499 941 neseio
1536 890 1753 955 quando

231 975 290 1024 in
326 992 435 1026 uno
475 976 760 1041 convivi0‚
799 980 855 1027 et
889 977 971 1026 ibi
1010 978 1177 1026 etiam
1202 977 1427 1025 fuerunt
1450 975 1609 1025 multi
1632 990 1755 1042 pre-

231 1062 379 1110 tensi
413 1062 646 1111 iuvenes
680 1061 848 1123 socii,
885 1064 942 1109 et
977 1065 1249 1111 venerunt
1285 1060 1523 1124 quilibet
1546 1074 1615 1109 ex
1640 1059 1758 1108 alia

233 1146 459 1210 regione
515 1145 574 1193 in
627 1160 794 1193 unum
847 1145 1181 1209 symbolum:
1237 1160 1376 1194 unus
1422 1160 1491 1195 ex
1532 1144 1759 1209 Anglia‚

235 1228 382 1279 alius
419 1246 486 1279 ex
509 1227 837 1294 Argentina‚
875 1230 1022 1279 alius
1060 1246 1129 1279 ex
1152 1230 1413 1293 Wienna,
1452 1229 1599 1279 alius
1638 1232 1762 1280 erat

235 1314 547 1379 Wimpinus
585 1313 682 1377 qui
714 1317 950 1363 vocatur
987 1313 1321 1377 Aug-elium,
1370 1313 1515 1363 alius
1559 1314 1759 1363 Roma-

234 1414 336 1447 nus
374 1399 469 1461 qui
502 1398 612 1447 fuit
653 1398 795 1448 bene
841 1397 1053 1447 medius
1092 1396 1447 1461 Ourtisanm,
1496 1402 1553 1447 et
1597 1398 1763 1447 multi

233 1482 408 1532 multa
453 1482 712 1531 dixerunt
756 1485 818 1531 ut
861 1482 981 1545 ipse
1028 1483 1203 1531 scitis,
1284 1482 1359 1531 Et
1400 1485 1653 1533 venimus
1700 1482 1759 1531 in

235 1564 532 1629 Colloquia
569 1564 636 1615 de
675 1580 847 1615 causa
882 1566 1175 1615 Reuehlin.
1246 1568 1405 1616 Tune
1448 1581 1591 1615 unus
1639 1582 1758 1615 sur-

231 1654 376 1700 rexit
419 1662 552 1715 erga
596 1666 712 1713 me,
769 1650 867 1701 ubi
921 1650 1137 1700 audivit
1181 1650 1326 1714 quod
1372 1666 1474 1715 ego
1518 1666 1631 1700 non
1675 1651 1762 1700 fui

231 1735 408 1784 bonus
453 1734 870 1798 Reuchlinista‚
931 1738 987 1783 et
1033 1733 1175 1783 dixit
1219 1732 1307 1783 ‘ne
1352 1735 1545 1785 veniat
1590 1735 1762 1784 miehi

233 1818 430 1870 obvius
467 1818 816 1869 Coloniensis
864 1819 1207 1884 copulatista
1241 1818 1561 1884 theologus,
1611 1820 1757 1869 alias

231 1903 358 1954 volo
405 1919 528 1953 eum
575 1903 688 1953 cito
734 1903 1105 1968 emasculare,
1150 1904 1223 1952 Et
1258 1904 1547 1971 presertim
1581 1904 1759 1969 magi-

233 1991 407 2039 strum
441 1989 771 2040 Ortvinum'z
805 1992 940 2037 tunc
980 2004 1081 2053 ego
1116 1989 1266 2037 traxi
1299 1986 1541 2037 fistulam
1577 2002 1758 2037 meam

231 2074 290 2122 in
333 2089 514 2123 meum
557 2089 802 2123 saccum.
875 2077 930 2124 et
976 2073 1120 2123 alius
1166 2072 1304 2121 dixit
1350 2074 1444 2136 qui
1488 2087 1599 2122 non
1636 2077 1761 2123 erat

231 2157 387 2207 dives
433 2162 490 2206 et
532 2157 770 2221 perdidit
814 2158 977 2221 plura
1021 2155 1295 2207 beneficia
1343 2158 1401 2205 in
1450 2157 1605 2206 curia
1649 2156 1757 2206 Ro-

232 2256 422 2304 mana,
463 2244 519 2289 et
553 2256 676 2289 cum
699 2242 804 2290 hoe
827 2240 974 2289 male
999 2239 1171 2289 habet
1197 2253 1319 2288 cum
1342 2242 1594 2291 omnibus
1620 2240 1756 2290 Cur-

232 2326 459 2388 tisanis‚
507 2328 565 2375 et
609 2324 750 2374 dixit
793 2324 1103 2388 mirabilia,
1158 2327 1219 2374 ut
1270 2324 1522 2388 sequitur
1573 2322 1760 2389 ‘super

233 2410 417 2459 anima
452 2424 576 2459 mea
613 2425 714 2474 ego
751 2425 882 2476 sepe
919 2410 1121 2458 miravi
1158 2407 1301 2471 quod
1335 2410 1433 2459 isti
1455 2410 1515 2458 in
1537 2408 1757 2473 magnis

233 2494 472 2558 caputiis
518 2495 614 2556 qui
658 2497 932 2543 vocantur
976 2493 1245 2560 Theologi
1292 2497 1348 2542 et
1393 2496 1523 2543 sunt
1557 2494 1616 2542 in
1650 2493 1756 2542 illa

235 2577 465 2627 civitate
514 2577 612 2626 ubi
665 2578 977 2644 impressite
1032 2583 1162 2627 sunt
1216 2578 1537 2644 questiones
1592 2592 1757 2642 super

227 2662 510 2711 Donatum
555 2661 852 2711 seeundum
897 2665 1049 2713 viam
1096 2663 1283 2713 saneti
1316 2661 1522 2729 Thome
1569 2664 1625 2710 et
1670 2676 1757 2710 re-
