1942 3109
292 242 393 297 206
467 256 754 292 nrrsmonae.
780 254 1145 292 onscvnonvn
1168 254 1422 291 vmonvn
1447 254 1626 291 novae.

293 362 516 413 Curiam
537 362 888 414 Romanam?
923 365 1057 411 tunc
1092 360 1207 411 dixi
1242 359 1384 424 quod
1418 375 1528 410 non
1562 364 1651 411 est
1674 376 1789 426 pos-

292 448 453 499 sibile
469 487 483 511 ,
510 450 642 512 quia
666 463 776 499 non
799 447 1001 497 scimus
1024 447 1247 497 nomina
1271 447 1525 511 ipsorum.
1581 444 1789 497 Deinde

291 548 389 598 per
431 533 656 583 multam
701 530 940 583 merdam
984 532 1181 581 ivimus
1238 530 1308 581 ad
1352 529 1681 595 Augustam,
1737 535 1789 581 et

289 618 453 669 valde
498 618 665 684 pluit,
713 620 769 668 et
815 617 985 669 etiem
1028 616 1112 666 ita
1154 617 1336 667 uinxit
1378 615 1523 681 quod
1556 632 1669 667 non
1700 632 1788 681 po·

289 705 492 755 tuimns
517 704 731 769 aperire
757 702 946 753 oculos
970 704 1209 751 nostros.
1268 702 1425 751 Tune
1448 700 1589 751 dixit
1612 702 1789 751 socius

291 804 443 840 meus
478 786 528 839 ‘o
563 787 811 850 diabole,
859 785 1125 850 quomodo
1158 787 1329 852 friget
1364 803 1476 851 me,
1522 785 1587 836 Si
1622 802 1790 838 essem

292 874 470 923 adhuc
507 870 640 923 Colo
683 873 698 885 “
749 912 763 937 ,
809 886 909 937 ego
953 886 1062 922 non
1104 871 1303 922 vellem
1350 872 1431 923 ire
1468 870 1538 922 ad
1576 870 1791 923 Curiam

288 958 622 1009 Romanam'.
789 973 890 1023 ego
925 958 1039 1007 risi.
1099 957 1163 1007 In
1198 957 1441 1023 hospitio
1466 961 1657 1008 autem
1678 960 1790 1007 erat

289 1059 401 1095 una
443 1044 677 1110 pulchra
719 1045 904 1109 virgo:
941 1043 1015 1093 Et
1058 1041 1123 1092 de
1158 1045 1323 1092 nocte
1371 1042 1626 1093 fecerunt
1672 1042 1788 1092 cho-

290 1146 466 1194 ream,
505 1133 562 1181 et
594 1130 778 1180 socius
810 1143 962 1179 meus
1000 1126 1299 1177 chorisavit
1332 1127 1515 1176 etiam.
1576 1128 1651 1177 Et
1684 1126 1794 1177 dixi

291 1216 346 1265 ei
378 1214 524 1278 quod
557 1230 667 1265 non
702 1214 930 1265 deberet
961 1214 1179 1263 facere:
1234 1211 1377 1273 Quia
1412 1212 1523 1261 iam
1558 1215 1649 1263 est
1680 1212 1794 1261 Ma-

289 1299 486 1364 gister,
526 1303 582 1348 et
615 1313 724 1349 non
760 1296 985 1347 deberet
1030 1311 1286 1347 exercere
1330 1296 1471 1345 istas
1514 1296 1793 1348 levitates.

291 1382 399 1434 Sed
443 1383 565 1448 ipse
609 1398 719 1434 non
765 1382 1009 1446 curavit,
1064 1383 1121 1431 et
1174 1380 1315 1431 dixit
1356 1381 1515 1431 mihi:
1572 1379 1655 1430 ‘Si
1698 1382 1795 1433 illa

289 1469 448 1532 virgo
492 1468 666 1519 vellet
707 1482 920 1518 mecum
963 1464 1197 1517 dormire
1233 1482 1331 1532 per
1362 1482 1527 1517 unam
1562 1471 1795 1530 noctem,

249 1590 260 1602 .
292 1568 393 1617 ego
438 1552 642 1603 vellem
688 1552 753 1602 de
797 1550 984 1603 merda
1026 1552 1145 1602 eius
1192 1550 1471 1602 comedere
1516 1565 1687 1601 unam
1734 1552 1797 1602 li·

289 1637 478 1688 bram'.
548 1636 623 1686 Et
655 1652 765 1687 non
799 1636 955 1701 potui
990 1636 1223 1701 amplius
1260 1635 1468 1698 audire,
1524 1636 1623 1687 sed
1662 1636 1795 1688 alle-

291 1723 422 1787 gavi
479 1721 854 1773 Eoelesiastes
917 1737 1002 1771 .1.:
1063 1718 1315 1773 ‘Vanitas
1372 1720 1687 1773 vanitatum
1744 1726 1799 1773 et

292 1808 476 1857 omnia
508 1808 767 1870 vanitas',
804 1810 860 1857 et
893 1806 970 1858 ivi
1005 1804 1308 1857 dormitum.
1376 1804 1463 1855 De
1497 1820 1661 1857 mane
1702 1820 1797 1857 ve-

291 1894 468 1943 nimus
495 1892 564 1943 ad
585 1892 940 1956 Lansspergk,
975 1892 1072 1942 ubi
1105 1890 1289 1940 socius
1320 1904 1473 1940 meus
1508 1893 1805 1956 supposuit

295 1976 558 2027 ancillam
574 1976 806 2041 hospitis
825 1990 924 2041 per
938 1978 1172 2026 noctem.
1220 1974 1294 2025 Et
1310 1973 1377 2025 de
1396 1989 1555 2025 mane
1576 1976 1802 2040 quando

294 2062 558 2114 exivimus
582 2061 900 2128 hospitium,
923 2064 1057 2111 tunc
1082 2074 1255 2125 equus
1280 2074 1409 2111 suns
1438 2060 1803 2124 claudicavit,

295 2152 351 2199 et
385 2148 527 2199 dixi:
565 2146 912 2213 ‘supponatis
947 2145 1179 2211 amplius
1216 2142 1497 2208 ancillas'3
1534 2144 1635 2197 sed
1658 2162 1805 2197 unus

292 2232 452 2283 faber
486 2232 701 2282 iuvavit
737 2232 804 2281 ei.
873 2230 947 2279 Et
980 2234 1175 2294 postea.
1207 2230 1455 2281 venimus
1492 2229 1563 2280 ad
1588 2230 1807 2282 Schan-

294 2332 448 2383 gam,
483 2317 581 2367 ubi
617 2316 841 2367 emimus
876 2314 1108 2380 pulchra
1142 2315 1386 2380 specula.
1444 2314 1664 2367 Deinde
1700 2317 1811 2367 ivi·

292 2417 410 2453 mus
452 2416 642 2453 versus
677 2400 960 2466 Inspruck.
1032 2401 1189 2451 Tunc
1232 2401 1339 2451 fuit
1380 2401 1463 2450 ita
1506 2400 1662 2451 mala.
1708 2402 1813 2453 via

293 2484 438 2551 quod
471 2486 618 2550 Equi
649 2502 758 2537 non
803 2488 1098 2551 potuerunt
1140 2487 1249 2547 ire;
1297 2490 1353 2537 et
1396 2486 1503 2535 fuit
1546 2486 1631 2535 ita
1676 2502 1813 2551 pro-

290 2570 466 2622 funda.
507 2570 696 2621 merda
737 2571 882 2635 quod
925 2571 1185 2621 transivit
1223 2570 1399 2634 Equis
1452 2570 1523 2621 ad
1573 2574 1811 2622 ventres

293 2655 561 2721 superius.
631 2655 704 2705 Et
747 2657 830 2707 sic
873 2659 999 2722 post
1040 2655 1243 2705 multas
1278 2655 1674 2706 tribulationes
1710 2671 1813 2707 ve·-

295 2740 476 2793 nimns
509 2740 876 2805 Insprucken,
921 2740 1019 2791 ubi
1062 2739 1169 2789 fuit
1210 2740 1455 2791 dominus
1490 2740 1817 2807 Imperator
