1942 3109
155 261 402 300 ontrvlm
442 260 640 301 GRATII
675 261 954 298 EPIs'roLA
990 262 1399 302 APOLOGETICA.
1470 252 1571 304 333

86 385 242 422 >nne
293 381 500 417 summo
545 365 793 431 pontifici
839 367 897 416 in
943 382 1115 434 scena
1160 372 1217 418 et
1260 370 1318 418 in
1353 371 1569 421 umbra·

83 456 188 506 ilis
244 452 604 515 iniquitatum
653 455 964 502 vestrarum
1020 452 1397 516 parcendum?
1487 454 1570 504 An

85 537 328 590 noratis
371 536 786 587 sanctissimum
830 536 1109 598 (lominum
1151 542 1397 590 nostrum
1429 541 1568 591 Leo-

81 641 168 676 21n
217 637 426 688 papam
467 619 766 686 decimum,
814 637 849 671 a
893 620 1109 673 domino
1153 621 1255 674 deo
1298 622 1383 689 (id
1428 625 1573 688 quod

81 713 256 762 uncta
290 707 502 757 fatetur
537 703 808 772 ecclesia)
832 705 1015 757 veluti
1047 708 1287 758 omnium
1308 709 1571 760 virtutum

81 791 336 860 :emplar
372 793 428 842 et
464 792 818 857 architypon,
864 806 1033 856 super
1068 795 1261 857 gentes
1309 797 1366 843 et
1398 809 1573 859 regna

79 925 87 931 ,
147 877 324 928 terris
371 877 754 932 constitutum,
809 879 874 926 ut
917 876 1153 940 evellet,
1206 877 1468 942 dissipet,
1516 883 1573 930 et

79 961 306 1014 antet?
375 959 541 1009 Faxit
594 961 787 1024 itaque
839 959 1000 1023 deus,
1065 976 1173 1026 quo
1224 963 1571 1027 gravioribus

77 1063 143 1099 >s
194 1045 447 1095 censuris
491 1049 856 1096 sacrosancta
899 1045 1059 1097 sedes
1096 1045 1407 1112 apostolica
1445 1062 1571 1097 con-

77 1133 290 1184 zmnet.
373 1127 612 1180 Subdole
667 1133 926 1197 preterea
982 1134 1039 1180 et
1091 1131 1379 1197 ingeniose
1430 1130 1572 1182 satis

77 1223 126 1270 it
171 1217 424 1267 vestram
473 1212 868 1278 impudentiam
922 1213 1098 1264 latius
1147 1214 1571 1281 prosequamur)

75 1298 404 1366 nperialem
447 1299 798 1348 maiestatem
841 1298 1001 1348 nobis
1046 1314 1260 1365 semper
1303 1316 1571 1352 veneran-

75 1402 173 1438 am
211 1380 508 1445 deridetis,
545 1396 709 1444 quum
743 1381 895 1432 nullo
931 1384 1007 1432 sit
1038 1383 1197 1435 vobis
1232 1400 1370 1450 opus
1404 1384 1573 1450 privi-

73 1471 197 1536 2gio
234 1467 588 1517 Venetorum.
639 1464 808 1516 Cuius
844 1466 1011 1516 etiam
1044 1468 1311 1519 mandata
1346 1485 1381 1518 a
1413 1470 1573 1521 nobis

73 1575 92 1607 ι
149 1555 303 1605 hunc
348 1566 524 1615 usque
567 1551 713 1602 diem
747 1565 959 1618 semper
993 1553 1187 1620 illesa,
1238 1554 1447 1621 previis
1480 1571 1573 1606 ve-

73 1643 180 1691 tris
227 1635 564 1700 mendaciis,
620 1636 910 1704 heresibus
956 1652 1175 1702 quoque
1223 1642 1279 1688 et
1310 1638 1572 1705 blasphe-

73 1727 204 1788 1iis,
244 1735 424 1785 neque
460 1720 622 1770 deum
656 1721 918 1771 timentes
951 1736 1132 1785 neque
1168 1723 1443 1784 homines,
1488 1725 1573 1772 ni-

73 1811 149 1860 iis
198 1806 439 1856 licenter
483 1804 810 1872 infregistis.
885 1795 936 1855 (l
986 1804 1295 1871 Theologos
1348 1807 1576 1873 insuper

74 1911 160 1960 on
194 1890 355 1942 modo
391 1889 734 1940 diversarum
767 1889 1222 1952 universitatum,
1267 1904 1457 1941 verum
1492 1895 1573 1941 to·

73 1995 160 2030 .us
200 1975 443 2042 ecclesie
477 1974 705 2036 lumina,
742 1974 997 2038 aliosque
1032 1979 1146 2023 tam
1178 1975 1385 2025 virtute
1412 1989 1576 2038 quam

73 2062 296 2115 cientia
318 2058 602 2128 preclaros
636 2061 692 2108 et
720 2059 913 2123 specie
939 2057 1334 2123 quodammodo
1360 2075 1395 2108 a
1417 2060 1575 2111 vobis

77 2147 404 2208 ifferentes,
448 2143 653 2194 vestris
689 2141 944 2193 dentibus
982 2143 1363 2194 cruentissime
1399 2144 1575 2194 lanci-

73 2233 220 2295 ,atis,
255 2213 318 2279 *et
354 2228 615 2279 convitiis
649 2227 1007 2290 insequimini
1040 2228 1409 2293 nebulonicis,
1443 2243 1575 2292 quo-

73 2333 169 2366 um
206 2313 458 2380 profecto
485 2312 843 2361 calciamenti
866 2313 1179 2377 corrigiam,
1214 2313 1307 2364 vel
1338 2315 1577 2364 omnium

73 2400 295 2462 udiciO,
348 2397 566 2463 indigni
622 2397 758 2447 estis
813 2395 1046 2446 solvere.
1129 2397 1175 2447 O
1227 2413 1361 2466 ceca
1404 2402 1574 2462 atque

73 2483 343 2551 mpudens
376 2480 688 2533 istiusmodi
722 2480 1231 2531 Reuchlinistarum
1266 2482 1483 2533 cohors!

123 2739 144 2773 Β
185 2752 294 2808 quo
321 2739 366 2787 1.
397 2740 456 2786 ut
484 2740 530 2790 2.
636 2733 680 2766 ²⁶
702 2735 1093 2800 iusti-[usmodi
1117 2739 1164 2792 1.
