1942 3109
230 239 465 279 oxu-vnn
503 238 703 279 enam
737 239 1018 278 EPISTOLA
1051 240 1463 281 nomem-mn.
1533 228 1634 281 345

96 342 587 410 significationem.
649 344 697 395 Ο
732 360 990 411 magnum
1025 345 1364 412 theologum!
1411 346 1458 396 Ο
1494 362 1626 412 poe·

99 435 224 482 tam
254 428 556 495 insignem!
581 424 607 496 ΙΙ
630 429 767 493 Quia
801 429 908 481 hoc
942 445 1052 480 non
1088 429 1290 481 ridebit
1327 428 1624 483 cavillum?
1649 409 1716 521 ‘a

99 514 234 579 quis
280 529 391 565 non
435 515 619 579 potius
662 514 936 579 improbet
981 530 1049 565 ao
1083 513 1251 580 plane
1287 514 1626 569 detestetur?

104 590 166 649 (I
212 597 468 649 Ceterum
520 598 626 666 hee
680 598 921 649 ridicula
966 598 1270 667 Oapnionis
1325 600 1629 663 subtilitaS,

66 687 169 740 sin
214 684 437 753 prefata
470 683 829 747 Inquisitoris
875 683 1138 750 apologia.
1180 684 1320 735 satis
1355 699 1627 749 superque

99 768 439 835 retunditur,
478 771 534 818 et
566 768 627 818 in
649 768 918 819 Boeeatio
953 769 1054 819 lib.
1091 784 1157 821 11.
1194 766 1262 819 de
1297 768 1629 835 genealogia

98 854 361 917 deorum,
408 852 651 917 itemque
693 854 753 903 in
787 852 1095 919 Augustino
1132 853 1229 904 lib.
1267 869 1335 903 11.
1370 852 1439 903 de
1475 854 1628 906 civit.

100 936 200 986 dei
236 952 282 989 e.
320 951 451 987 1111.
491 940 547 988 et
582 935 835 989 confess.
872 938 968 988 lib.
1010 954 1050 988 1.
1088 938 1155 989 de
1190 938 1372 1002 poetis
1417 937 1628 987 multis-

102 1036 219 1085 que
255 1020 381 1071 aliis
417 1020 475 1071 in
520 1021 687 1085 locis,
736 1037 841 1089 que
877 1022 1002 1089 hio,
1051 1038 1122 1073 ne
1158 1021 1498 1086 Capnionem
1533 1038 1628 1073 no-

61 1109 281 1162 )strum
325 1105 620 1157 offendisse
664 1106 980 1170 videamur,
1023 1106 1264 1157 libenter
1307 1106 1627 1173 omittimus„

105 1183 165 1241 (I
198 1190 399 1255 Atqui,
462 1206 531 1241 ne
580 1188 725 1253 quod
769 1176 1002 1255 primum
1043 1194 1208 1256 puto,
1267 1190 1358 1241 hic
1401 1189 1627 1242 silentio

100 1279 447 1345 preteream,
495 1275 688 1338 Neque
736 1272 1077 1339 Capnionem
1120 1280 1391 1339 vestrum,
1449 1289 1628 1340 neque

98 1359 521 1413 Reuehlinistas
574 1372 789 1421 omneS,
846 1373 1026 1423 neque
1081 1362 1385 1409 vestrorum
1441 1372 1628 1423 quem·

102 1458 275 1507 quam
326 1445 642 1507 poetarum,
702 1443 907 1494 nostris
962 1442 1121 1494 hisee
1175 1442 1378 1494 litteris
1424 1442 1629 1494 offendi

58 1526 484 1583 sindifferenter
535 1526 807 1578 volumus.
874 1528 953 1579 Ut
1009 1529 1154 1579 enim
1206 1528 1458 1594 duplices
1499 1532 1630 1579 sunt

100 1612 487 1679 Reuchliniste
509 1649 525 1675 ,
592 1612 676 1661 ita
732 1628 837 1663 nee
896 1612 1143 1663 eiusdem
1198 1612 1408 1678 ingenii
1462 1617 1625 1681 poete

55 1682 57 1709 ³
102 1710 313 1747 omnes.
361 1694 471 1743 Alii
507 1696 651 1745 enim
684 1697 817 1745 boni
850 1700 992 1757 sunt,
1031 1697 1132 1747 alii
1165 1697 1318 1759 mali,
1352 1712 1466 1763 nee
1493 1698 1628 1747 mali

104 1776 329 1842 quidem
360 1778 419 1827 in
455 1777 629 1828 oculis
662 1779 818 1842 mein,
851 1781 911 1829 ni
944 1778 1104 1829 sedes
1138 1779 1262 1843 ipsa
1297 1780 1627 1845 apostoliea,

106 1878 179 1913 ac
225 1862 357 1912 boni
401 1860 637 1924 denique
673 1877 860 1912 omnes
894 1865 1013 1911 tam
1055 1862 1344 1927 obscuros,
1402 1866 1626 1927 tamque

55 1947 411 2012 odegeneres
460 1951 688 2011 poetas,
748 1954 805 1997 et
859 1947 982 1998 leve
1028 1947 1307 1996 hominnm
1347 1963 1526 2013 genus
1572 1952 1629 1998 et

104 2032 253 2082 filios
306 2030 621 2094 iniquitatis
678 2030 1047 2096 appellarent.
1137 2030 1326 2081 Habet
1377 2031 1628 2096 profecto

105 2117 347 2166 Ioannes
370 2113 643 2165 Reuchlin
678 2113 763 2178 (ut
796 2114 863 2165 de
897 2114 1060 2165 bonis
1095 2113 1314 2178 loquar)
1350 2114 1498 2164 viros
1533 2130 1629 2164 no-

104 2200 271 2263 biles,
306 2198 519 2263 dootoS,
556 2198 816 2263 eruditos,
852 2202 910 2249 et
944 2198 1288 2263 eloquentes,
1323 2197 1414 2249 sui
1441 2214 1630 2248 aman-

109 2284 385 2347 nmmos,
432 2296 659 2347 quorum
696 2285 863 2335 etiam
896 2283 1180 2347 nonnulli,
1224 2286 1418 2349 aperto
1451 2282 1631 2334 Marte
1699 2308 1716 2317 ⁶

53 2384 89 2423 25
112 2367 191 2433 (id
236 2366 383 2432 quod
426 2366 695 2419 detestari
746 2385 857 2419 non
911 2365 1223 2434 possumus)
1277 2368 1336 2416 in
1387 2382 1629 2432 pugnam

113 2451 559 2518 congrediuntur.
616 2454 803 2505 Habet
836 2457 1093 2521 preterea
1127 2452 1397 2517 ingenuos
1433 2467 1532 2516 pro
1567 2467 1628 2501 se

155 2639 226 2722 ,¹⁰
261 2642 350 2760 οξ.
376 2639 505 2707 vid.]
532 2641 779 2692 letaliter
803 2638 1089 2691 offendant
1111 2642 1161 2689 2.
1303 2636 1356 2669 ¹³·
1367 2634 1403 2670 ¹⁴
1441 2651 1628 2703 quem-

112 2724 265 2775 pram
324 2746 339 2761 .
