1942 3109
433 276 500 321 51.
525 280 643 315 1011.
671 276 1013 315 nnnrnmcn.
1053 274 1176 314 Lu.
1204 278 1483 315 ivrri'rzn.
1610 262 1711 315 319

186 392 368 453 fusio,
408 391 466 438 et
498 388 732 450 surgunt
767 383 926 433 multi
959 382 1197 451 heretici
1232 386 1289 432 et
1323 382 1528 447 pseudo
1555 383 1708 433 Chri-

191 476 394 535 stiani,
438 471 718 521 Iohannes
762 468 1058 532 Reuchlin,
1103 468 1366 519 Erasmus
1411 468 1709 519 Roteroda-

191 573 346 611 mus.
382 554 694 606 Bilibaldus
737 555 924 604 nescio
971 554 1126 619 quis,
1174 557 1231 603 et
1264 552 1524 603 Ulrichus
1569 554 1709 602 Hnt·

195 649 388 707 tenus,
433 641 784 691 Hermannus
817 638 1115 703 Buschius,
1161 638 1397 689 Iacobus
1433 638 1710 702 Wimphe-

195 730 381 793 lingas
419 726 515 791 qui
550 726 778 789 scripsit
811 728 1005 775 contra
1028 722 1495 789 Augustinenses,
1536 725 1591 772 et
1616 720 1709 772 Se-

193 813 490 865 bastianus
513 810 686 859 Brant
721 810 815 873 qui
848 809 1074 874 scripsit
1110 812 1301 859 contra
1325 807 1711 875 Predicatores

197 896 372 963 (quod
426 896 500 944 sit
552 893 652 944 deo
699 891 1079 957 conquestum)
1129 897 1185 942 et
1227 894 1517 943 temerarie
1562 893 1711 943 vitu-

193 984 362 1047 perat
409 993 519 1029 eos.
596 978 668 1027 Et
713 980 795 1027 sic
840 976 1016 1026 multa
1062 975 1330 1026 scandala
1377 981 1607 1041 surgunt
1654 977 1710 1025 in

196 1064 336 1127 fide,
385 1065 442 1113 et
474 1061 610 1111 bene
648 1061 806 1113 credo
842 1062 1027 1126 vobis,
1078 1061 1207 1125 quia
1245 1060 1358 1126 legi
1394 1060 1537 1125 quod
1572 1059 1713 1110 talia

195 1150 404 1201 debent
437 1144 748 1197 immediate
785 1146 1080 1215 precedere
1108 1149 1405 1195 extremum
1429 1145 1711 1195 iudicium.

199 1232 313 1285 Sed
349 1231 524 1283 adhuc
563 1230 716 1281 aliud
749 1231 874 1281 volo
910 1228 1225 1297 significare
1258 1230 1419 1281 vobis
1447 1230 1591 1295 quod
1616 1247 1713 1281 au-

198 1318 319 1369 divi
355 1320 410 1368 et
443 1316 652 1366 dictum
691 1318 775 1366 est
807 1316 940 1366 mihi
982 1316 1264 1367 veraciter
1310 1317 1379 1367 ab
1427 1330 1535 1366 uno
1582 1316 1711 1366 reli-

201 1404 360 1469 gioso
402 1406 588 1466 patre,
640 1400 784 1463 quod
820 1400 1019 1450 dicitur
1053 1417 1151 1466 pro
1189 1404 1339 1452 certo
1378 1402 1521 1467 quod
1555 1400 1711 1451 Anti·

203 1486 457 1537 Christus
485 1491 569 1537 eet
593 1488 759 1535 natus
781 1502 794 1536 τ
828 1484 924 1535 sed
949 1490 1033 1536 est
1058 1486 1234 1537 adhuc
1258 1502 1479 1553 parvus.
1526 1486 1713 1537 Etiam

199 1571 340 1623 dixit
386 1571 530 1637 quod
577 1572 733 1621 facta
781 1573 866 1620 est
911 1571 1145 1637 quedam
1188 1572 1457 1623 revelatio
1496 1572 1712 1623 cuidam

199 1656 426 1707 Ordinis
494 1654 983 1708 Carthasiensium.
1088 1658 1196 1719 Qui
1250 1656 1466 1720 quando
1539 1656 1713 1707 semel

197 1737 462 1791 dormivit
495 1737 552 1786 in
591 1736 734 1788 cella
769 1754 895 1804 sua,
943 1738 1158 1791 audivit
1200 1755 1365 1790 unam
1408 1756 1601 1793 vocem
1645 1740 1713 1791 de

201 1824 325 1893 celo
351 1823 652 1873 dicentem:
690 1822 921 1874 ‘Peribit
941 1822 1199 1889 mundus,
1235 1826 1439 1890 peribit
1462 1824 1709 1889 munduS,

199 1908 409 1977 peribit
448 1906 710 1957 mundus’.
779 1909 938 1959 Tunc
982 1908 1081 1959 ille
1114 1908 1407 1975 religiosus
1440 1910 1623 1961 timuit
1657 1914 1714 1959 et

195 1994 379 2047 voluit
403 1992 616 2057 aliquid
638 1992 823 2043 dicere
840 2030 853 2055 ‚
891 1992 989 2041 sed
1013 1994 1229 2044 occulte
1255 1994 1394 2044 fecit
1420 1994 1713 2045 Orationes

197 2094 330 2132 suas
367 2082 563 2129 contra
607 2075 975 2129 tentationem
1008 2076 1233 2128 diaboli.
1306 2077 1461 2129 Tunc
1504 2079 1715 2144 incepit

195 2167 402 2215 iterum
437 2162 678 2214 clamare
711 2176 820 2214 vox
853 2160 972 2213 illa:
1008 2166 1063 2213 et
1099 2162 1269 2213 etiam
1294 2165 1457 2216 tertio
1482 2164 1713 2231 incepit.

201 2248 363 2298 Tunc
407 2245 526 2310 ipse
560 2247 880 2313 intelligens
912 2248 974 2299 in
1010 2249 1207 2315 spiritu
1243 2248 1389 2315 quod
1424 2254 1573 2301 esset
1608 2266 1712 2303 vox

199 2330 429 2392 domini,
445 2330 742 2394 respondit:
763 2332 1015 2397 ‘domine‚
1038 2348 1209 2399 quare
1218 2336 1261 2385 θ’
1285 2334 1589 2399 Respondit
1604 2350 1713 2387 vox

199 2416 333 2467 illa:
373 2413 624 2479 ‘Propter
657 2422 890 2479 peccata
924 2420 1061 2472 sua'.
1130 2420 1287 2468 Tune
1330 2420 1529 2469 iterum
1574 2418 1713 2469 dixit

199 2500 526 2569 religiosus:
549 2499 816 2567 ‘Domine,
841 2502 1108 2568 quando?
1139 2502 1441 2569 Respondit
1460 2518 1569 2554 vox
1591 2504 1711 2556 illae

202 2585 414 2637 ‘adhue
437 2587 497 2637 in
535 2602 603 2637 .x.
631 2589 827 2640 annis'.
885 2588 1187 2651 Propterea
1210 2588 1376 2638 timeo
1396 2586 1579 2638 valde.
1639 2588 1715 2637 Et

202 2670 426 2736 quando
473 2672 754 2725 ambulavi
797 2686 896 2739 per
937 2670 1268 2736 Bononiam,
1326 2671 1513 2721 audivi
1570 2671 1713 2733 quod

204 2758 294 2809 est
327 2756 408 2808 ibi
439 2770 580 2808 unus
619 2756 770 2807 Civis
809 2756 904 2820 qui
935 2756 1106 2806 habet
1153 2756 1431 2821 spiritum,
1480 2753 1577 2814 qui
1618 2766 1715 2801 vo-
