1942 3109
197 303 386 342 paras.
409 299 724 338 navcnmm
750 297 1096 335 novimum
1118 295 1319 334 almvm.
1344 295 1574 333 srvna'r.
1622 281 1719 332 143

194 410 280 461 vel
332 406 611 460 rhetorica
667 409 764 456 aut
818 403 1129 455 eruditIone
1188 418 1343 467 opus.
1424 403 1547 452 Non
1593 405 1721 452 sunt

197 495 298 545 viri
343 493 476 542 boni
521 496 604 541 ita
650 491 930 556 simplices
977 493 1041 554 ut
1092 487 1407 538 rationibus
1460 487 1721 537 instructi

195 593 377 630 verum
428 593 461 626 a
507 576 654 627 falso
701 577 1020 626 discernere
1064 577 1365 637 nequeant.
1436 571 1557 622 Non
1594 574 1723 620 sunt

197 664 359 714 etiam
396 662 532 712 laici
568 665 683 711 tam
719 661 894 711 omnis
931 659 1209 726 sapientie
1246 657 1435 720 rudes,
1482 661 1543 705 ut
1591 654 1723 718 (nisi

193 749 431 798 sinistris
491 746 913 798 cavillationum
971 744 1301 808 ambagibus
1361 739 1719 804 seducantur)

191 833 413 884 veritati
451 849 484 882 a
517 849 604 882 me
641 831 860 898 prolate
899 833 956 880 et
978 828 1288 880 verissimis
1324 826 1466 894 fulte
1493 825 1724 876 rationi-

191 920 293 968 bus
345 915 540 966 deesse
593 917 792 967 velint.
887 913 1238 979 Quapropter
1296 929 1397 978 ego
1440 911 1724 962 humiliter

195 1017 288 1050 oro
341 1004 510 1063 atque
565 1002 794 1051 obsecro
849 1014 1037 1049 omnes
1092 1013 1194 1049 vos
1256 995 1605 1046 Christianos
1665 996 1723 1045 in

197 1084 413 1134 Christo
447 1084 642 1148 Ihesu,
679 1082 750 1133 ad
787 1098 1145 1148 quoscunque
1191 1083 1295 1149 hec
1340 1096 1465 1132 mea
1512 1081 1723 1145 scripta

193 1170 574 1235 pervenerint,
619 1172 682 1218 ut
725 1168 861 1218 mihi
903 1184 1081 1234 nuper
1123 1168 1414 1234 baptizato
1452 1171 1509 1216 et
1545 1165 1721 1216 solam

193 1253 484 1304 veritatem
521 1253 665 1300 citra
703 1253 1081 1316 cuiuscunque
1126 1253 1512 1315 offensionem,
1558 1250 1720 1299 im'mo

193 1336 378 1400 potius
437 1335 508 1385 ad
564 1337 942 1386 necessariam
1002 1339 1239 1388 omnium
1298 1335 1723 1387 instructionem

192 1419 472 1486 profitenti
510 1419 774 1487 adherere
811 1420 1028 1486 velitiS,
1076 1425 1309 1473 maxime
1358 1425 1453 1487 qui
1489 1423 1721 1487 paratus

190 1506 295 1556 sim
340 1505 490 1555 falsa
535 1506 585 1554 si
633 1519 740 1574 que
799 1511 988 1556 essent
1038 1521 1149 1557 non
1206 1508 1381 1558 solum
1436 1519 1723 1568 revocare,

189 1590 286 1640 sed
331 1591 526 1640 mortis
573 1592 911 1641 sententiam
955 1607 1055 1656 pro
1100 1591 1217 1640 illis
1264 1595 1321 1640 et
1363 1608 1461 1656 pro
1497 1593 1720 1640 minimo

190 1676 362 1724 etiam
385 1674 678 1724 mendacio
703 1689 891 1724 coram
917 1689 1245 1738 quocunque
1270 1675 1569 1739 tribunali,
1598 1691 1720 1724 cum

187 1759 430 1808 maxima
474 1759 584 1808 mei
626 1757 892 1820 nominis,
947 1771 1301 1820 meorumque
1355 1761 1593 1808 omnium
1640 1759 1720 1824 (id

190 1842 338 1904 quod
371 1845 529 1893 factu
565 1842 954 1893 difficillimum
991 1839 1161 1904 foret)
1208 1841 1443 1891 infamia
1486 1844 1721 1908 turpiter

189 1925 398 1975 subire.

335 2001 386 2060 (I
421 2011 704 2061 Postremo
749 2016 810 2061 ut
847 2011 1101 2080 predicte
1148 2011 1449 2062 obiectioni
1493 2014 1720 2063 satisfa-

187 2096 337 2145 ciam
374 2096 515 2145 Dico
552 2095 814 2146 Ioannem
857 2097 1134 2148 Reuchlin
1180 2097 1386 2146 habere
1434 2097 1720 2146 conscien-

185 2181 356 2241 tiam,
385 2193 490 2245 que
517 2179 678 2243 plura
704 2197 832 2248 sepe
857 2185 1072 2247 potest,
1110 2197 1274 2246 quam
1299 2180 1525 2231 ducenti
1548 2186 1721 2232 testes

186 2274 260 2311 ac
297 2262 526 2312 totidem
560 2263 717 2327 libri,
757 2269 814 2314 et
849 2268 918 2316 ab
956 2265 1060 2315 illa
1096 2266 1318 2318 tandem
1354 2281 1475 2317 sese
1512 2267 1722 2318 intelli-

183 2349 289 2412 gat
326 2343 672 2396 vincendum.
746 2349 903 2410 Quod
937 2359 1021 2400 ne*
1043 2352 1205 2401 nimis
1242 2367 1366 2402 sero
1402 2351 1500 2402 fiat
1544 2353 1721 2417 ipsius

181 2430 366 2481 officii
403 2437 490 2481 est
523 2431 832 2497 providere.

617 2569 652 2620 S
671 2570 945 2634 equitur
980 2570 1296 2623 historia.

293 2676 352 2736 (I
384 2688 508 2739 Hoc
551 2692 845 2754 negocium
891 2692 1091 2741 erroris
1140 2707 1207 2742 ac
1252 2691 1466 2759 heresis
1512 2692 1719 2742 dictum

179 2775 275 2820 est
333 2773 880 2837 magnificentissimo
939 2791 1007 2828 ac
1056 2775 1531 2828 Christianis-simo
1578 2776 1720 2841 Regi
