1942 3109
293 196 390 248 154
519 209 839 248 ,ΕΡΙΒΤΟῘιΕ
875 208 1247 246 onscvssomm
1282 209 1555 246 leonvu.

287 315 549 382 gaudium
585 315 766 366 cordis
800 315 995 378 nostri,
1029 329 1223 366 versus
1260 317 1346 366 est
1366 313 1425 363 in
1445 313 1662 364 luctum
1686 313 1823 362 eho-

287 417 381 452 rus
423 403 649 452 noster’.
723 399 1059 450 charissime
1105 400 1308 463 frater,
1364 413 1462 450 ora
1504 413 1605 464 pro
1650 399 1825 450 nobis

289 487 478 552 deum,
514 488 578 536 ut
611 486 817 537 liberet
849 501 950 536 nos
988 501 1023 535 a
1056 484 1219 536 malis
1254 485 1435 535 laicis.
1506 482 1619 534 Sed
1658 485 1823 548 quie-

293 571 426 636 quid
461 571 692 634 feceris,
739 571 884 622 bone
919 571 1147 634 Frater,
1189 569 1347 634 vide,
1390 572 1453 620 ut
1495 569 1647 619 hanc
1693 569 1824 620 lite-

291 673 411 708 ram
445 656 535 708 illi
569 655 708 710 mali
741 654 946 706 ribaldi
980 659 1145 722 poete
1168 654 1453 723 seculares
1478 669 1591 704 non
1614 655 1825 717 sciant,

299 746 357 792 et
389 757 501 793 non
534 730 880 806 intellissant,
919 741 1053 804 quia
1090 739 1233 790 alias
1270 742 1433 790 erunt
1458 740 1733 804 scripturi
1756 739 1825 788 de

293 828 472 880 nobis.
543 825 686 878 Vale
733 825 1091 890 pangratiee‚
1140 825 1493 889 charissime,
1538 825 1633 890 pie
1682 825 1823 877 Fra-

293 914 396 962 ter.
465 910 675 960 Datum
709 912 1050 962 monasterio
1085 913 1293 974 nostro,
1330 910 1391 958 in
1426 913 1633 962 octava
1668 925 1821 961 men-

285 995 370 1046 sis
403 994 617 1059 Maius,
655 995 716 1046 in
751 1011 896 1048 anno
936 994 1085 1046 1537.

431 1079 492 1131 Si
527 1081 652 1144 quis
685 1081 810 1131 vult
843 1081 949 1132 hoe
987 1079 1303 1145 epistolium
1351 1095 1473 1130 eum
1520 1079 1822 1146 elegantiis

293 1167 586 1218 meliorare
607 1205 621 1230 ,
667 1165 765 1217 ille
812 1166 955 1216 bene
1000 1168 1211 1230 potest:
1256 1164 1354 1216 sed
1396 1163 1567 1216 debet
1607 1168 1822 1216 textum

295 1249 528 1315 historie
563 1250 786 1299 mittere
821 1251 1097 1314 integrum
1132 1265 1383 1314 manere,
1418 1251 1571 1312 quia
1603 1254 1693 1300 est
1726 1265 1818 1300 ve-

294 1333 466 1397 ritas,
514 1335 571 1382 et
603 1347 713 1382 non
747 1335 934 1398 potest
969 1333 1177 1398 aliquis
1210 1338 1327 1384 tam
1360 1334 1515 1384 mala
1550 1334 1818 1397 seribere,

295 1417 526 1469 multum
560 1419 722 1483 peius
755 1419 916 1468 nobis
949 1419 1230 1470 transivit.

430 1503 553 1568 Hee
587 1502 756 1554 litera
787 1505 958 1556 missa
993 1505 1103 1554 fuit
1138 1521 1207 1554 ex
1228 1503 1557 1568 Brabantia,
1592 1519 1705 1555 uno
1726 1505 1812 1556 de-

296 1589 426 1637 voto
461 1587 648 1636 Fratri
681 1588 742 1636 in
765 1587 1076 1653 Moguntia,
1118 1587 1185 1638 de
1223 1587 1507 1652 aliquibus
1542 1589 1727 1654 malis,
1762 1594 1819 1640 et

297 1671 681 1722 inchristianius
707 1673 1063 1724 novitatibus
1098 1673 1325 1738 scripta.
