1942 3109
241 198 309 252 56
381 213 759 249 rsrsmconm
784 210 1022 247 narsus.
1043 209 1264 247 eos-ru
1287 203 1788 251 rmos.o.v.i-:PP.

239 321 443 379 Verum
500 332 625 369 eam
678 318 745 369 de
802 316 1042 368 articulo
1103 316 1174 367 ad
1228 315 1528 369 articulum
1584 320 1787 371 trans-

240 407 545 469 posuerunt
568 407 626 454 et
650 420 772 455 eam
796 402 990 467 digitis
1015 401 1405 454 seandalosam
1426 401 1786 455 indicarunt.

241 489 317 539 Et
350 490 409 538 in
454 489 617 539 huius
662 486 1064 539 testimonium:
1123 487 1360 539 habetur
1403 488 1464 536 in
1507 490 1788 541 articulis

240 574 504 624 Ioannem
536 572 811 625 Reuohlin
844 588 915 623 ea
952 587 1060 640 que
1096 574 1260 626 annis
1295 572 1510 622 exactis
1549 574 1786 626 cuidam

240 658 423 709 nobili
456 658 521 709 de
546 657 733 725 Iudeis
773 662 1111 721 conquestus
1148 658 1241 721 sit,
1277 657 1578 722 scripsisse
1619 664 1778 710 atra-

241 746 423 793 mento
470 744 656 807 nigro,
715 742 825 793 Illa
872 745 1059 793 autem
1105 756 1214 809 que
1259 756 1406 793 nune
1443 758 1544 806 pro
1579 743 1784 812 Iudeis

244 826 670 891 consultaverit,
708 827 1006 892 scripsisse
1043 830 1356 877 atramento
1390 828 1582 879 ruben.

744 955 797 1014 ΙῙ
830 962 1005 1017 Nota
1040 961 1270 1013 lector

347 1074 400 1133 ΙΙ
442 1084 623 1135 Unam
668 1084 981 1135 falsitatem
1027 1086 1085 1133 et
1127 1083 1411 1133 sinistram
1444 1083 1790 1136 Reuehlini-

240 1171 455 1219 starum
488 1169 925 1235 persuasionem,
963 1184 1072 1233 qua
1097 1168 1234 1235 prob
1259 1167 1416 1219 dolor
1437 1168 1596 1219 multi
1627 1170 1788 1222 boni

242 1254 539 1305 christiani
581 1258 779 1307 misere
827 1254 1049 1320 decepti
1087 1257 1236 1303 sunt.
1317 1253 1447 1319 Ipse
1494 1254 1647 1305 enim
1683 1255 1784 1307 Io-

243 1354 415 1391 annes
450 1340 727 1389 Reuehlin
761 1355 873 1389 non
908 1338 1130 1391 erubuit
1163 1338 1378 1404 dicere,
1415 1338 1562 1403 quod
1599 1338 1780 1392 Colo-

240 1424 463 1473 nienses
509 1439 622 1473 non
664 1424 1082 1475 intellexissent
1115 1423 1400 1489 speculum
1435 1438 1595 1473 suum
1637 1441 1778 1475 oeu-

238 1506 359 1557 lare
392 1506 772 1556 theutonicum
810 1510 865 1555 et
900 1510 1197 1572 propterea
1231 1509 1472 1573 ipsorum
1495 1508 1780 1561 iudicium

239 1606 363 1643 esse
397 1591 627 1641 nullum.
686 1590 847 1640 Nune
872 1593 1089 1657 aperite
1113 1592 1305 1645 oeulos
1328 1594 1531 1643 mentis
1555 1599 1776 1663 vestre,

238 1692 269 1727 o
314 1692 415 1727 vos
463 1674 797 1740 Christiani,
858 1680 917 1727 et
969 1677 1302 1729 intueamini
1351 1678 1658 1729 veritatem
1709 1682 1776 1730 in

239 1760 461 1813 Christo
504 1760 697 1825 Ihesu,
757 1761 855 1825 qui
904 1778 1007 1811 nos
1060 1761 1294 1813 redemit
1335 1763 1608 1827 sanguine
1669 1780 1776 1815 suo

237 1848 510 1912 precioso.
559 1846 741 1911 posito
782 1860 917 1897 casu
952 1846 1100 1911 quod
1135 1846 1493 1898 colonienses
1528 1862 1648 1898 non
1685 1851 1776 1900 in-

235 1931 591 1983 tellexissent
624 1930 1007 1983 theutonicum
1051 1932 1228 1997 ipsius
1264 1932 1777 2000 superioristieum‚

235 2016 293 2067 id
319 2018 465 2083 quod
488 2022 677 2069 tamen
710 2018 769 2067 in
794 2034 853 2069 se
878 2017 1242 2069 falsissimum
1278 2020 1380 2079 est,
1416 2019 1532 2067 tres
1569 2020 1778 2069 tamen

234 2104 325 2153 illi
366 2102 681 2169 dignissimi
726 2104 782 2152 et
825 2102 1134 2153 doc-tissimi
1184 2102 1293 2153 viri
1337 2104 1506 2165 atque
1571 2103 1634 2151 in
1684 2103 1776 2154 di·-

235 2187 413 2237 versis
484 2184 859 2234 facultatibus
928 2187 1098 2249 periti
1167 2186 1547 2237 theutonicum
1616 2188 1772 2239 illud

235 2268 440 2335 optime
476 2266 894 2331 intellexerunt,
931 2268 1027 2331 qui
1061 2284 1171 2320 non
1205 2270 1264 2318 in
1286 2270 1602 2322 Brabantia
1640 2274 1774 2325 sive

233 2352 541 2404 Hollandia
578 2355 677 2403 aut
710 2354 768 2402 in
802 2353 1156 2417 westphalia
1203 2370 1301 2405 seu
1334 2355 1578 2406 Francia
1614 2360 1773 2422 nati,

234 2436 332 2489 sed
376 2438 436 2487 in
480 2438 623 2489 loeis
674 2436 875 2505 Suevie
918 2439 1122 2489 vicinis
1169 2444 1224 2489 et
1268 2439 1352 2490 ita
1395 2440 1575 2505 ipsius
1626 2456 1770 2494 eon—

236 2521 507 2584 terranei,
565 2526 621 2572 et
668 2538 876 2572 summa
912 2524 1023 2589 ipsi
1059 2524 1309 2573 amicitia
1344 2526 1539 2575 iuneti.
1611 2526 1769 2577 Nam

231 2603 493 2666 requisiti
549 2620 649 2669 per
697 2603 984 2669 cesariam
1025 2608 1399 2673 maiestatem,
1457 2609 1770 2663 veritatem

234 2690 575 2752 supprimere
609 2702 721 2737 nou
753 2688 1066 2740 voluerunt.
1137 2692 1258 2758 Heo
1295 2696 1425 2743 sunt
1457 2694 1768 2747 verissima.
