1942 3109
246 275 562 315 suumn-ru
587 273 770 310 murs.
799 271 1099 310 noc'rouvn
1128 273 1181 308 n.
1201 269 1242 308 2.
1264 271 1395 310 Ave.
1420 267 1535 308 1514.
1576 257 1674 308 129

150 389 234 434 tos
279 386 516 448 ingenue
563 381 806 432 fatemur
841 379 1134 443 Huiusque
1160 378 1328 428 ‘modi
1364 378 1673 428 damnatio-

151 484 270 518 nem
303 469 420 518 iure
457 467 662 532 optimo
697 465 948 515 duximus
988 480 1110 514 esse
1148 463 1581 529 approbandam.
1616 464 1675 512 in

151 568 374 618 quorum
433 553 674 602 omnium
733 549 896 601 fidele
957 549 1335 600 testimonium
1397 553 1453 600 et
1511 549 1677 600 robur

149 640 290 688 hanc
325 641 572 688 nostram
608 637 950 687 sententiam
986 633 1199 700 publici
1245 635 1423 684 nostri
1458 633 1676 684 Notarii

149 723 528 790 chyrographo
563 723 846 788 signatam
881 724 1071 770 nostro
1108 733 1328 783 quoque
1353 716 1541 783 sigillo
1566 718 1675 766 ius-

145 810 312 859 simus
347 808 720 859 muniendam.
789 807 1000 856 Datum
1046 804 1336 868 Parrhysii
1380 804 1439 852 in
1486 806 1676 852 nostra

146 893 371 958 publica
417 893 849 958 congregatione
897 889 1046 956 apud
1081 888 1266 940 divum
1300 887 1677 938 Methurinum

149 977 438 1027 celebrata
462 975 965 1042 Anno'Christiane
989 975 1191 1026 salutis
1219 973 1675 1037 quingentesimo

145 1061 564 1126 decimoquarto
587 1075 778 1125 supra
811 1058 1169 1112 Millesimum
1206 1057 1386 1108 altera
1422 1057 1677 1122 Augusti.

583 1175 590 1178 ’
649 1168 704 1229 (ἷ
737 1179 977 1230 Ioannes
1010 1179 1161 1244 Nery
1196 1177 1543 1242 subscripsit.

253 1307 304 1366 (ἷ
359 1315 523 1365 Hanc
569 1315 906 1366 sententiam
963 1317 1020 1364 et
1064 1313 1298 1364 aliarum
1342 1313 1675 1365 universita-

144 1407 263 1450 tum
289 1403 346 1450 et
369 1401 720 1464 imperatoris
743 1398 1011 1449 mandata
1036 1403 1227 1449 contra
1252 1398 1425 1450 libros
1450 1399 1677 1450 Ioannis

141 1485 421 1536 Reuchlin
477 1484 672 1536 attulit
723 1488 780 1535 ct
833 1484 1081 1549 porrexit
1146 1483 1363 1534 Summo
1428 1483 1679 1550 pontifici

143 1571 487 1622 venerabilis
537 1574 593 1622 et
648 1570 895 1635 apprime
948 1569 1143 1620 doctus
1198 1568 1448 1620 dominus
1502 1570 1679 1620 frater

143 1655 384 1704 Iacobus
417 1655 799 1705 Hoohstraten
831 1655 1079 1722 heretice
1115 1655 1410 1718 pravitatis
1446 1654 1679 1718 inquisi-

144 1743 234 1789 tor
278 1739 352 1788 Et
398 1739 658 1802 quoniam
705 1739 894 1789 decuit
939 1739 1349 1788 sanctissimum
1402 1739 1677 1789 dominum

143 1827 394 1874 nostrum
439 1824 688 1893 heretice
737 1823 1039 1890 pravitatis
1084 1823 1347 1888 mag-istro
1383 1823 1439 1871 in
1474 1823 1582 1872 hac
1619 1839 1677 1872 re

144 1907 290 1957 nihil
346 1906 651 1974 denegare,
699 1909 795 1960 Sic
841 1909 1119 1960 sanctitas
1166 1922 1269 1958 sua
1312 1908 1679 1958 Reverendis-

143 1993 318 2044 simos
352 1991 487 2043 duos
515 1992 844 2045 cardinales
881 1993 948 2044 de
976 2007 1137 2044 sacro
1164 1991 1401 2042 concilio
1428 1993 1679 2042 seriosis-

140 2078 282 2128 sime
321 2077 602 2130 ordinavit
634 2083 696 2129 ut
721 2081 1017 2144 negocium
1041 2077 1147 2127 hoc
1174 2081 1231 2127 et
1253 2075 1427 2126 libros
1452 2075 1679 2126 Ioannis

140 2160 424 2210 Reuchlin
443 2161 690 2213 funditus
708 2163 1115 2229 perpenderent
1128 2201 1141 2227 ‚
1164 2165 1221 2213 et
1238 2160 1433 2213 deinde
1456 2176 1679 2214 causam

141 2247 300 2295 hanc
335 2241 586 2296 Concilio
622 2255 1009 2313 proponerent.
1068 2250 1301 2315 Insuper
1334 2263 1404 2298 ne
1440 2247 1680 2299 Ioannes

140 2327 428 2380 Reuchlin
476 2333 678 2390 posset·
708 2333 1069 2396 interpellare
1118 2339 1215 2384 aut
1257 2334 1431 2384 ullam
1478 2333 1679 2382 afferre

141 2414 596 2477 excusationem,
645 2411 1095 2478 quemadmodum
1130 2420 1315 2484 sepius
1350 2420 1408 2469 in
1443 2418 1549 2468 hoc
1584 2433 1681 2468 ne-

140 2500 310 2566 gocio
350 2499 639 2550 adinvenit
663 2497 758 2550 Sic
781 2500 987 2566 papali
1014 2505 1300 2565 potestate
1340 2520 1373 2553 a
1408 2505 1680 2572 prenomi-

139 2585 301 2634 natis
338 2584 618 2636 iudicibus
645 2583 1039 2636 cardinalibus
1064 2589 1231 2638 missa
1259 2591 1343 2637 est
1365 2587 1455 2638 illi
1480 2590 1677 2638 cltatio

137 2673 204 2720 in
223 2669 629 2737 ··quadraginta
675 2671 872 2724 diebus
921 2670 1276 2737 comparendi
1310 2671 1491 2739 Rome
1528 2676 1585 2722 et
1620 2675 1682 2720 ut

137 2755 433 2806 sententia.
491 2755 798 2823 Spirensis,
869 2761 1034 2823 prout
1104 2757 1171 2808 de
1237 2758 1357 2807 iure
1426 2756 1682 2807 revocari
