1942 3109
261 207 332 258 66
521 211 826 256 srrsromt‘
847 215 1214 254 onscvnonvu
1248 214 1523 253 vntonvu.

265 325 410 390 quod
455 324 591 376 estis
637 325 780 375 bene
828 323 1211 388 qualificatus,
1270 323 1419 372 sicut
1462 325 1633 372 etiam
1678 337 1785 387 ego

263 411 401 461 seio.
469 411 582 462 Vos
617 409 894 461 deberetis
919 407 1164 472 quotidie
1192 407 1364 458 semel
1385 407 1591 458 habere
1615 423 1786 458 unam

263 495 522 545 devotam
554 493 994 546 recordationem
1016 493 1294 559 passionis
1318 490 1611 560 dominice,
1648 493 1789 556 quia

261 579 404 630 illud
449 584 534 630 est
553 618 566 624 -
587 595 848 645 magnum
903 578 1204 630 remedium
1263 582 1457 629 contra
1513 578 1786 628 tentatio-

263 679 364 714 nes
407 663 644 728 diaboli,
687 668 747 716 et
791 664 1073 715 stimulum
1122 665 1334 728 carnis,
1384 667 1441 714 et
1486 666 1677 728 petere
1728 663 1789 711 in

263 750 612 800 orationibus
645 751 874 814 vestris,
913 749 1059 813 quod
1094 749 1345 800 dominus
1378 748 1519 799 velit
1550 761 1653 798 vos
1688 761 1789 796 eu-

263 833 472 885 stodire
510 851 546 884 a.
577 835 742 884 malis
777 834 1231 900 cogitationibus.
1301 833 1423 898 Ego
1450 831 1612 882 credo
1638 829 1791 895 quod

265 919 408 968 talia
442 919 665 983 legistis
699 920 758 969 in
790 921 975 984 poetis
1013 919 1381 987 secularibus,
1422 921 1483 968 et
1513 917 1785 982 peioratis

263 1009 366 1056 'vos
400 1003 548 1054 in'de.
617 1007 674 1054 et
711 1019 840 1070 ergo
873 1005 1081 1055 vellem
1106 1002 1251 1068 quod
1275 1002 1629 1052 dimitteretis
1654 1001 1787 1051 illos

265 1093 482 1154 poetas,
520 1089 654 1153 quia
675 1089 834 1140 scitis
859 1089 1005 1154 quod
1028 1093 1257 1140 sanctus
1283 1087 1653 1152 Hieronymus
1677 1087 1791 1136 fuit

265 1189 562 1238 percussus
599 1175 670 1224 ab
707 1175 937 1240 angelo,
976 1175 1109 1238 quia
1142 1174 1283 1238 legit
1317 1174 1377 1222 in
1412 1173 1556 1223 libro
1590 1175 1787 1238 poeta-

263 1273 402 1308 rum.
469 1259 550 1308 Et
581 1259 886 1326 Daventrie
923 1275 1057 1326 sepe
1094 1258 1210 1308 dixi
1247 1259 1415 1308 etiam
1449 1258 1608 1309 vobis
1638 1255 1791 1320 quod

266 1359 376 1394 non
396 1343 676 1394 deberetis
693 1341 815 1393 fieri
837 1346 1005 1408 poeta
1026 1343 1119 1394 vel
1143 1343 1359 1408 iurista,
1382 1343 1515 1408 quia
1535 1341 1633 1392 isti
1656 1345 1791 1392 sunt

266 1428 410 1478 male
449 1427 797 1480 affectionati
830 1429 888 1477 in
923 1426 1047 1492 fide,
1086 1432 1143 1478 et
1177 1429 1386 1478 habent
1410 1428 1575 1492 quasi
1596 1441 1787 1478 omnes

266 1513 471 1562 malam
527 1513 945 1576 dispositionem
991 1513 1051 1562 in
1094 1507 1359 1564 moribus.
1393 1507 1396 1511 ’
1438 1513 1516 1562 Et
1554 1512 1623 1562 de
1667 1512 1785 1562 illis

265 1598 515 1662 loquitur
557 1597 887 1648 Psalmista:
937 1595 1143 1648 ‘Odisti
1186 1613 1377 1649 omnes
1422 1597 1786 1648 observantes

265 1685 575 1734 vanitatem
643 1683 1027 1747 supervacue'.
1118 1683 1305 1734 Etiam
1358 1682 1425 1733 de
1484 1683 1596 1732 alio
1654 1683 1788 1734 volo

266 1769 510 1819 scribere
553 1767 731 1818 vobis.
819 1767 938 1833 Ipsi
981 1767 1175 1818 dicunt
1220 1767 1365 1832 quod
1410 1783 1523 1819 vos·
1558 1761 1786 1833 scripsi·

267 1853 370 1903 stis
397 1855 612 1903 'contra
663 1853 930 1902 Ioannem
974 1853 1251 1905 Reuchlin
1296 1854 1354 1901 in
1414 1867 1589 1902 eausa
1630 1849 1789 1902 fideit

267 1941 326 1988 et
369 1941 456 1987 est
499 1938 728 2002 bonum,
775 1939 908 2001 quia
941 1937 1116 1989 vultis
1152 1937 1365 1988 lucrari
1398 1935 1567 2004 super
1600 1937 1785 1988 talen-

266 2026 382 2071 tum
415 2027 659 2072 vestrum
697 2021 843 2087 quod
875 2021 1109 2073 tradidit
1139 2021 1298 2073 vobis
1334 2020 1489 2072 deus.
1562 2021 1673 2072 Sed
1702 2021 1786 2072 di·

269 2107 412 2156 citur
447 2106 540 2156 hic
575 2107 722 2172 quod
751 2107 993 2158 Ioannes
1017 2105 1388 2171 Pfefferkorn,
1428 2121 1589 2170 quem
1612 2108 1786 2157 etiam

267 2191 565 2242 defenditis
605 2208 732 2258 vos,
783 2195 870 2243 est
911 2191 1093 2242 malus
1137 2191 1403 2256 nequam,
1454 2195 1509 2242 et
1554 2207 1666 2242 non
1702 2195 1789 2243 est

265 2277 452 2328 factus
507 2277 843 2328 christianus
899 2292 1083 2328 amore
1130 2276 1287 2340 fidei,
1346 2275 1444 2327 sed
1488 2271 1788 2343 propterea

269 2362 416 2426 quod
440 2363 616 2432 ‘Iudei
669 2363 966 2414 voluerunt
1010 2376 1135 2412 eum
1180 2361 1512 2426 suspendere
1559 2366 1788 2428 propter

265 2461 404 2500 suas·
431 2449 734 2512 nequitiam,
753 2446 904 2512 'quia
937 2447 1129 2498 dieunt
1164 2442 1309 2511 q'uod
1335 2441 1433 2497 vesst
1460 2447 1552 2496 fur
1578 2451 1633 2496 et
1656 2443 1783 2512 pro-

265 2532 438 2597 ditor,
485 2537 542 2582 et
585 2534 668 2583 sic
712 2534 820 2583 fuit
863 2533 1210 2598 baptizatus:
1258 2536 1315 2582 et
1360 2531 1547 2584 ornnes
1582 2531 1783 2582 dicunt

267 2618 412 2681 quod
447 2618 664 2668 occulte
704 2621 790 2667 est
822 2618 1003 2668 malus
1042 2618 1398 2682 christianus,
1436 2621 1495 2667 et
1526 2632 1637 2668 non
1662 2633 1779 2667 ma·

265 2704 422 2754 nebit
466 2704 524 2751 in
559 2701 682 2752 fide.
755 2717 887 2768 ergo
921 2703 1139 2756 debetis
1172 2702 1360 2757 videre
1398 2702 1531 2768 quid
1563 2702 1780 2753 facitis.
