1942 3109
278 221 346 272 82
414 236 793 274 Pnrnmconm
821 237 1290 274 Dnrnns.cowrnA
1316 237 1587 274 FAuosA).
1604 239 1795 277 VAEPP.

278 340 576 392 Arnoldum
611 343 834 394 scilicet
867 343 1178 395 ordinatum
1214 358 1333 394 esse
1372 325 1669 394 ’censorem
1700 361 1795 396 ne—

279 427 428 492 gocii
463 431 519 478 et
553 428 845 493 librorum,
891 429 1099 480 Postea
1143 444 1275 479 vero
1309 429 1369 477 in
1404 428 1520 479 suis
1560 429 1795 480 invecti-

271 513 366 562 .vis
402 512 520 563 sive
565 514 780 564 famosa
823 529 928 565 sua
971 513 1325 577 defensione,
1372 511 1797 565 scandalosissi-

279 597 382 646 mis
418 598 604 648 verbis
639 598 744 648 hoc
780 599 995 649 factum
1030 598 1339 649 detestatus
1378 601 1482 648 est.

388 673 439 732 (I
475 683 664 735 Tertio
699 685 896 734 scribit
927 685 1351 735 universitatem
1395 687 1636 734 nostram
1672 699 1799 735 esse

281 769 554 818 illustrem
589 770 648 816 in
684 769 830 818 omni
865 768 1119 820 doctrina
1159 771 1216 817 et
1250 768 1545 833 theologos
1580 771 1797 819 nostros

283 867 406 902 esse
441 852 774 902 reverendos
812 857 868 903 et
905 853 1264 903 clarissimos.
1336 853 1543 905 Postea
1580 855 1793 904 veroin

283 938 398 986 suis
433 937 736 988 invectivis
775 941 830 988 et
864 937 1007 990 libro
1044 937 1417 990 famosissimo
1444 935 1685 1002 derogat
1704 938 1795 988 ho-

282 1023 405 1073 nori
439 1023 826 1074 universitatis
862 1028 1052 1091 nostre
1100 1027 1157 1074 et
1202 1027 1470 1086 tanquam
1512 1021 1678 1072 homo
1721 1023 1801 1072 in-

286 1108 768 1158 constantissimus
805 1108 1173 1173 theolog-istas
1211 1123 1302 1158 eos
1340 1106 1603 1172 appellat.

392 1182 443 1241 (I
491 1193 702 1256 Quarto
748 1193 950 1244 scribit
994 1192 1275 1244 doctorem
1318 1189 1619 1242 Arnoldum
1672 1206 1809 1256 pro-

287 1277 547 1328 culdubio
581 1281 696 1328 tam
729 1279 1113 1344 perspicacem
1150 1293 1272 1328 esse
1307 1280 1369 1328 ut
1405 1276 1649 1340 compati
1678 1292 1809 1340 pos·

285 1363 362 1412 sit
397 1363 652 1413 humanis
695 1361 1134 1426 infirmitatibus,
1184 1361 1383 1426 quibus
1429 1359 1612 1412 verbis
1666 1365 1807 1412 satis

284 1447 536 1496 insinuat
581 1463 640 1496 se
685 1463 795 1498 non
841 1449 983 1498 satis
1032 1446 1307 1497 catholice
1354 1445 1683 1509 scripsisse,
1745 1463 1807 1498 eo

289 1529 434 1594 quod
495 1543 783 1578 censuram
841 1531 1187 1580 extimescat.
1256 1529 1333 1578 Et
1388 1533 1685 1594 propterea
1732 1531 1811 1579 ad

285 1616 516 1664 istorum
553 1613 1021 1664 confirmationem
1058 1629 1273 1680 semper
1306 1615 1485 1664 instat
1532 1618 1587 1664 et
1634 1617 1807 1666 inste-

285 1700 386 1762 tit,
423 1701 538 1748 tum
575 1697 721 1766 apud
758 1695 1059 1768 Cesaream
1092 1699 1469 1761 Maiestatem,
1506 1702 1629 1748 tum
1668 1699 1811 1765 apud

288 1783 717 1850 Parrhysienses
756 1782 924 1847 (sicut
958 1784 1135 1848 ipsius
1172 1783 1419 1848 epistola
1454 1785 1701 1834 testatur
1736 1781 1810 1831 ad

289 1869 419 1918 illos
455 1867 648 1934 missa)
685 1871 750 1916 ut
784 1867 1068 1917 silentium
1101 1868 1421 1932 imponatur
1464 1869 1521 1916 et
1570 1882 1648 1918 ne
1684 1866 1821 1930 quid

293 1957 484 2004 contra
531 1968 654 2005 eum
699 1957 902 2020 agatur
947 1957 1005 2004 et
1046 1951 1285 2019 idipsum
1332 1967 1479 2001 nunc
1536 1952 1593 2001 in
1644 1950 1827 2002 Curia

289 2039 540 2092 Romana
573 2041 743 2104 facit,
782 2040 926 2105 quod
963 2042 1214 2104 apertum
1251 2040 1335 2086 est
1368 2037 1536 2103 noxie
1568 2037 1829 2100 sig-num,

293 2141 416 2176 cum
451 2127 557 2176 hoc
591 2139 872 2189 nunquam
907 2140 940 2174 a
977 2124 1183 2174 nostris
1229 2122 1305 2172 sit
1346 2121 1585 2186 petitum
1626 2134 1831 2184 neque

155 2201 493 2271 (54¹³)adhuc
527 2212 768 2271 petatur.
801 2206 810 2269 Ι
839 2208 1133 2268 Nunquam
1158 2210 1346 2257 autem
1370 2203 1573 2270 (sicuti
1596 2220 1711 2256 nos
1742 2207 1831 2256 fa-

297 2289 491 2355 cimus)
537 2291 782 2354 instetit,
831 2293 892 2339 ut
939 2288 1084 2352 quod
1127 2289 1336 2339 iustum
1383 2294 1469 2340 est
1510 2287 1707 2352 fieret,
1776 2295 1835 2340 et

293 2359 440 2440 quod
483 2375 588 2426 hoc
635 2390 826 2427 verum
871 2375 975 2438 sit,
1030 2375 1207 2439 ipsius
1254 2375 1465 2439 scripta
1509 2376 1835 2424 testantur.

290 2477 482 2511 verum
516 2461 582 2511 de
619 2461 704 2510 his
741 2461 902 2512 alias.

399 2536 451 2591 (I
489 2545 926 2606 Quintoscribit
961 2561 1019 2594 se
1056 2560 1166 2594 non
1202 2559 1303 2594 sua
1338 2545 1663 2594 temeritate
1703 2544 1839 2594 ulla

293 2623 350 2675 in
385 2627 531 2675 hanc
570 2626 902 2690 Charybdim
938 2633 995 2679 et
1018 2627 1325 2678 ‚involucra
1372 2626 1645 2676 incidisse
1701 2629 1838 2678 sive

291 2711 618 2773 impegisse,
666 2710 764 2760 sed
797 2711 1061 2764 mandato
1091 2710 1449 2775 Imperatoris
1486 2713 1544 2758 et
1580 2709 1843 2762 Archie-

173 2853 186 2880 Ι
