1942 3109
137 260 515 301 PEPERIOOBNI
540 254 792 295 cnusvnA
816 256 1065 291 rancun.
1093 252 1278 289 muer.
1305 254 1548 292 navens.
1583 237 1652 289 89

136 370 252 419 lum
288 380 557 417 canonem
592 363 659 413 de
698 360 1008 411 cremandis
1045 358 1336 427 Iudeorum
1373 356 1530 409 libris
1565 360 1652 407 in-

134 451 387 503 venisset
424 454 499 501 ‚et
518 464 565 498 c.
636 448 817 498 Primo
854 447 1028 511 igitur
1063 460 1172 495 non
1207 441 1450 495 ostendit
1485 458 1546 494 se
1571 443 1652 493 iu·

136 536 529 599 reconsultum,
566 538 629 585 ut
660 549 829 598 supra
864 531 1072 583 dictum
1106 532 1212 581 est.
1283 526 1535 579 Secundo
1571 542 1656 577 re·

137 619 469 687 spondemus
506 617 677 685 (sicut
714 615 905 684 supra)
944 630 1228 679 nunquam
1252 613 1428 665 fuisse
1453 616 1656 663 motam

140 706 487 774 questionem
516 705 583 756 de
609 702 917 755 cremandis
952 699 1246 768 Iudeorum
1281 698 1459 749 libris.
1519 697 1652 747 Ter-

134 792 217 841 tio
254 790 677 855 respondemus,
714 790 897 840 locum
933 786 1260 851 negativum
1297 780 1382 847 (ut
1417 783 1487 833 ab
1527 781 1654 833 aliis

134 875 393 925 intellexi
428 892 527 939 per
571 874 953 925 theutonicam
997 868 1468 934 informationem)
1517 867 1658 919 nihil

139 957 345 1007 habere
383 956 623 1020 roboris,
668 958 813 1005 nihil
844 955 1136 1006 firmitatis.
1209 956 1562 1018 Quapropter
1597 955 1657 1003 in

142 1042 395 1091 favorem
421 1039 713 1108 Iudeorum
746 1038 887 1091 satis
924 1036 1096 1088 stulte
1131 1036 1351 1089 locutus
1389 1042 1490 1089 est.
1551 1036 1658 1089 Sed

138 1127 286 1175 hanc
329 1125 618 1174 materiam
678 1122 834 1189 (quia
894 1138 996 1188 ego
1055 1138 1178 1173 eam
1221 1136 1330 1172 non
1376 1120 1655 1188 intelligo)

140 1210 269 1259 aliis
316 1208 721 1257 discutiendam
769 1208 1039 1271 relinquo.
1110 1206 1176 1257 Id
1229 1205 1376 1271 quod
1417 1207 1657 1259 fortasse

142 1295 199 1343 et
233 1290 597 1354 proculdubio
632 1291 743 1343 fiet.

247 1366 298 1435 (I
333 1376 749 1428 Decimotertio.
788 1377 1134 1443 ineptissime
1167 1378 1382 1443 scribit,
1417 1394 1478 1431 se
1503 1377 1656 1431 vide-

136 1462 275 1513 licet
299 1452 485 1527 topice
504 1463 781 1513 rhetorum
802 1478 949 1515 more
972 1462 1044 1513 ad
1060 1463 1502 1529 persuadendum
1523 1468 1656 1531 apto

136 1548 195 1597 in
218 1562 321 1599 sua
348 1547 757 1599 consultatione
783 1565 957 1601 usum.
1019 1564 1090 1599 ac
1115 1550 1164 1601 si
1199 1548 1334 1602 fides
1373 1550 1656 1601 catholica

134 1631 417 1681 rhetorum
461 1617 661 1698 pompa
706 1637 982 1699 uteretur,
1046 1634 1191 1698 quod
1240 1650 1404 1699 quam
1451 1634 1658 1685 falsum

144 1718 315 1779 atque
340 1716 587 1778 iniquum
610 1718 701 1780 sit,
741 1716 952 1767 Christi
977 1719 1286 1783 exemplum
1308 1720 1526 1783 probat,
1565 1720 1660 1782 qui

144 1800 473 1871 non-elegit
516 1800 625 1851 sibi
669 1800 992 1866 eloquentes
1039 1805 1136 1852 aut
1181 1816 1503 1867 pomposos,
1563 1801 1660 1853 sed

142 1882 455 1947 piscatores
480 1888 537 1931 et
556 1884 807 1936 indoctos
839 1885 847 1949 Ι
876 1887 1146 1950 homines,
1173 1888 1229 1937 in
1255 1887 1473 1953 signum
1497 1887 1640 1951 quod
1663 1891 1792 1962 ffiijb

146 1963 391 2015 ecclesia
438 1980 547 2014 non
598 1964 877 2029 indigeret
932 1968 1142 2017 talibus
1193 1970 1469 2019 vafriciis.
1539 1972 1663 2021 Non

145 2049 339 2100 debuit
362 2050 533 2115 igitur
556 2051 617 2101 in
640 2062 743 2099 sua
769 2048 1182 2100 consultatione
1192 2050 1432 2101 Ioannes
1444 2053 1660 2104 Reueh-

144 2135 227 2182 lin
262 2136 320 2179 et
355 2133 413 2179 in
450 2147 623 2183 causa
657 2133 785 2185 fidei
810 2134 1017 2185 talibus
1041 2135 1125 2184 uti
1153 2136 1497 2202 ambagibus,
1539 2153 1662 2189 cum

144 2216 253 2265 hoc
288 2214 376 2263 ini
410 2231 590 2280 neque
626 2234 661 2267 a
696 2220 1048 2271 serenissimo
1083 2224 1274 2272 nostro
1311 2224 1660 2289 imperatore,

144 2312 327 2362 neque
364 2300 434 2349 ab
470 2299 860 2369 Archipresule
895 2305 1222 2369 Moguntino
1271 2304 1659 2359 demandatum

144 2386 307 2435 esset.
382 2382 493 2435 Sed
528 2385 701 2435 nimia
736 2388 1031 2440 euriositas
1067 2386 1139 2452 (si
1171 2402 1364 2441 verum
1399 2392 1568 2445 fateri
1591 2395 1657 2444 li-

146 2465 261 2531 cet)
302 2474 533 2535 ecceeat
568 2469 763 2523 oculos
802 2475 876 2521 .et
900 2486 948 2521 c.

249 2543 769 2619 (I'Decimoquarto
818 2556 1018 2609 scribit
1063 2572 1121 2609 se
1168 2572 1450 2625 nunquam
1485 2564 1661 2617 fuisse

144 2634 475 2700 discipulum
533 2654 693 2710 sacre
751 2641 1033 2712 theologie
1095 2648 1150 2694 et
1208 2645 1346 2696 dicit
1401 2663 1461 2697 se
1523 2649 1660 2699 alle—

141 2732 277 2783 gare
299 2719 617 2789 theologica
640 2726 787 2778 sieut
820 2728 1112 2793 sylvestris
1147 2730 1408 2783 sacerdos
1447 2730 1662 2797 allegat
