1942 3109
328 240 429 292 346
499 254 733 291 0111·va
772 252 968 289 GRATn
1005 249 1290 289 EPISTOLA
1323 250 1754 288 APOLOGETICA

330 358 742 423 adolescentes,
780 361 837 409 et
870 356 1148 409 studiosos
1186 352 1428 423 aliquot,
1465 358 1761 407 bonarum
1795 371 1850 403 ar-

331 446 465 493 tium
505 442 590 507 (ut
635 440 821 506 audio)
868 442 1240 508 professores,
1288 456 1432 505 quos
1485 445 1656 492 certe
1709 438 1850 505 (modo

329 528 543 595 iustitie
582 532 637 579 et
669 528 898 579 veritati
932 524 1320 593 adher-escant)
1360 526 1543 576 unice
1597 542 1790 577 omnes
1816 532 1848 572 et

330 614 563 685 colimus
600 616 656 663 et
687 625 1036 675 veneramur,
1068 612 1207 660 Tum
1243 608 1393 676 quod
1429 609 1507 659 de
1551 610 1644 660 his
1683 624 1848 675 mag-ua

331 696 552 748 Christo
586 710 716 762 spes
753 697 845 760 sit,
882 700 941 747 et
972 694 1156 745 laudis
1193 698 1249 745 et
1285 694 1467 761 glorie
1489 732 1505 758 ,
1549 696 1704 745 Tum
1741 691 1871 758 quoi·

330 796 628 848 generosus
664 782 906 844 animus,
954 782 1012 830 et
1041 778 1290 830 honestis
1323 778 1592 829 imbutus
1631 778 1850 842 discipli-

328 866 416 916 nis
440 864 648 915 Christi
670 880 927 929 sponsam
963 862 1222 931 hereticis
1259 862 1447 913 fedari
1487 864 1848 928 pravitatibus

329 966 438 1001 non
474 950 739 1015 patiatur.
798 948 882 999 De
918 947 1004 997 his
1044 952 1194 997 certe
1227 947 1368 996 viris
1405 946 1586 997 bonis
1626 947 1847 1013 optimis-

332 1049 437 1099 que
475 1032 921 1084 adolescentibus
956 1032 1234 1095 loquimur
1269 1029 1431 1079 nihil.
1490 1032 1650 1082 Nam
1688 1034 1738 1083 si
1771 1030 1846 1080 fal-

330 1118 563 1169 sissimis
589 1114 673 1182 (ut
710 1133 831 1167 cum
870 1114 1052 1183 gratia
1077 1112 1304 1178 loquar)
1330 1114 1656 1165 Reuchlini
1690 1116 1872 1191 defen-'Q

332 1202 600 1266 sionibus,
636 1216 737 1251 seu
759 1200 946 1267 potius
972 1199 1370 1251 offensionibus
1397 1200 1682 1263 abiectis,
1709 1201 1844 1253 veris·
1870 1202 1871 1267 g

330 1288 471 1336 sima
507 1285 885 1350 theologorum
920 1286 1156 1348 scripta,
1197 1286 1253 1333 et
1287 1283 1540 1335 maxime
1583 1300 1699 1354 que
1734 1288 1842 1334 intra
1870 1272 1871 1301 ᾗ

330 1370 449 1421 dies
475 1373 622 1433 σοῖο,
658 1376 757 1434 per
780 1366 1138 1419 reverendum
1161 1367 1573 1431 Inquisitorem
1599 1370 1712 1420 hoc
1738 1382 1838 1419 anm·

333 1458 461 1503 sunt
486 1453 656 1515 edita,
695 1467 804 1503 non
828 1452 1005 1503 solum
1039 1452 1243 1516 legere,
1279 1465 1475 1501 verum
1502 1453 1674 1505 iusta
1696 1455 1839 1505 lance.
1870 1500 1871 1503 ,

332 1540 388 1587 et
432 1535 501 1585 ad
546 1548 784 1600 unguem
843 1532 928 1600 (ut
974 1532 1198 1599 dicitur)
1264 1534 1426 1584 citra·
1473 1540 1608 1605 ceci
1665 1540 1872 1597 favorism]

330 1620 828 1669 dissimulationem
865 1619 1180 1669 examinare
1217 1616 1619 1687 dignarentur,
1659 1641 1750 1675 suo
1781 1624 1842 1685 (nt

332 1703 545 1771 opinor)
590 1702 877 1769 'Capnione
924 1701 1172 1766 desert0‚
1231 1703 1394 1753 nobis
1449 1709 1665 1769 procul
1713 1706 1838 1758 dnbio

331 1790 674 1857 adhererent.
752 1778 804 1837 (I
840 1786 1121 1839 Obscuros
1165 1787 1340 1853 igitur
1383 1787 1575 1840 solum
1607 1792 1842 1844 Beuehli-

330 1876 526 1938 nistas,
554 1873 877 1940 evangelice
906 1856 1198 1922 charitatis
1221 1875 1840 1944 transgressoresffloly-

329 1956 483 2022 legos
530 1971 779 2021 quoque,
840 1959 897 2007 et
942 1959 1144 2006 natura
1186 1952 1410 2005 minime
1461 1958 1721 2025 cicures,
1763 1966 1872 2023 nont}

333 2042 541 2104 absque
562 2050 565 2053 ·
590 2042 763 2091 nostri
806 2040 1187 2091 moderatione
1229 2040 1611 2109 insectamur,
1673 2046 1871 2112 dig-nos1

329 2126 578 2190 profecto
612 2139 749 2188 quos
784 2128 1011 2189 sapiens
1045 2127 1331 2190 poetarum
1369 2124 1598 2192 chorus,
1631 2131 1842 2181 nobilis·

330 2210 695 2273 simorumque
718 2210 959 2260 virorum
992 2222 1304 2272 consessum,
1337 2207 1498 2259 velut
1535 2210 1840 2279 degeneres,
1870 2228 1871 2285 2

330 2308 398 2342 ac
441 2290 876 2357 perditissimum
918 2307 1092 2357 genus
1135 2292 1410 2343 hominum
1445 2302 1736 2361 perpetuo
1770 2300 1838 2349 de·
1870 2306 1871 2313 ’

330 2380 581 2427 testetur.
654 2378 764 2440 Qui
796 2375 919 2426 dum
956 2376 1256 2427 manifesta
1292 2374 1558 2441 phrenesi
1595 2396 1666 2431 ac
1703 2364 1871 2441 furiis&

332 2460 540 2523 (nescio
576 2459 797 2525 quibus)
836 2467 947 2509 una
986 2475 1108 2509 cum
1141 2474 1240 2511 suo
1265 2458 1556 2525 Oapnione
1599 2470 1836 2535 correpti,

328 2542 471 2607 alme
498 2544 665 2605 atque
700 2542 1002 2593 laudabilis
1039 2549 1225 2611 nostre
1250 2546 1645 2601 universitatis
1670 2552 1835 2605 docto·
1870 2606 1871 2609 ,

391 2699 495 2731 ’930
528 2703 815 2768 polylegos
841 2709 887 2753 1.
908 2710 959 2756 2.
1870 2670 1871 2711 ³
