1942 3109
399 243 469 285 ⁷0.
493 239 580 296 [8.]
607 248 882 286 unum-rm
909 249 1163 286 unnom
1190 251 1253 288 ιιι
1278 251 1573 288 numae.
1646 235 1745 288 381

218 354 370 421 qnod
402 354 570 405 Iudas
605 354 674 405 de
719 355 1001 406 testiculis
1045 355 1309 421 scalpsit,
1356 357 1489 420 quia
1534 359 1747 422 patrem

217 443 473 505 sequitur
509 455 612 490 sua
647 439 859 505 proice,
895 446 958 491 nt
994 445 1081 491 est
1114 441 1353 492 Ioannes
1376 439 1745 492 Pfefferkorn.

216 527 294 575 Et
337 541 438 577 vos
486 539 672 576 omnes
719 525 854 575 estis
902 526 1069 574 amici
1111 525 1301 591 haina,
1350 526 1483 590 quia
1530 523 1746 576 ‘schlim

217 610 433 662 schlem
467 609 668 660 similis
704 610 889 676 querit
923 610 1034 660 sibi
1067 610 1340 662 similem’.
1402 610 1475 659 Et
1510 625 1641 676 ergo
1678 609 1749 659 ad

217 697 412 747 furcas
459 710 580 746 cum
624 694 782 746 vobis
831 695 1115 759 omnibus,
1170 693 1241 748 ad
1295 710 1435 760 quas
1478 694 1750 760 perducat

215 797 318 833 vos
374 781 541 830 lictor
598 795 720 830 cum
783 781 952 830 sociis
1008 781 1151 845 suis,
1219 780 1380 832 vobis
1434 779 1749 831 dicentibus

216 865 416 916 ‘Orate
452 880 551 930 pro
588 864 792 915 nobis'l
842 862 951 915 Sed
988 879 1323 930 quamquam
1359 866 1745 930 quoniamqui-

216 950 340 1002 dem
375 949 480 1000 illa
515 951 701 999 omnia.
734 963 870 999 vera
905 949 1023 998 sint
1060 953 1117 999 et
1150 949 1274 1000 ideo
1309 951 1469 1002 vobis
1494 950 1742 1015 singula-

216 1037 356 1086 riter
379 1033 451 1084 ad
475 1050 667 1084 manns
691 1033 946 1099 proprias
970 1032 1073 1083 illa
1096 1034 1301 1097 scrib0,
1325 1034 1553 1098 possitis
1576 1034 1747 1084 etiam

217 1121 349 1170 aliis
395 1118 580 1170 dicere
626 1120 724 1183 qui
756 1119 1045 1170 vobiscum
1080 1117 1277 1168 sedent
1309 1119 1367 1168 in
1402 1118 1509 1169 hac
1546 1117 1747 1168 Cathe-

217 1204 320 1254 dra
364 1204 712 1272 pestilentie,
757 1207 821 1253 ut
865 1204 1004 1253 dicit
1046 1202 1322 1254 Psalmus.
1410 1205 1486 1253 Et
1529 1219 1599 1254 ne
1646 1203 1749 1252 illa

215 1288 452 1340 veniant
495 1289 554 1338 in
598 1288 881 1354 publicum
906 1325 920 1352 ,
979 1286 1125 1351 quod
1178 1288 1353 1338 omnis
1396 1287 1557 1338 homo
1606 1287 1751 1338 sciat

220 1372 357 1437 quid
391 1377 540 1423 retro
575 1389 673 1424 vos
711 1377 826 1424 est:
861 1372 960 1424 sed
998 1372 1067 1423 ad
1104 1388 1291 1423 omnes
1326 1377 1551 1424 sanctos
1580 1371 1749 1422 michi

220 1455 423 1508 incidit
456 1473 568 1507 una
605 1457 981 1524 scrupulatio,
1028 1461 1085 1508 et
1128 1458 1297 1509 timeo
1334 1458 1477 1522 quod
1510 1459 1747 1525 Impres-

221 1559 316 1595 θοι·
350 1543 568 1595 furavit
599 1543 770 1593 michi
805 1559 971 1594 unam
1010 1543 1225 1609 copiam
1260 1543 1328 1595 de
1376 1545 1642 1610 epistola,
1692 1549 1749 1596 et

220 1629 271 1679 ni
307 1628 392 1678 sic
431 1631 545 1691 est,
580 1631 715 1678 tunc
751 1628 909 1680 iuvat
941 1628 1101 1680 vobis
1126 1628 1303 1695 deus:
1326 1633 1460 1680 tunc
1496 1647 1599 1695 ego
1634 1645 1743 1680 non

221 1727 450 1779 possum
474 1711 764 1761 resistere:
800 1710 898 1762 sed
932 1716 1119 1764 tamen
1157 1729 1258 1780 ego
1294 1714 1422 1765 volo
1457 1715 1617 1766 vobis
1650 1714 1747 1765 bo·

223 1813 353 1848 num
393 1796 684 1847 consilium
707 1794 868 1847 dare:
907 1797 1080 1849 Orate
1104 1798 1281 1849 solum
1307 1798 1449 1849 Octo
1474 1798 1593 1850 dies
1621 1813 1771 1860 con·‚

224 1883 382 1932 tinne
417 1881 573 1931 flexis
609 1882 860 1946 genubus
895 1886 952 1934 et
974 1883 1233 1934 invocate
1258 1883 1475 1934 ieiunus
1498 1888 1751 1934 sanctam

226 1964 506 2016 Helenam
531 1980 636 2034 que
659 1966 877 2018 invenit
897 1966 1129 2019 Crucem
1146 1968 1371 2018 Domini
1388 1968 1565 2018 nostri
1586 1968 1754 2019 Ihesu

228 2050 439 2103 christi.
511 2051 666 2100 Tunc
699 2052 900 2102 iterum
938 2069 1031 2104 ero
1066 2053 1319 2104 invenire
1354 2051 1512 2102 illam
1548 2051 1753 2117 episto-

227 2133 366 2190 lam.
433 2135 590 2185 Tunc
623 2151 723 2187 vos
759 2136 960 2187 iterum
994 2139 1138 2190 bene
1174 2136 1416 2188 stabitis.
1483 2138 1634 2188 Ecce
1669 2137 1753 2188 vi·

229 2218 358 2269 dete
405 2219 546 2282 quod
588 2219 691 2270 illa
738 2225 920 2273 omnia
965 2222 1117 2274 facio
1160 2223 1319 2276 vobis
1366 2239 1435 2275 ex
1480 2223 1757 2274 charitate

227 2304 528 2370 Paterna,
565 2307 714 2357 sicut
749 2323 938 2358 omnes
974 2323 1162 2359 sumus
1197 2309 1432 2372 fratres,
1480 2313 1537 2360 et
1570 2309 1756 2359 omnia

227 2388 380 2442 facio
425 2389 588 2440 vobis
635 2390 782 2454 quod
827 2392 999 2443 etiam
1030 2393 1279 2444 homines
1315 2398 1508 2444 tenent
1544 2389 1758 2457 aliquid

229 2473 297 2525 de
330 2473 512 2526 vobiS.
571 2472 776 2526 Valete
811 2491 878 2526 ex
912 2475 1305 2542 Heydelberga
1350 2476 1497 2542 apud
1532 2476 1757 2528 Claudi-

227 2565 452 2611 'cantem
486 2559 743 2625 Lipsium
787 2565 884 2624 qni
916 2561 1053 2612 sinit
1086 2576 1253 2611 unum
1296 2562 1406 2612 sibi
1452 2578 1572 2614 cum
1618 2577 1756 2612 naso

229 2645 287 2693 in
325 2644 511 2695 culum
547 2660 816 2702 currere„
859 2645 906 2695 Ο
952 2647 1167 2695 utinam
1211 2661 1309 2697 vos
1352 2646 1521 2696 etiam
1559 2647 1759 2695 essetis

233 2743 356 2779 cum
391 2727 518 2780 illo!
563 2735 699 2780 tune
742 2745 854 2781 non
896 2743 1036 2793 opus
1082 2733 1233 2778 esset
1271 2730 1432 2780 vobis
1466 2727 1762 2794 disponere

523 2865 550 2888 ..³-
