1942 3109
366 184 498 218 vor„
526 185 568 218 1.
641 179 710 220 12.
745 182 1109 220 nummum
1136 181 1455 220 isannem.
1614 169 1683 222 33

141 289 240 352 qui
275 293 360 338 est
393 287 705 352 mirabilis,
745 291 804 338 et
839 292 927 338 est
960 288 1097 337 talis
1135 304 1245 338 res.
1314 289 1427 339 Vos
1462 288 1679 340 debetis

137 373 460 438 intelligere
507 373 655 436 quod
700 373 798 422 hie
836 377 922 422 est
956 371 1231 422 terribilis
1264 373 1435 436 fama,
1474 378 1531 424 et
1564 389 1675 424 om-

139 474 240 507 nes
287 457 484 506 dieunt
527 457 676 522 quod
721 459 782 506 in
841 459 999 507 curia
1053 472 1283 507 romana
1337 473 1509 508 eausa
1564 473 1679 506 ma-

135 543 442 606 gistrorum
499 546 813 592 nostrorum
881 541 1031 592 male
1100 546 1244 605 stat,
1304 543 1439 605 quia
1485 541 1681 592 dieunt

137 626 288 690 quod
355 627 520 691 Papa
575 627 702 677 vult
759 627 1111 676 autentizare
1170 629 1507 678 sententiam
1568 643 1675 695 que

143 716 272 762 ante
348 726 560 771 annum
625 711 748 760 lata
807 715 894 764 est
951 711 1012 760 in
1072 710 1234 776 Spira
1294 729 1395 776 pro
1453 712 1678 764 doctore

143 795 434 846 Reuehlin.
511 796 732 859 quando
780 796 993 859 audivi,
1038 799 1175 846 tune
1221 799 1305 848 ita
1340 798 1500 848 timui
1534 797 1679 862 quod

147 897 257 930 non
307 883 464 946 potui
511 880 742 944 aliquod
783 881 1017 932 verbum
1062 879 1275 945 dicere,
1324 886 1381 932 et
1414 883 1499 932 fui
1531 884 1681 932 sieut

145 969 364 1029 mutua,
407 969 464 1015 et
507 981 608 1030 per
653 965 794 1015 duas
829 968 1027 1016 noctes
1062 981 1175 1014 non
1210 965 1459 1016 dormivi.
1532 968 1679 1029 Quia

147 1051 321 1099 amici
353 1049 622 1100 Reuehlin
657 1049 908 1114 gaudent
945 1053 1004 1098 et
1035 1048 1246 1102 vadunt
1278 1052 1489 1114 ubique
1512 1052 1677 1100 semi-

145 1139 357 1184 nantes
392 1135 554 1184 istam
585 1135 824 1184 famam:
871 1137 931 1184 et
966 1149 1071 1198 ego
1106 1150 1217 1184 non
1255 1133 1537 1184 crederem
1568 1135 1680 1184 nisi

142 1218 415 1270 vidissem
445 1234 612 1269 unam
645 1219 898 1268 litteram
933 1219 1097 1269 unius
1132 1220 1389 1284 magistri
1407 1221 1585 1270 nostri
1608 1219 1675 1270 de

144 1303 340 1355 ordine
377 1303 808 1370 predicatorum,
843 1305 904 1354 in
939 1317 1051 1366 qua
1076 1305 1303 1368 scripsit
1326 1319 1450 1354 cum
1472 1320 1676 1370 magna

141 1389 388 1438 tristitia
433 1387 591 1436 illam
635 1388 959 1438 novitatem.
1031 1389 1105 1436 Et
1152 1404 1277 1438 eum
1310 1389 1417 1438 hoe
1452 1389 1680 1452 scripsit

145 1471 298 1538 quod
331 1472 490 1538 Papa
526 1473 778 1538 permisit
813 1471 960 1536 quod
986 1471 1283 1536 Speculum
1318 1472 1547 1524 oculare
1582 1471 1677 1523 de·

147 1558 248 1608 bet
280 1557 342 1606 in
379 1557 534 1606 euria
569 1571 797 1607 romana
831 1557 1093 1621 imprimi,
1132 1561 1188 1608 et
1220 1562 1557 1610 mercatores
1582 1557 1675 1608 de-

145 1643 286 1694 bent
319 1640 590 1706 vendere,
627 1646 684 1692 et
717 1643 892 1692 omnis
929 1641 1091 1692 homo
1124 1640 1293 1692 debet
1327 1642 1535 1707 legere.
1604 1641 1679 1690 Et

145 1727 418 1790 magister
449 1730 640 1778 noster
671 1724 1047 1778 Hoehstratus
1082 1726 1265 1777 voluit
1289 1728 1441 1778 exire
1468 1726 1677 1776 euriam

137 1825 432 1861 romanam
485 1815 545 1862 et
588 1811 770 1862 voluit
821 1812 1011 1860 iurare
1064 1815 1483 1876 paupertatem,
1540 1815 1678 1860 tune

145 1894 364 1946 iudices
395 1909 507 1945 non
541 1895 836 1946 voluerunt
869 1909 997 1947 eum
1022 1894 1316 1949 dimittere.
1390 1894 1499 1946 Sed
1524 1894 1675 1946 dixe-

146 1983 278 2028 runt
324 1979 468 2042 quod
511 1979 680 2030 debet
713 1982 1015 2046 expectare
1052 1978 1243 2043 finem,
1294 1985 1350 2029 et
1384 1979 1529 2042 quod
1562 1995 1675 2030 non

145 2068 336 2129 potest
367 2065 555 2115 iurare
590 2068 1003 2130 paupertatem,
1043 2065 1175 2127 quia
1210 2065 1447 2114 intravit
1470 2065 1675 2116 Urbem

145 2149 375 2198 Romam
419 2164 548 2198 eum
587 2149 770 2198 tribus
821 2149 1008 2213 equis,
1058 2152 1115 2198 et
1157 2149 1411 2198 in-euria
1446 2163 1675 2201 romana

143 2232 346 2282 habuit
378 2233 813 2296 commensaleS,
852 2236 910 2282 et
945 2234 1201 2298 exposuit
1234 2249 1468 2298 magnas
1501 2238 1675 2299 peeu-

143 2317 302 2380 nias,
341 2321 397 2367 et
429 2318 754 2382 propinavit
791 2315 1219 2379 Cardinalibus,
1268 2322 1323 2366 et
1356 2319 1676 2384 Episcopi&

147 2404 206 2450 et
239 2401 589 2454 auditoribus
628 2401 952 2453 consistorii
984 2399 1161 2452 multa
1183 2415 1427 2467 munera,
1466 2407 1525 2453 et
1547 2417 1675 2469 pro-

147 2489 340 2550 pterea
374 2501 487 2536 non
523 2484 691 2545 debet
713 2487 900 2534 iurare
925 2488 1327 2550 paupertatem.
1400 2487 1447 2538 Ο
1473 2489 1677 2536 saneta·

145 2567 356 2633 Maria,
393 2568 534 2633 quid
565 2568 824 2620 volumus
859 2583 1006 2618 nuno
1040 2569 1249 2632 faeere,
1284 2571 1333 2619 si
1369 2569 1679 2632 Theologia

147 2653 230 2702 ita
267 2655 570 2718 spernitur,
611 2651 759 2716 quod
793 2667 935 2702 unus
969 2653 1173 2701 iurista
1196 2651 1362 2700 debet
1384 2649 1683 2714 prevalere

1348 2730 1381 2777 3
