1942 3109
85 279 504 316 {MENTA'HONES
543 281 850 318 OBSOVROR.
880 282 1187 320 nnvcflnm.
1214 281 1391 319 NOVAE.
1460 265 1560 318 319

88 400 198 449 nge
251 383 476 448 lateque
536 387 594 434 in
652 389 798 452 terre
855 387 1162 438 visceribus
1221 387 1558 450 dominante,

83 470 142 518 .is
183 467 252 517 ad
286 485 369 519 me
405 469 610 520 litteris
656 471 1007 521 disseruisti?
1076 471 1248 521 Falsa
1285 474 1415 521 sunt
1450 485 1557 538 que

83 571 94 602 ε
134 553 330 602 inferis
368 554 577 618 garrit-e
613 555 780 605 soleS.
817 556 958 606 Nam
986 554 1212 607 Servius
1249 557 1306 604 in
1341 559 1555 605 sextum

83 637 266 703 ergilii
311 638 516 688 inferos
561 643 732 706 negat
775 643 1002 706 propter
1048 640 1166 690 eius
1214 640 1553 690 soliditatem

84 765 86 770 ,
129 725 318 772 centro
352 726 498 791 terre
537 725 810 774 contineri
845 739 1025 790 posse.
1064 725 1360 773 Lucretius
1387 724 1554 773 etiam

83 807 211 857 ullos
248 814 370 858 esse
406 808 616 858 inferos
657 810 864 859 cecinit
897 809 1004 859 hoc
1038 807 1224 858 modo:

167 890 276 951 Qui
319 905 498 954 neque
548 897 677 942 sunt
709 909 974 959 usquam,
1022 909 1125 943 nec
1162 896 1393 958 possunt
1430 909 1551 943 esse

568 978 837 1043 profecto·

91 1075 122 1107 c
160 1057 508 1123 Pythagoras
546 1061 691 1126 apud
730 1061 987 1112 Ovidium
1023 1063 1245 1126 inquit:

167 1143 311 1206 Quid
347 1143 550 1210 Styga,
589 1145 720 1209 quid
755 1149 1015 1198 tenebras
1054 1152 1109 1196 et
1145 1146 1366 1196 nomina
1400 1162 1551 1198 vana

569 1231 797 1296 timetiS,

163 1299 457 1364 Materiem
489 1316 715 1365 vatum?

83 1398 351 1447 uinetiam
385 1398 609 1448 Marcus
645 1399 864 1449 Tullius
901 1400 956 1448 in
995 1403 1246 1452 oratione
1284 1418 1381 1468 pro
1421 1401 1550 1451 Clu-

83 1484 179 1532 .tio
250 1482 400 1532 falsa
459 1498 607 1548 esse,
679 1499 784 1552 que
840 1485 906 1534 de
976 1485 1171 1536 inferis
1240 1487 1549 1550 traduntur,

83 1567 408 1617 dubitanter
477 1567 732 1618 affirmat.
828 1569 1071 1620 Stultum
1140 1576 1225 1622 est
1292 1587 1447 1636 ergo,
1518 1589 1548 1622 o

84 1652 223 1714 ilte,
269 1652 484 1702 incerta
529 1668 626 1718 pro
673 1654 840 1719 certis
875 1654 1112 1720 habere,
1162 1671 1231 1705 ac
1266 1655 1416 1705 falsa
1450 1672 1548 1722 pro

85 1738 189 1785 ris,

162 1819 434 1882 Qualibus
494 1824 552 1871 in
608 1823 854 1874 tenebris
907 1818 931 1888 Η
985 1824 1133 1890 vite,
1206 1823 1541 1886 quantisque
1566 1821 1651 1887 ejb

565 1907 790 1973 periclis

155 1989 398 2054 Degitur
432 1990 537 2040 hoc
575 1991 665 2058 evi
703 1991 1084 2056 quodcumque
1123 1993 1243 2042 est?

97 2090 217 2124 non
253 2077 384 2123 sunt
418 2075 615 2139 inferi,
665 2077 713 2124 si
749 2091 858 2125 non
895 2081 1024 2126 sunt
1058 2091 1231 2142 regna
1276 2075 1547 2140 plutonia,

101 2158 344 2220 elysium
391 2172 459 2207 ac
508 2159 820 2226 chymeram
867 2161 1027 2209 iuxta
1072 2160 1367 2224 habemus,
1416 2159 1547 2223 quid

84 2257 255 2294 secro
293 2241 452 2291 nobis
490 2245 626 2306 erit,
674 2245 770 2307 qui
813 2260 944 2310 rege
994 2244 1102 2312 celi
1140 2246 1451 2310 contempto
1492 2247 1548 2292 et

83 2325 325 2379 &tutibus
371 2325 608 2390 denique
654 2328 904 2378 omnibus
958 2330 1017 2378 in
1063 2329 1291 2379 exilium
1345 2329 1546 2391 missis,

83 2427 164 2463 :er
211 2425 406 2460 saxum
451 2415 508 2460 et
553 2426 716 2461 sacra
763 2416 1029 2477 perpetuo
1086 2413 1545 2463 lamentabimur?

83 2497 181 2548 tle.
