1942 3109
177 265 242 301 nn
267 263 583 302 anunm
609 263 872 302 smmum
895 262 1141 309 nrvsovn
1166 263 1445 302 arr-now.
1507 251 1605 302 125

107 370 648 436 appropinquationis
683 369 888 436 Messie
925 383 1087 434 quem
1124 370 1193 421 ad
1238 371 1385 421 huno
1428 385 1604 435 usque

104 454 238 504 diem
273 458 587 521 expectant.
657 455 732 505 Et
767 456 934 506 sicuti
965 455 1247 506 veraciter
1278 471 1399 505 sum
1422 456 1606 505 faetus

105 531 323 604 certior,
368 539 644 592 Iohannes
688 539 960 590 Reuohlin
1006 539 1117 590 fuit
1158 540 1463 592 wormacii
1506 540 1607 590 illo

100 628 333 691 tempore
369 625 460 676 vel
495 625 744 676 breviter
775 630 906 675 ante
941 623 1049 674 hoe
1082 627 1298 690 tempus
1332 629 1432 675 aut
1462 629 1607 690 post,

99 712 154 759 in
196 709 442 776 hospicio
487 709 635 776 apud
681 707 962 760 doctorem
998 711 1250 760 Werner.
1322 707 1429 760 Sed
1476 707 1607 773 quid

97 795 306 860 negocii
349 795 460 850 sibi
503 795 678 846 fuerit
707 794 1005 846 Wormatii
1048 795 1259 859 ignoro.
1327 794 1451 844 Hoc
1484 796 1609 844 tan-

97 883 206 929 tum
239 881 354 930 scio
391 878 538 944 quod
573 883 822 944 tempore
867 879 1107 944 quodam
1151 878 1455 930 meridiano
1501 877 1607 928 duo

95 964 292 1014 Rabini
342 963 636 1032 Iudeorum
689 965 970 1029 petierunt
1022 963 1177 1028 loqui
1229 979 1353 1014 eum
1395 963 1607 1014 Ioanne

95 1047 393 1113 Reuehlin‚
431 1047 577 1112 quod
614 1063 736 1098 oum
771 1048 1092 1113 offecisset,
1128 1048 1251 1114 ipse
1276 1063 1398 1098 oum
1421 1047 1607 1117 Iudeis

97 1147 344 1199 egressus
405 1136 491 1184 est
547 1132 928 1184 diversorium.
1020 1133 1095 1182 Et
1152 1133 1286 1197 quid
1340 1135 1489 1184 inter
1546 1147 1607 1182 se

94 1219 304 1282 egerint
341 1222 439 1267 aut
468 1215 477 1282 1
507 1218 882 1269 tractaverint
912 1218 1049 1268 mihi
1082 1233 1191 1269 non
1228 1222 1317 1269 est
1362 1225 1605 1283 comper-
1624 1219 1674 1280 3

92 1306 222 1351 tum.
293 1299 402 1354 Sed
438 1301 546 1352 hoc
580 1301 722 1352 bene
757 1301 876 1352 seio
913 1302 1058 1367 qnod
1080 1301 1238 1371 Iudei
1272 1317 1419 1353 nune
1442 1301 1607 1352 Ioan-

90 1401 214 1436 nem
225 1385 497 1436 Reuehlin
510 1386 686 1450 pluris
703 1385 922 1437 faciunt
939 1391 999 1437 et
1014 1388 1345 1439 sanctiorem
1360 1387 1611 1439 iudicant

90 1486 255 1536 quam
303 1485 548 1536 unquam
601 1469 878 1536 Moysem,
939 1471 1162 1522 Heliam
1216 1477 1314 1523 aut
1363 1473 1609 1537 reliquos

85 1556 386 1622 prophetas
421 1555 757 1606 iudicarunt.
827 1555 902 1605 Et
944 1557 1079 1607 talis
1114 1558 1341 1608 malicia
1376 1559 1607 1623 primum

85 1644 211 1691 orta
258 1643 344 1690 est
388 1656 456 1691 ex
497 1641 782 1692 sententia
825 1639 1103 1706 Spirensi,
1150 1649 1185 1691 a
1230 1655 1341 1706 qua
1387 1641 1607 1708 quidem

82 1725 372 1776 sententia
403 1723 760 1776 Reverendus
805 1725 1002 1776 doctor
1033 1725 1271 1777 Iacobus
1305 1727 1610 1778 Hoehatra-

77 1816 181 1860 ten
215 1809 464 1878 heretice
509 1811 808 1875 pravitatis
852 1810 1154 1875 inquisitor
1200 1809 1271 1860 ad
1317 1812 1607 1862 sanctissi-

75 1908 231 1945 mum
275 1908 479 1959 papam
523 1895 834 1961 appellavit
885 1897 1239 1962 Quapropter
1282 1897 1340 1947 in
1384 1896 1609 1961 propria

72 1992 326 2046 persona
359 1978 496 2029 illuc
521 1981 796 2047 evestigio
817 1980 1104 2046 profectus
1132 1984 1219 2031 est
1252 1979 1322 2030 ad
1350 1981 1607 2030 christia-

69 2077 210 2114 nam
246 2064 544 2116 veritatem
575 2066 935 2118 obtinendam
974 2069 1051 2116 .et
1076 2081 1122 2115 c.

187 2139 242 2196 (Ι
289 2147 547 2198 Ceterum
599 2153 664 2198 ut
713 2153 1101 2202 sanctissimus
1154 2154 1345 2202 noster
1397 2150 1455 2199 in
1502 2148 1609 2199 hac

67 2245 260 2300 cansa
295 2231 518 2294 penitus
555 2237 705 2284 esset
737 2236 1013 2286 instructa
1050 2241 1105 2288 et
1132 2240 1251 2288 tota
1276 2233 1608 2286 Christiani-

62 2326 169 2370 tas
207 2314 399 2380 potius
436 2312 725 2380 adhereret
747 2320 937 2370 multis
960 2321 1423 2373 universitatibus
1450 2320 1607 2370 aliis-

63 2415 188 2470 que
251 2398 576 2450 doctoribus
633 2413 702 2449 ac
761 2401 1091 2455 clarissimis
1148 2421 1393 2458 seorsum
1450 2405 1606 2467 viris,

61 2500 251 2554 quam
295 2485 397 2536 uni
440 2483 590 2536 laico
645 2488 744 2536 aut
797 2484 1011 2542 duobus
1059 2483 1308 2540 tribueve
1364 2505 1464 2554 per
1522 2490 1607 2540 fa-

57 2586 271 2626 vorem
307 2571 550 2621 fortasse
585 2571 923 2636 nimiamque
967 2574 1451 2641 precipitationem
1492 2589 1606 2626 rem

55 2662 265 2724 ipsam
303 2655 482 2708 minus
518 2657 1059 2722 bene*librantibu8‚
1098 2658 1245 2710 alma
1269 2661 1461 2708 nostra
1484 2662 1605 2708 uni-

53 2740 334 2798 versitas
361 2739 705 2796 Coloniensis
729 2748 904 2796 totam
932 2759 1158 2796 eausam
1196 2759 1317 2793 eum
1354 2743 1607 2792 omnibus
