1942 3109
190 257 394 297 usxnr.
418 255 495 293 An
518 254 784 291 suerunt.
808 252 1116 289 uoffinnsr.
1143 252 1199 287 1).
1221 247 1262 288 3.
1279 250 1394 289 mr.
1417 241 1576 297 (1511.)
1641 236 1708 287 57

191 368 247 415 et
280 362 455 413 totius
502 358 725 425 negocii
767 373 857 407 res
902 360 1060 423 geste
1118 358 1178 407 in
1227 356 1569 407 cancellaria
1606 355 1708 423 Oe-

190 462 349 513 saree
384 444 705 495 Maiestatis
742 444 1114 495 continentur.
1189 442 1372 504 Quare
1417 441 1519 491 sub
1563 442 1710 505 peri-

192 531 319 583 culo
350 532 471 597 vite
510 533 567 581 et
600 532 775 579 morte
820 528 1050 591 publica.
1095 540 1309 592 semper
1343 542 1436 577 ero
1480 528 1711 590 paratus

190 618 305 667 ista
338 616 595 681 probare,
659 605 712 664 ΙΙ
745 614 887 663 Item
924 611 1070 675 quod
1103 615 1218 662 tres
1253 611 1343 661 illi
1373 610 1482 661 viri
1505 610 1710 660 doctis-

190 702 315 751 simi
350 704 409 751 et
440 701 561 752 veri
594 698 954 765 superioriste
1007 701 1176 760 atque
1211 697 1390 762 ipsius
1425 695 1594 745 amici
1627 695 1711 745 fe-

192 790 413 849 cerunt,
482 786 589 837 hoo
659 786 871 837 factum
930 783 1040 833 fuit
1097 782 1418 847 priusquam
1473 780 1712 831 Ioannes

186 870 461 921 Reuchlin
504 885 663 921 suum
709 868 996 934 speculum
1049 867 1274 917 oculare
1333 866 1711 917 theutonicum

190 956 429 1020 imprimi
464 955 602 1004 fecit
626 957 683 1003 et
708 957 1010 1015 antequam
1031 952 1430 1001 universitates
1455 966 1514 1001 se
1539 952 1710 1001 inter-

190 1041 460 1105 ponerent
503 1038 580 1088 Et
612 1039 910 1103 propterea
960 1036 1188 1099 scripsit
1231 1036 1290 1085 in
1335 1034 1564 1099 speculo
1611 1049 1712 1085 suo

190 1123 407 1175 oculari
485 1121 721 1173 articulo
760 1136 919 1171 1111.
958 1134 1182 1171 suarum
1271 1119 1712 1169 declarationum

194 1212 389 1258 contra
424 1207 584 1257 illum
608 1206 1064 1258 carthusiensem
1086 1219 1255 1255 unum
1279 1221 1348 1255 ex
1382 1205 1559 1255 tribus
1593 1204 1712 1255 illis

190 1292 605 1360 prenominatis.
681 1296 737 1341 et
782 1292 866 1341 sic
914 1306 1020 1341 neo
1054 1290 1146 1341 illi
1177 1304 1282 1339 nec
1319 1288 1446 1339 aliis
1480 1304 1580 1354 per
1613 1291 1712 1339 im-

189 1376 622 1445 pudentissimas
648 1392 777 1427 suas
803 1376 1116 1426 invectivas
1141 1375 1412 1441 pepercit,
1451 1376 1548 1439 qui
1583 1388 1711 1424 suos

191 1477 404 1513 errores
440 1462 585 1513 ferre
621 1476 732 1511 non
766 1464 1066 1527 potuerunt
1103 1463 1159 1511 et
1193 1458 1315 1509 sola
1350 1458 1592 1511 veritate
1627 1460 1710 1509 in-

187 1551 523 1614 pugnarunt.
603 1547 807 1598 Futilis
854 1546 1028 1613 igitur
1074 1545 1345 1609 obiect10‚
1401 1544 1547 1609 quod
1591 1558 1711 1609 noe,

190 1634 391 1695 quibus
450 1632 629 1683 indies
683 1631 945 1681 mandata
997 1632 1348 1696 imperatoris
1400 1630 1711 1693 mittuntur,

188 1717 365 1781 ipsius
410 1715 791 1766 theutonicum
834 1714 1152 1779 intelligere
1188 1730 1299 1765 non
1341 1716 1710 1779 potuissemus

198 1804 322 1849 .etc.
396 1799 505 1850 Sed
537 1816 684 1851 nunc
730 1799 799 1850 ad
848 1798 1354 1864 conltinuationem
1389 1799 1531 1848 facti
1567 1798 1712 1862 quod
1748 1800 1798 1854 ΩΒ

186 1884 368 1933 tribus
402 1882 520 1932 illis
544 1900 644 1947 per
668 1882 966 1951 cesaream
989 1885 1341 1934 maiestatem
1367 1884 1712 1934 commissum
1753 1929 1757 1932 .

190 1967 304 2020 fuit
338 1970 696 2017 revertamur.

244 2114 247 2116 Δ
298 2080 349 2137 (l
384 2086 690 2151 Negocium
714 2083 856 2134 illud
882 2082 1028 2147 quod
1051 2099 1150 2149 per
1173 2088 1288 2134 tres
1312 2083 1441 2134 illos
1469 2083 1714 2136 celeber·

190 2174 358 2222 rimos
393 2172 543 2222 viros
578 2170 791 2219 factum
826 2169 1043 2233 fuerat,
1097 2184 1218 2219 cum
1265 2168 1393 2219 aliis
1433 2169 1713 2221 consulta·

186 2257 435 2307 tionibus
462 2254 702 2323 Cesarea
736 2256 1005 2305 maiestas
1042 2256 1101 2305 in
1133 2256 1282 2305 bona
1323 2256 1574 2307 custodia
1599 2271 1713 2307 ser-

184 2358 323 2397 vare
368 2341 509 2392 fecit
556 2355 624 2391 ac
670 2354 772 2389 sua
817 2341 1093 2391 serenitas
1139 2339 1465 2406 Moguntino
1519 2340 1712 2390 Archi-

190 2428 453 2493 episcopo
488 2424 773 2490 respondit
818 2428 875 2475 et
918 2440 1020 2489 per
1053 2424 1275 2475 litteras
1312 2425 1539 2491 scripsit
1573 2440 1712 2489 quas

188 2510 411 2576 quidem
448 2508 616 2561 attuli
649 2509 984 2577 Reverentie
1019 2510 1214 2575 ipsiuS.

290 2646 811 2699 Maximilianus
848 2646 938 2698 dei
961 2646 1149 2710 gratia
1188 2649 1272 2697 .et
1296 2663 1343 2697 c.
1391 2645 1712 2697 Reverende

188 2731 449 2797 princeps
500 2747 673 2796 nepos
720 2735 777 2781 et
823 2730 1058 2782 elector:
1107 2734 1199 2796 tue
1255 2729 1548 2793 charitatis
1585 2742 1714 2778 con-
