1942 3109
226 223 459 268 on'rvnu
499 220 695 269 GRA'rn
730 220 1010 265 firrsrots
1045 220 1454 270 Aroma-arxes.
1525 207 1624 269 351

70 334 313 386 mentis
351 336 406 383 et
439 334 498 383 in
532 334 709 383 nostri
743 334 986 384 muneris
1033 349 1164 399 erga
1201 332 1362 385 deum
1397 336 1626 386 admini-

70 419 379 472 stratione
433 418 615 468 omnia
672 416 968 483 prudenter
1012 421 1334 481 matureque
1381 435 1625 484 agamus.

73 504 298 555 ‘Nemo
343 506 585 553 vestrum
626 500 897 567 (apostolo
934 500 1098 567 teste)
1137 502 1374 567 gratiam
1421 502 1511 553 dei
1545 508 1623 553 in-

70 602 345 640 vacuum
391 586 643 652 recipiat.
715 586 864 636 Ecce
911 602 1059 635 nunc
1105 590 1317 651 tempus
1364 594 1624 652 accepta-

74 672 253 735 bile,
304 686 433 722 ecce
470 687 616 721 nunc
651 670 768 719 dies
806 670 1036 733 salatia,
1072 671 1279 721 nemini-
1311 670 1508 721 dantes
1543 673 1625 722 ul—

70 759 216 808 lam
252 755 632 820 offensionem,
668 760 730 805 ut
764 769 872 803 non
895 754 1243 819 vituperetur
1262 754 1625 811 ministerium

64 845 379 902 nostrum,
434 840 809 889 Exhibeamus
850 839 1215 903 nosmetipsos
1261 840 1319 889 in
1374 841 1624 891 omnibus

72 925 255 975 sicut
278 921 369 972 dei
391 924 691 989 ministros,
716 924 775 971 in
800 916 1099 986 suavitate,
1124 924 1181 972 in
1206 924 1622 989 spiritusancto‚

70 1011 151 1059 in
199 1006 474 1057 charitate
510 1022 619 1056 non
654 1006 804 1070 ficta,
839 1006 897 1055 in
930 1008 1100 1057 verbo
1126 1008 1398 1073 veritatis,
1433 1010 1491 1058 in
1513 1010 1622 1060 vir-

74 1095 223 1143 tute
260 1090 385 1141 dei’.
429 1091 550 1141 Non
586 1090 729 1139 enim
761 1090 852 1141 vel
889 1090 959 1140 ad
992 1091 1178 1141 ludum
1213 1107 1248 1141 a
1280 1097 1502 1157 natura,
1532 1094 1623 1143 vel

73 1176 167 1228 ad
216 1175 400 1225 iocum
434 1176 615 1241 geniti
660 1189 873 1238 sumus,
924 1173 1019 1223 sed
1057 1174 1126 1223 ad
1167 1174 1350 1226 studia
1387 1176 1620 1244 quedam

69 1260 314 1312 maiora
371 1262 539 1323 atque
598 1259 882 1324 graviora,
944 1273 1050 1325 que
1107 1260 1165 1308 in
1207 1260 1519 1310 humilitate
1566 1266 1624 1310 et

70 1342 521 1395 mansuetudine
560 1343 783 1407 spiritus
830 1358 938 1392 non
985 1344 1216 1393 obscure
1255 1344 1622 1394 continentur.

71 1431 149 1480 Si
203 1443 314 1478 uno
360 1426 646 1477 dumtaxat
700 1427 1096 1491 epigrammate
1143 1426 1481 1493 Capnionem
1525 1444 1620 1478 no-

73 1519 270 1564 strum
317 1512 671 1576 offendimuS,
717 1528 826 1562 non
870 1512 996 1577 plus
1043 1528 1170 1577 ego,
1219 1527 1379 1576 quam
1418 1512 1620 1577 reliqui

72 1600 439 1647 diversarum
486 1597 907 1647 universitatum
953 1596 1206 1646 doctores
1253 1598 1614 1648 offenderunt.

70 1682 237 1732 Nam
260 1683 323 1727 ut
358 1694 524 1743 supra
547 1680 801 1742 diximus,
838 1679 992 1747 aliud
1019 1685 1104 1731 est
1126 1681 1191 1731 de
1217 1682 1397 1748 heresi
1421 1688 1615 1733 sancte

74 1768 145 1815 et
186 1761 361 1824 iuste,
408 1760 559 1811 aliud
606 1762 671 1811 de
707 1763 859 1812 vitiis
902 1764 1156 1812 humanis
1195 1760 1322 1831 (que
1369 1765 1510 1814 nihil
1546 1764 1615 1813 ad

74 1861 209 1898 rem
256 1844 503 1908 faciunt,
548 1848 604 1894 et
637 1845 785 1895 falso
825 1860 857 1893 a
892 1846 1050 1895 vobis
1097 1847 1416 1911 excogitata
1463 1848 1613 1915 sunt)

73 1932 219 1999 plus
257 1944 400 1996 equo
437 1924 785 1981 contendere.
856 1926 1106 1996 ‘Querite
1139 1929 1441 1995 dominum,
1489 1932 1614 1981 dum

74 2014 336 2066 inveniri
379 2016 590 2077 potest,
634 2012 891 2062 invocate
938 2027 1088 2075 eum,
1135 2010 1261 2061 dum
1306 2022 1474 2078 prope
1511 2020 1612 2065 est.

76 2096 465 2161 Derelinquat
510 2096 710 2161 impius
754 2095 903 2145 viam
949 2111 1133 2158 suam,
1182 2098 1238 2145 et
1270 2098 1358 2147 vir
1391 2097 1612 2161 iniquus

82 2182 467 2247 cogitationes
523 2194 679 2244 sua8‚
742 2181 799 2229 et
851 2182 1165 2229 revertatur
1219 2179 1290 2237 ad
1340 2179 1614 2231 dominum

82 2272 150 2319 et
186 2265 537 2317 miserebitur
572 2262 717 2327 eius,
765 2266 821 2313 et
857 2262 926 2312 ad
962 2262 1120 2313 deum
1165 2268 1434 2329 nostrum,
1481 2280 1612 2330 quo·

48 2352 246 2404 'vniam
282 2349 485 2401 multus
524 2351 609 2399 est
646 2347 715 2397 ad
750 2345 1178 2412 ignoscendum'.
1238 2348 1360 2414 Hec
1395 2350 1611 2401 Esaias.

88 2427 149 2485 (Ι
174 2434 451 2499 Rogamus
476 2432 667 2501 itaque
702 2447 803 2482 vos
841 2435 898 2482 et
932 2431 1283 2489 obsecramus
1310 2430 1366 2480 in
1391 2430 1609 2483 domino

80 2524 251 2589 Iesu,
302 2516 397 2583 qui
450 2532 550 2567 nos
604 2514 835 2571 redemit
875 2514 1126 2581 precioso
1171 2530 1269 2566 suo
1313 2517 1608 2583 sanguine,

162 2687 205 2722 ¹³
241 2688 488 2754 ob-lcure
514 2688 561 2737 1.
