1942 3109
292 185 396 246 340
465 201 696 248 oa‘rvmr
735 203 933 247 ann-1⁴11
969 203 1254 248 nfirs'rots
1290 205 1733 254 AtotodfifrcA.

289 317 348 364 in
383 330 480 366 ore
515 316 779 379 omnium,
825 313 981 367 ‘Sero
1027 317 1257 381 sapiunt
1294 318 1609 387 Phryges’.
1679 321 1814 373 Nobis

288 401 543 465 profecto
589 399 651 466 (a
697 400 896 464 quibus
951 415 1236 465 nunquam
1282 401 1508 456 offensi
1554 405 1723 473 estis)
1758 409 1813 455 in·

291 484 456 549 digne
502 489 558 536 et
601 486 872 536 immerito
917 484 1183 551 illuditis,
1247 492 1313 538 at
1361 489 1515 542 deus
1568 493 1699 558 ipse
1735 506 1813 541 non

287 568 564 619 irridetur.
607 570 766 619 Dicit
788 571 979 634 itaque
1018 585 1139 620 cum
1173 573 1468 638 propheta
1506 574 1689 629 ‘Gens
1721 578 1811 628 abs·

290 668 398 717 que
435 653 696 718 consilio,
740 655 956 705 utinam
1001 659 1265 722 saperent
1314 663 1375 708 et
1420 660 1831 729 intellig-erent.²

291 753 359 788 ac
393 739 693 790 novissima
728 739 1125 807 previderentl’
1171 741 1295 808 Hec
1320 745 1605 807 profecto
1643 747 1809 798 nemini

289 826 534 874 nostrum
577 823 824 889 legitime
872 827 1106 889 possunt
1142 825 1347 892 obiici,
1396 843 1589 893 quum
1640 833 1805 884 similis

212 913 218 920 ‘
292 906 619 958 ediderimus
653 921 950 973 nunquam.
998 911 1080 960 Eo
1116 925 1262 960 nunc
1300 912 1681 968 calamitatis
1714 916 1809 981 (heu

287 1006 388 1042 nos
421 990 712 1057 infelices)
751 997 838 1044 est
871 1009 1191 1059 processum
1225 996 1284 1044 in
1322 998 1599 1052 eeclesia
1635 1001 1741 1066 dei,
1768 1005 1811 1050 ut

288 1091 385 1127 ora
419 1078 538 1128 fere
573 1079 813 1128 omnium
851 1077 1016 1144 (proh
1048 1079 1225 1144 pudor
1266 1082 1439 1132 nefas
1484 1090 1585 1136 est
1626 1084 1826 1146 dicere)1

290 1159 632 1212 ethnicorum
675 1163 855 1227 magis
897 1177 1063 1227 quam
1101 1162 1569 1220 Christianorum
1618 1177 1807 1223 senten-

287 1243 381 1296 tiis
407 1243 704 1300 abundent.
739 1246 922 1298 Pluris
957 1251 1153 1312 poetas
1176 1248 1391 1314 facitis,
1432 1266 1623 1317 quam
1650 1270 1805 1308 saeros
1843 1305 1844 1316 γ

288 1330 526 1397 ecclesie
571 1329 850 1394 doctores,
898 1335 956 1380 et
1000 1333 1057 1380 in
1104 1333 1225 1383 sola
1268 1333 1588 1389 verborum
1636 1356 1806 1408 pompa

286 1429 501 1465 omnem
546 1419 733 1481 vestre
786 1413 1153 1467 beatitudinis
1209 1417 1455 1482 gloriam
1508 1424 1805 1478 collocatis.

283 1498 430 1547 Hinc
454 1499 522 1561 inj
545 1497 785 1560 publicis
820 1501 935 1547 tum
971 1499 1512 1571 declamationibus,
1550 1513 1681 1562 tum
1712 1517 1827 1561 ora-f,

283 1581 547 1642 tionibus,
583 1594 783 1631 nomen
816 1581 946 1632 Iesu
984 1583 1179 1634 christi
1212 1585 1489 1640 invocare
1530 1593 1795 1647 ridiculum

283 1663 446 1714 vobis
484 1677 604 1716 esse
639 1664 876 1717 videtur.
923 1667 1074 1718 Hinc
1109 1671 1409 1736 evangelia
1432 1675 1505 1724 in
1532 1683 1790 1746 reprobum

286 1750 562 1816 exponitis
595 1747 834 1816 sensum,
863 1755 919 1802 et
943 1751 1089 1802 omni
1120 1757 1236 1803 tum
1258 1755 1477 1822 vultus,
1504 1763 1639 1814 tum
1664 1763 1799 1815 animi

271 1823 540 1900 ‘deposita
575 1836 872 1901 gravitate,
909 1837 1356 1902 irrefragabilem
1394 1855 1704 1899 sacrarum
1732 1849 1801 1899 lit-

281 1922 524 1968 terarum
579 1921 969 1971 auctoritatem
1025 1921 1384 1973 obumbratis.
1468 1925 1584 1998 *νς
1635 1934 1832 1998 itaque}

281 2003 440 2054 vobis
490 2002 720 2068 (Esaias
765 2003 872 2068 ait)
906 2005 1003 2069 qui
1036 2004 1225 2057 dicitis
1268 2006 1479 2060 malum
1521 2014 1733 2068 bonum
1764 2021 1805 2067 et

283 2086 485 2138 bonum
507 2089 730 2154 malum,
755 2093 1027 2154 ponentes
1052 2091 1313 2143 tenebras
1336 2092 1531 2148 lucem
1558 2104 1621 2151 et
1646 2100 1805 2153 lucem

283 2171 573 2236 tenebras,
632 2176 901 2239 ponentes
951 2190 1199 2227 amarum
1242 2177 1301 2226 in
1336 2175 1505 2231 dulce
1550 2189 1612 2236 et
1663 2185 1803 2238 dulce

281 2257 340 2305 in
390 2271 664 2319 amarum,
725 2258 1011 2309 trahentes
1048 2259 1400 2324 iniquitatem
1439 2263 1502 2314 in
1544 2269 1801 2323 funiculis

279 2341 553 2393 vanitatis
586 2345 793 2410 vestre.
847 2343 928 2412 Ve
966 2345 1062 2409 qui
1086 2343 1369 2411 sapientes
1398 2350 1553 2420 ¹estis
1590 2355 1658 2404 in
1694 2359 1837 2408 ocu-:⁶3

279 2425 351 2476 lis
403 2427 635 2490 vestris,
685 2430 742 2478 et
804 2441 989 2478 eoram
1043 2429 1317 2482 vobismet
1370 2431 1512 2496 ipsis
1574 2441 1800 2504 pruden-

280 2511 402 2558 tes’.
475 2511 614 2570 Quis
647 2511 808 2560 vobis
853 2511 981 2562 fidei
1019 2526 1246 2564 causam
1282 2517 1605 2571 commisit?
1683 2527 1800 2589 Quis

277 2589 448 2637 verbo
483 2603 584 2640 vos
619 2590 884 2641 offendit?
917 2593 1088 2644 Nemo
1112 2594 1319 2663 hercle,
1352 2611 1535 2652 nemo.
1588 2605 1797 2662 Nostris

280 2674 430 2719 certe
477 2670 750 2735 theologis
793 2673 1070 2742 heresium
1116 2680 1581 2747 enin-pandarum
1614 2706 1798 2748 munus
