1942 3109
135 299 295 337 BESP·
315 297 390 336 An
415 295 656 335 BBVORL.
681 295 1031 335 conl-oswui.
1053 293 1361 335 nrlswotAs
1384 297 1435 334 0.
1458 297 1511 334 V.
1564 281 1661 336 181

135 405 483 468 meretriceo,
521 403 618 454 sed
653 405 710 453 in
745 403 1000 469 epistolis
1036 405 1391 455 obscurorum
1422 404 1665 455 virorum

137 491 312 540 beata
346 489 528 539 Maria
561 489 720 555 virgo
756 489 1118 540 immaculata
1164 492 1519 555 comparatur
1550 488 1664 539 Eu-

138 590 303 642 rope,
368 574 676 642 concubine
733 574 900 625 Iovis.
1003 574 1253 638 Itemque
1313 573 1667 626 adversarius

137 663 330 712 noster
363 659 422 708 in
457 673 560 709 sua
595 658 900 710 offensione
925 658 1216 710 insimulat
1240 658 1510 724 implicite
1534 673 1667 709 uxo-

135 759 253 796 rem
289 759 470 795 meam
505 744 950 794 honestissimam
990 741 1125 807 (una
1174 757 1295 794 eum
1342 757 1445 794 sua
1490 747 1667 794 matre

137 845 208 880 ac
231 828 483 895 prolibus
507 827 579 878 ad
601 827 761 878 fidem
794 828 1131 879 catholicam
1158 827 1409 880 feliciter
1426 827 1667 878 transla-

136 913 278 978 tam)
315 914 496 977 turpis
533 913 634 962 sub
682 913 969 964 involucro
1006 911 1293 976 adulterii,
1340 917 1397 963 et
1430 911 1669 978 idipsum

137 997 317 1047 multo
352 996 570 1062 turpius
607 997 664 1044 in
713 997 966 1060 epistolis
1010 997 1366 1049 obscurorum
1414 998 1669 1061 exprimi-

141 1087 252 1131 tur.
304 1081 430 1143 Qua
454 1083 682 1145 propter
705 1097 772 1132 ex
799 1081 989 1133 eodem
1012 1082 1115 1133 illa
1139 1083 1296 1132 fonte
1320 1080 1565 1132 derivari
1587 1081 1667 1130 di-

139 1181 268 1216 cere
321 1165 563 1217 forsitan
615 1180 724 1216 non
777 1168 983 1217 iniuria
1035 1183 1269 1232 possem.
1358 1157 1411 1216 (I
1456 1167 1671 1229 Quarto

141 1250 546 1300 execrabilium
589 1249 814 1300 illarum
861 1251 1223 1316 epistolarum
1269 1255 1467 1302 auctor
1504 1267 1669 1316 expo-

141 1334 261 1384 suit
295 1349 356 1382 se
391 1333 642 1399 periculo
679 1337 922 1400 corporis
959 1339 1017 1386 et
1050 1338 1263 1406 anime,
1314 1351 1421 1388 nec
1456 1337 1527 1388 ab
1566 1336 1672 1386 ali·

141 1433 254 1483 quo
289 1432 533 1483 unquam
567 1417 858 1470 sacerdote
885 1417 1020 1484 (nisi
1041 1423 1265 1487 publice
1290 1437 1487 1474 nomen
1512 1435 1671 1472 suum

141 1501 500 1567 confiteatur,
539 1508 596 1554 et
633 1505 832 1568 cuique
857 1520 1016 1556 suum
1040 1507 1303 1558 honorem
1326 1506 1545 1574 reddat)
1573 1507 1668 1556 ab·

138 1589 288 1641 solvi
321 1589 557 1653 poterit,
603 1588 662 1638 id
699 1589 844 1653 quod
877 1591 1194 1642 mortalium
1230 1607 1387 1644 nemo
1428 1592 1669 1644 adorire-

140 1678 234 1723 tur
267 1673 380 1724 nisi
413 1673 504 1724 vel
542 1673 613 1723 ab
652 1673 974 1726 adversario
1000 1681 1187 1727 nostro
1212 1678 1544 1728 subornatus
1575 1681 1671 1727 aut

141 1771 386 1808 summus
431 1755 680 1807 eiusdem
725 1759 936 1830 amicus
983 1760 1143 1810 foret.
1232 1751 1282 1810 (l
1330 1763 1565 1824 Quinto,
1624 1763 1674 1810 si

141 1840 318 1890 fateri
361 1854 554 1890 verum
597 1840 759 1904 licet,
804 1841 1181 1906 Epistularum
1224 1846 1324 1896 ille
1372 1845 1544 1896 codex
1590 1849 1679 1894 est

141 1923 480 1988 simpliciter
523 1930 580 1974 et
622 1925 690 1976 de
737 1926 904 1990 plano
955 1925 1041 1992 (ut
1074 1929 1186 1981 dici
1220 1929 1389 1994 solet)
1426 1930 1485 1980 in
1519 1929 1673 1979 illius

142 2007 396 2072 laudem,
433 2012 493 2059 et
525 2007 852 2060 scandalum
887 2013 1154 2076 meipsius
1191 2013 1539 2076 omniumque
1575 2027 1671 2061 no-

142 2098 322 2147 strum
354 2093 826 2158 impudentissime
865 2097 1219 2161 compositus.
1290 2097 1376 2146 Ex
1410 2109 1520 2168 fluo
1556 2095 1671 2145 tale

146 2181 533 2243 argumentum
567 2180 808 2232 trahitur
841 2181 1108 2232 Ioannem
1141 2180 1416 2238 Reuchlin
1449 2180 1542 2232 vel
1576 2195 1675 2246 per

144 2279 208 2315 se
245 2262 340 2314 vel
373 2276 476 2327 per
509 2279 638 2316 suos
672 2281 787 2316 rem
821 2271 936 2317 tam
971 2267 1297 2332 nephariam
1331 2270 1557 2330 tamque
1584 2281 1673 2318 sa-

147 2347 416 2412 crilegam
451 2347 572 2398 sine
608 2350 792 2402 fronte
831 2352 1189 2402 commisisse.
1254 2342 1304 2401 (l
1332 2351 1519 2402 Sexto.
1553 2351 1674 2401 nul—-

143 2435 261 2484 lum
307 2447 486 2498 neque
533 2433 707 2488 habui
743 2447 924 2500 neque
959 2436 1141 2488 habeo
1178 2436 1324 2501 quod
1360 2436 1535 2487 sciam
1572 2435 1673 2485 sub

149 2519 272 2586 celo
309 2519 618 2584 inimicum,
653 2524 842 2588 preter
875 2520 1055 2571 solum
1088 2521 1355 2574 Ioannem
1378 2520 1671 2572 Reuchlin.

147 2603 418 2666 quomodo
465 2605 636 2671 igitur
674 2603 684 2671 Ι
723 2605 830 2657 hoc
875 2606 1223 2671 negaverim,
1277 2607 1425 2658 tanti
1466 2607 1647 2670 ipsum
1660 2599 1810 2670 (114³)

149 2687 398 2738 criminis
443 2693 540 2739 aut
583 2705 736 2742 reum
780 2705 904 2742 esse
952 2694 1051 2742 aut
1096 2693 1395 2745 conscium,
1481 2682 1531 2741 (l
1580 2689 1675 2741 Se-

146 2772 322 2838 ptimo
357 2787 572 2836 possem
605 2775 848 2830 fortasse
883 2792 993 2828 non
1028 2775 1353 2832 indecenter
1376 2774 1675 2840 affirmare,
