1942 3109
4 1726 13 1736 ¹
3 1528 29 1637 'F'JOF
4 1396 21 1519 ''⁷0⁸'‘
4 1378 6 1381 ⁷

674 240 944 278 votvm-:n
980 238 1249 276 'mni-nm.
1622 224 1725 278 433

198 352 440 403 scentes.
509 346 680 409 Novi,
740 358 878 410 quos
931 346 1034 396 otii
1086 347 1352 411 pertaesos
1395 356 1505 395 non
1548 345 1724 411 pomi·

197 434 403 499 tuerit,
443 430 534 483 bis
571 430 663 483 vel
697 434 786 481 ter
819 446 929 483 non
974 430 1155 481 dicam
1200 429 1259 480 in
1304 429 1584 492 semestri,
1626 424 1726 481 sed

197 519 258 569 in
304 532 450 569 anno
496 516 710 583 legere3
761 519 817 566 et
863 516 959 567 ubi
994 515 1200 566 lect-uri
1237 516 1423 579 erant,
1470 514 1610 564 hora
1644 512 1723 563 di-

195 602 372 655 midia
397 600 595 669 elapsa
616 600 712 653 vix
739 600 1061 651 cathedram
1097 597 1532 663 adscendebant,
1562 596 1726 648 finita

191 690 362 741 tertia
399 688 612 741 horulae
647 685 956 750 quadrante
994 684 1373 751 discedentes,
1422 696 1636 735 omnem
1672 682 1729 733 et

191 787 402 826 moram
435 776 496 825 et
529 756 952 823 festinationem
976 772 1085 822 τίω
1121 770 1535 837 longinquitate
1572 768 1725 834 pari-

192 866 307 924 ter,
366 860 581 926 pariter
636 860 694 907 et
747 859 1041 908 senectute
1095 856 1207 906 iam
1264 857 1377 907 iam
1424 855 1725 925 appropin-

193 947 404 1007 quante
442 943 806 991 excusantest
843 954 967 1009 cum
1003 942 1191 988 tamen
1226 939 1435 1004 praedia
1472 954 1575 991 sua
1612 941 1723 989 sin·

193 1026 344 1093 gulis
379 1024 738 1091 septimanis,
775 1022 826 1075 si
859 1036 969 1073 non
1006 1021 1243 1087 singulis
1280 1022 1475 1075 diebus
1513 1024 1724 1087 absque

190 1111 312 1163 ulla
357 1108 622 1161 molestia
655 1109 922 1172 visitare,
972 1120 1337 1173 agrorumque
1374 1106 1563 1159 sulcos
1599 1123 1723 1173 per-

192 1196 454 1259 scrutari,
493 1194 804 1259 expendere
829 1196 886 1243 et
919 1192 1269 1243 dinumerare
1294 1197 1538 1257 possent.
1578 1194 1727 1256 Quin

193 1295 317 1331 cum
354 1278 632 1345 legerent,
671 1276 1005 1329 obscuritati
1038 1275 1121 1327 ita
1158 1275 1485 1342 studebant,
1530 1279 1595 1327 ut
1626 1278 1724 1328 vix

189 1364 436 1415 decimus
463 1364 696 1429 quisque
725 1360 1032 1428 (rarissime
1060 1366 1247 1413 autem
1272 1360 1519 1413 decimus
1544 1362 1723 1413 inter·

188 1454 338 1515 era‘t,
383 1450 480 1500 vix
519 1448 856 1501 centesimus
890 1446 1023 1499 illos
1058 1446 1303 1499 lecturos
1326 1460 1569 1513 unquam
1594 1462 1719 1500 esse

187 1535 455 1602 augurari
509 1533 752 1601 poterat)
811 1532 945 1599 quid
990 1533 1230 1597 vellent,
1292 1538 1717 1599 assequeretur:

186 1620 361 1682 quue
389 1634 526 1669 =eum
559 1620 620 1667 in
653 1618 837 1683 finem,
869 1622 934 1668 ut
969 1619 1233 1683 privatim
1268 1634 1335 1669 eo
1369 1618 1570 1669 maiori
1594 1632 1718 1668 cum

187 1702 378 1753 fructu
415 1701 614 1753 docere
649 1706 893 1767 possent.
964 1700 1097 1753 Noli
1131 1706 1318 1753 autem
1350 1702 1459 1753 tibi
1493 1715 1723 1768 persua·

189 1786 350 1850 dere,
391 1802 486 1837 eos
521 1785 782 1851 privatim
817 1784 1202 1853 diligentiores
1236 1786 1441 1849 fuisse3
1478 1786 1575 1838 vix
1609 1790 1723 1838 ter·

192 1869 273 1916 tio
309 1868 405 1917 vel
439 1871 640 1929 quarto
679 1884 985 1933 congressu
1014 1870 1312 1934 pecuniam
1336 1870 1717 1924 emendicave-

189 1954 319 2001 rant
352 1950 540 2015 potius
578 1963 746 2013 quam
783 1956 1113 2016 exegerant,
1148 1954 1247 2003 ubi
1282 1952 1550 2005 schedula
1584 1954 1718 2005 fori-

188 2038 294 2087 bus
333 2034 505 2087 affixa
540 2034 944 2099 negligentiam
990 2035 1233 2101 ipsorum
1267 2051 1378 2087 non
1414 2038 1723 2089 excusabat

193 2118 292 2169 sed
325 2118 660 2169 accusabat:
729 2120 806 2169 Et
839 2119 890 2169 si
924 2120 1049 2183 quis
1086 2135 1301 2187 eorum,
1337 2121 1587 2189 gentium
1620 2124 1721 2175 mi·

175 2192 386 2251 'norum
418 2202 600 2267 Deus,
649 2201 974 2271 diligentem
1020 2220 1079 2257 se
1114 2206 1175 2257 in
1221 2206 1455 2273 legendo
1492 2208 1717 2263 exhibe-

193 2288 297 2350 ret,
325 2286 500 2338 effata
537 2288 654 2340 eius
689 2304 786 2356 pro
823 2290 1069 2343 oraculis
1106 2307 1175 2343 ex
1196 2291 1476 2359 Apollinis
1498 2294 1716 2362 tripode

190 2371 372 2423 aeditis
397 2371 596 2423 haberi
616 2372 922 2427 debebant:
959 2392 1174 2428 omnem
1210 2390 1388 2429 sacrae
1410 2377 1716 2445 Scripturas

189 2457 578 2509 auctoritatem
612 2458 952 2513 labefactari
976 2461 1317 2528 patiebatur,
1353 2462 1512 2516 modo
1538 2464 1713 2531 ipsius

190 2544 246 2591 et
268 2540 480 2595 deastri
503 2543 592 2595 sui
613 2544 932 2598 Aristotelis
959 2546 1269 2599 auctoritas
1291 2548 1533 2616 integra,
1558 2555 1713 2602 sarta

191 2626 248 2674 et
279 2629 434 2679 tecta
467 2634 812 2695 servaretur3
851 2634 1045 2696 utpote
1083 2646 1118 2682 a
1153 2634 1311 2685 cuius
1336 2634 1619 2685 sententia
1640 2648 1713 2685 ne

186 2707 361 2759 latum
403 2726 642 2778 unguem
688 2714 908 2780 quidem
953 2715 1243 2783 secedere,
1296 2718 1395 2771 sed
1426 2731 1602 2783 usque
1640 2715 1713 2768 ad

1338 2799 1408 2850 28
