1942 3109
327 220 427 272 170
461 233 840 271 rnrsmconm
861 233 1099 271 nursica.
1124 231 1341 270 com-BA
1362 231 1583 271 amos.
1610 235 1675 272 0.
1692 241 1889 277 vanus.

325 341 583 392 Bacchus
607 343 694 391 est
715 341 803 391 bis
827 341 1079 407 genitus,
1126 340 1257 405 quia
1292 355 1392 404 per
1428 339 1545 390 hoc
1586 345 1881 411 significa-

327 432 418 478 tur
443 425 695 477 Christus
721 429 819 490 qui
841 427 1012 477 etiam
1040 429 1125 476 est
1146 427 1233 477 bis
1258 425 1485 490 genitus
1502 465 1521 490 ,
1560 444 1684 480 uno
1722 432 1877 483 modo

327 517 459 564 ante
495 511 716 580 secula,
765 515 824 562 et
859 510 975 562 alia
1008 512 1135 562 vice
1170 510 1489 561 humaniter
1528 515 1592 563 et
1626 518 1871 567 carnali-

324 603 430 650 ter.
501 598 640 648 Item
677 595 894 647 Semele
931 611 1039 664 que
1074 597 1249 647 nutrit
1280 595 1609 663 Bacchum,
1660 601 1863 666 signifi-

329 687 421 735 cat
475 684 700 733 beatam
749 682 1051 747 virginem,
1112 682 1203 731 cui
1266 679 1473 730 dicitur
1534 683 1725 735 Exodi
1782 701 1858 733 ,η

328 768 556 832 ‘Accipe
609 783 838 832 puerum
893 767 1059 815 istum
1112 769 1169 816 et
1222 767 1374 816 nutri
1430 767 1603 833 mihi,
1660 773 1715 819 et
1752 784 1855 833 ego

327 853 472 903 dabo
509 851 615 901 tibi
649 851 957 904 mercedem
992 853 1181 902 tuam'.
1250 851 1390 901 Item
1426 852 1636 903 fabula
1672 852 1739 904 de
1768 853 1852 902 Pi-

327 953 478 988 ramo
503 941 561 988 et
584 936 790 987 Thisbe
815 937 899 988 sic
935 936 1227 1002 exponitur
1263 935 1575 1001 allegorice
1614 943 1675 988 et
1708 939 1855 1004 spiri-

325 1023 587 1074 tualiter:
623 1021 876 1072 Piramus
909 1021 1193 1087 sig-nificat
1224 1019 1400 1071 filium
1424 1021 1543 1086 dei,
1572 1027 1629 1072 et
1654 1023 1855 1074 Thisbe

328 1107 609 1173 significat
653 1107 894 1158 animam
936 1105 1233 1156 humanam
1278 1121 1448 1169 quam
1502 1111 1657 1155 amat
1706 1107 1859 1158 Chri-

327 1195 466 1256 stus,
493 1195 550 1243 et
569 1191 636 1242 de
662 1205 772 1255 qua
793 1191 1055 1242 scribitur
1076 1193 1135 1240 in
1158 1190 1453 1256 evangelio
1472 1189 1663 1240 ‘Tuam
1676 1191 1860 1257 ipsius

329 1279 572 1328 animam
593 1277 960 1343 pertransibit
984 1275 1221 1340 gladius'
1242 1275 1397 1342 Luce
1420 1291 1498 1325 .11·
1530 1273 1627 1325 Sic
1652 1277 1857 1328 Thisbe

260 1361 310 1414 Ἠ
329 1363 614 1414 interfecit
661 1377 720 1410 se
765 1358 773 1424 Ι
805 1359 992 1426 gladio
1030 1361 1230 1410 amasii
1264 1361 1369 1410 sui.
1440 1359 1585 1410 Item
1620 1361 1697 1412 de
1730 1362 1854 1413 Vul-

331 1463 470 1498 cano
507 1447 604 1510 qui
641 1446 866 1495 eiicitur
899 1445 966 1495 de
1016 1445 1167 1512 celo,
1214 1449 1271 1495 et
1314 1444 1563 1496 efficitur
1612 1447 1855 1510 claudus,

329 1530 592 1582 scribitur
615 1529 673 1578 iu
697 1527 904 1578 Psalm.
967 1528 1219 1594 ‘Expulsi
1254 1533 1385 1580 sunt
1416 1545 1527 1580 nec
1564 1535 1855 1596 potuerunt

329 1615 497 1666 stare'
547 1616 623 1664 ‚et
657 1629 704 1664 c.
781 1605 834 1664 (I
877 1615 1001 1682 Hec
1046 1614 1299 1682 predicta
1344 1629 1513 1678 quam
1550 1618 1669 1667 sint
1702 1632 1855 1668 scan-

329 1699 530 1751 daloza
557 1703 615 1750 et
638 1701 952 1766 apostatice
980 1702 1297 1765 conscripta
1320 1713 1481 1751 nemo
1508 1704 1601 1752 est
1622 1703 1855 1753 omnium

331 1787 427 1852 qui
463 1802 573 1838 non
607 1785 777 1840 videt.
834 1785 901 1836 In
929 1784 1202 1836 XXVIII.
1232 1784 1475 1850 epistola
1498 1785 1855 1850 per‘derisio·

331 1888 456 1923 nem
493 1873 743 1922 abutitur
777 1871 1073 1920 sententiis
1110 1868 1481 1935 evangelicis.
1548 1867 1619 1919 In
1648 1871 1851 1922 ‚xxm

331 1957 400 2008 de
437 1957 770 2008 ascensione
807 1954 1015 2007 domini
1051 1957 1108 2004 et
1144 1958 1385 2004 extremo
1421 1952 1635 2005 iudicio
1678 1957 1743 2008 fit
1782 1972 1852 2007 ss·
1890 1994 1904 2047 ι

333 2043 547 2109 crilega
583 2043 864 2094 enarratio
902 2044 958 2091 et
994 2039 1245 2091 omnibus
1282 2038 1553 2104 apostolis
1596 2055 1675 2092 ac.
1708 2044 1851 2106 beate
1892 2050 1901 2115 'i

330 2128 535 2192 virgini
571 2126 874 2177 ridiculosa
898 2125 1109 2176 illusio.
1168 2125 1235 2174 In
1260 2123 1451 2174 XXX.
1475 2127 1751 2178 mentitur
1770 2143 1847 2191 ps·
1892 2156 1912 2177 .,

331 2226 460 2276 pam
503 2209 720 2259 dedisse
765 2209 1147 2274 indulgentias
1180 2212 1240 2258 in
1274 2209 1437 2260 rebus
1474 2209 1779 2262 inutilibus
1810 2219 1847 2260 et
1894 2208 1901 2225 '

331 2294 626 2346 maximam
669 2294 812 2344 facit
853 2292 1171 2344 illusionem
1216 2297 1411 2345 sancto
1445 2293 1845 2361 Bonaventurg-
1900 2315 1913 2650 ἡ

331 2382 396 2431 In
419 2379 720 2434 ‚XXXIIIL
746 2381 893 2431 inter
927 2378 1043 2430 alia
1077 2379 1369 2430 mendacia
1406 2378 1650 2431 ridicule
1692 2382 1844 2446 loqui·

333 2470 422 2516 tur
477 2465 546 2514 de
601 2464 722 2514 sale
765 2463 1061 2516 benedicto
1110 2469 1167 2516 et
1210 2479 1359 2528 aqua
1404 2463 1738 2518 benedicta.
1800 2466 1847 2514 In

336 2548 575 2598 XXXV.
613 2552 893 2612 ponuntur
929 2564 999 2599 ea
1035 2563 1143 2615 que
1176 2550 1274 2598 vix
1310 2552 1499 2598 essent
1532 2547 1776 2602 dicenda
1804 2551 1847 2598 in

334 2631 666 2694 prostibulo.
713 2632 778 2680 In
817 2631 1084 2682 XXXVI.
1126 2633 1185 2680 in
1220 2632 1495 2697 principio
1530 2633 1775 2686 ridicule
1806 2635 1849 2683 in

334 2727 552 2764 sacrum
587 2713 866 2778 baptisma
899 2714 1133 2779 loquens
1156 2715 1419 2766 mentitur
1440 2715 1849 2781 Erphordenses
