1942 3109
256 228 324 280 70
394 245 769 280 PEPEBICOBM
791 243 1029 280 DEFEXS·
1052 242 1271 280 commu
1296 241 1497 280 ΡΔΠΟΒ.
1514 243 1761 284 ommi-1³.

257 351 441 413 fuere,
487 351 636 400 sicut
679 350 746 400 de
791 349 1043 400 oratione
1079 347 1588 400 felaschummodim
1624 354 1690 399 ,et
1712 365 1759 400 c.

255 435 378 488 Non
413 435 616 500 scripsi
663 449 766 502 ego
811 435 1093 502 hereticas
1140 434 1317 499 ipsius
1363 434 1763 499 propositiones

260 537 398 585 quas
435 537 536 586 ego
573 535 682 571 non
717 519 993 584 intelligo,
1032 519 1127 570 sed
1150 519 1253 572 illa
1279 519 1475 583 solum,
1514 532 1619 586 que
1652 520 1763 583 ipse

259 611 451 657 contra
487 621 571 656 me
609 621 895 671 perperam
933 609 993 656 et
1026 604 1243 656 occulte
1268 607 1605 668 susurrarat,
1638 603 1767 654 licet

256 691 362 742 hoc
404 691 629 756 publice
675 694 810 740 tunc
855 691 1120 754 temporis
1169 689 1239 740 ab
1286 705 1351 740 eo
1407 689 1617 740 factum
1654 704 1765 738 ma-

256 776 502 826 luissem.
600 765 652 824 ΙΙ
705 774 960 826 Subticui
1022 789 1123 840 ego
1180 773 1446 825 Ioannem
1504 772 1769 824 Reuchlin

259 875 607 925 comparasse
647 857 730 924 (ut
766 861 837 910 ab
877 859 1006 908 aliis
1044 857 1323 923 intellexi)
1372 858 1767 908 humanitatem

258 943 469 996 Christi
509 945 732 996 habitui
773 945 1089 994 meretricio
1134 946 1192 993 et
1236 943 1449 1007 scripta
1494 942 1771 993 doctorum

257 1030 498 1097 ecclesie
525 1030 768 1094 antiquis
795 1029 1016 1094 caligis,
1043 1027 1297 1080 Subticui
1321 1027 1491 1077 etiam
1515 1027 1773 1078 Ioannem

254 1113 530 1165 Reuchlin
575 1115 636 1166 in
684 1128 786 1164 sua
833 1113 1245 1164 consultatione
1291 1114 1571 1176 posuisse,
1619 1110 1777 1161 Chri·

261 1203 405 1250 stum
439 1213 552 1251 non
585 1199 762 1250 fuisse
800 1212 833 1247 a
867 1196 1055 1266 Iudeis
1090 1200 1358 1261 tanquam
1392 1211 1579 1248 verum
1614 1194 1779 1246 deum

254 1286 640 1349 interemptum
685 1287 742 1334 et
783 1282 960 1334 multa
1006 1283 1121 1334 alia
1175 1281 1233 1332 id
1288 1296 1466 1346 genus
1519 1281 1779 1346 pessima,

257 1370 458 1433 quibus
495 1383 597 1434 ego
633 1383 717 1418 me
765 1368 1115 1432 interponere
1162 1381 1342 1430 neque
1388 1379 1638 1431 possum,
1682 1381 1779 1416 ne·

257 1466 364 1515 que
400 1452 599 1514 debeo,
637 1467 817 1515 neque
853 1451 1010 1515 volo,
1047 1466 1229 1515 neque
1266 1451 1436 1502 etiam
1472 1453 1608 1500 tunc
1642 1453 1780 1502 tem-

256 1538 406 1600 poris
441 1536 770 1599 interposui,
807 1535 940 1598 quia
976 1534 1081 1586 hoc
1114 1534 1399 1586 doctorum
1434 1537 1557 1585 erat
1594 1537 1671 1585 ‚et
1698 1551 1749 1584 c.

769 1669 943 1720 Nota
982 1671 1258 1734 Quarto.

363 1783 414 1843 (1
452 1791 498 1843 Ο
523 1805 622 1842 vos
649 1788 974 1855 Christiani,
1010 1788 1200 1842 audite
1224 1803 1373 1840 nunc
1397 1793 1793 1853 argumentum

254 1875 792 1940 Reuchlinistarum‚
841 1889 950 1939 quo
994 1888 1079 1928 me
1126 1874 1384 1924 convinci
1429 1887 1595 1939 posse
1634 1874 1795 1926 falso

183 1958 224 2024 ἕ
259 1962 618 2016 arbitrantur.
703 1959 796 2013 Sic
836 1957 849 2026 Ι
888 1961 1035 2012 enim
1078 1954 1453 2023 obloquuntur
1498 1958 1641 2008 mihi
1688 1959 1803 2010 ‘Tu

255 2050 543 2117 baptizate
566 2046 734 2116 Iudee
774 2062 834 2097 es
856 2047 916 2096 in
942 2043 1109 2109 culpa
1135 2043 1279 2110 quod
1300 2043 1540 2094 Ioannes
1564 2043 1807 2094 Reueh-

256 2137 338 2187 lin
388 2139 581 2186 contra
628 2137 685 2182 te
733 2132 1055 2195 scripserit,
1114 2129 1220 2180 tibi
1264 2129 1507 2180 minatus
1555 2129 1669 2192 sit,
1738 2133 1803 2180 te

259 2217 542 2268 accusarit
567 2218 624 2264 et
651 2229 697 2263 c.
756 2213 1085 2278 Respondeo
1120 2213 1227 2264 hoc
1262 2212 1636 2264 falsissimum
1665 2229 1808 2264 esse

258 2306 316 2352 et
359 2298 501 2350 nihil
547 2314 610 2350 eo
657 2295 857 2348 falsius
903 2298 960 2346 et
1004 2296 1111 2348 hoc
1156 2297 1327 2363 probo
1380 2296 1487 2347 tali
1528 2300 1809 2350 ratione:

254 2387 574 2451 priusquam
612 2383 755 2434 enim
793 2379 1257 2434 consultationem
1292 2383 1413 2447 ipse
1450 2395 1616 2432 suam
1652 2383 1814 2434 scri·

253 2472 446 2531 pturus
493 2471 667 2532 esset,
715 2480 996 2531 nunquam
1042 2482 1165 2518 eum
1202 2472 1300 2518 aut
1331 2465 1449 2518 vidi
1496 2470 1601 2518 aut
1638 2467 1817 2520 novi.

257 2551 608 2614 Quapropter
653 2566 776 2601 cum
821 2552 932 2602 iam
980 2550 1402 2612 consultandum
1449 2555 1607 2602 esset
1624 2550 1821 2616 -quid

255 2633 323 2683 de
369 2633 698 2696 quibusdam
742 2633 1032 2701 Iudeorum
1088 2635 1247 2686 libris
1293 2634 1569 2700 agendum
1618 2636 1819 2699 foret,

258 2713 344 2779 (ut
377 2731 543 2781 supra
577 2716 785 2768 dictum
823 2717 933 2782 est)
982 2719 1265 2783 profectus
1310 2731 1431 2770 sum
1464 2719 1525 2770 in
1558 2719 1823 2772 domum
