1942 3109
137 202 338 239 Parsa.
360 198 672 235 aavcnmm
694 196 1039 233 naevum-u
1064 196 1267 230 nzrv'r.
1292 196 1523 231 srvnnr.
1572 181 1668 232 135

137 304 417 373 baptizati
452 318 665 365 sumus,
714 302 811 365 qui
844 316 954 351 non
989 299 1193 349 multas
1229 299 1324 349 sed
1360 314 1526 349 unam
1562 300 1671 349 sibi

139 392 434 441 dumtaxat
490 402 749 453 sponsam
808 385 880 436 ab
940 388 1131 453 eterno
1191 385 1467 451 preelegit
1517 384 1673 435 Nulli

141 491 276 540 ergo
324 488 564 536 errores,
611 472 772 521 immo
820 474 876 521 et
921 486 990 519 ne
1039 485 1179 520 unus
1217 468 1437 533 quidem
1475 466 1670 518 admit-

139 558 362 623 tendus,
400 572 520 607 cum
559 573 626 608 ex
661 571 774 607 una
809 554 1061 605 scintilla
1096 556 1365 603 maximus
1400 552 1671 603 interdum

141 644 290 709 ignis
317 646 567 708 exurgat.
633 632 684 691 (ἷ
722 639 991 693 Secundo.
1019 654 1285 704 ponamus
1312 653 1503 687 casum
1529 636 1673 700 quod

139 729 400 794 princeps
449 726 671 792 quidam
717 741 916 790 equum
963 724 1159 777 emerit
1202 722 1673 789 speciosissimum

141 817 364 863 centum
386 812 652 865 videlicet
675 811 921 875 ducatis,
949 815 1007 861 et
1031 809 1174 859 idem
1200 809 1296 859 ille
1324 822 1499 877 equus
1525 808 1675 857 intra

141 897 249 947 duo
287 901 384 947 aut
418 898 530 946 tria
573 896 818 947 miliaria
865 902 950 945 ter
996 894 1285 944 dumtaxat
1332 898 1433 944 aut
1476 896 1675 957 quater

146 980 438 1043 ceciderit,
487 981 776 1047 Queritur,
826 978 956 1042 quid
1002 978 1068 1028 de
1116 978 1221 1027 tali
1266 992 1407 1041 equo
1445 992 1675 1026 censen·

145 1065 272 1115 dum
297 1065 405 1113 sit?
440 1062 876 1130 Respondebunt
899 1062 1184 1127 sapientes
1200 1101 1213 1125 ,
1239 1077 1347 1112 non
1374 1076 1493 1111 esse
1518 1061 1675 1111 illum

145 1148 250 1215 tali
295 1150 483 1213 precio
530 1149 754 1215 dignum
779 1186 794 1211 ,
841 1160 1195 1211 nequaquam
1231 1150 1417 1196 tamen
1456 1162 1523 1196 ex
1559 1148 1673 1195 toto

149 1231 632 1296 contemnendum,
671 1248 735 1281 eo
763 1230 907 1294 quod
934 1229 1249 1295 imprudens
1273 1230 1515 1280 fortasse
1532 1267 1546 1293 ,
1582 1229 1677 1280 vel

147 1317 262 1366 alio
297 1316 488 1366 nescio
526 1330 634 1379 quo
671 1314 1062 1381 impedimento
1100 1314 1504 1366 interveniente
1533 1314 1676 1363 citra

145 1404 344 1467 nature
392 1400 738 1451 debilitatem
785 1416 907 1450 sese
952 1398 1334 1465 prostraverit.
1408 1399 1581 1462 Quid,
1630 1400 1679 1449 si
1712 1399 1722 1409 ¹

145 1486 365 1549 tricies,
403 1486 450 1535 si
487 1484 850 1551 quadragies,
887 1486 936 1537 si
971 1485 1221 1550 octogies
1257 1485 1409 1535 intra
1446 1484 1551 1533 duo
1576 1485 1675 1535 mi·

142 1570 309 1619 liaria
365 1570 556 1637 lapsus
601 1570 809 1621 fuerit?
864 1570 1201 1621 Clamabunt
1244 1585 1462 1633 omnes,
1506 1568 1675 1620 vilem

144 1668 266 1703 esse
294 1654 531 1704 bestiam
565 1669 671 1705 nec
708 1658 894 1705 aratro
931 1654 1173 1720 dignam.
1243 1655 1406 1705 Modo
1446 1655 1517 1705 ad
1552 1670 1675 1720 pro-

143 1736 407 1802 positum:
457 1736 517 1786 Si
561 1737 803 1789 Ioannes
835 1738 1111 1789 Reuchlin
1155 1739 1272 1802 bis,
1320 1743 1431 1802 ter,
1480 1743 1678 1801 quater

145 1822 488 1886 aberrasset,
548 1822 774 1871 minime
832 1826 1019 1872 tamen
1077 1820 1417 1884 laudandus,
1485 1837 1675 1872 verum

144 1903 278 1968 quia
294 1905 622 1967 'septuagies
651 1902 660 1965 Ι
693 1910 749 1955 et
773 1907 1009 1969 amplius
1044 1907 1283 1957 fortasse
1320 1908 1377 1956 in
1414 1922 1513 1957 suo
1549 1890 1810 1973 spe-(3⁴)

145 1986 273 2037 culo
309 1985 526 2037 oculari
562 1990 731 2049 atque
779 1987 906 2037 aliis
952 1990 1011 2037 in
1057 1989 1197 2039 locis
1255 1988 1340 2051 (ut
1382 1990 1679 2039 multorum

143 2074 383 2137 probant
445 2068 789 2135 testimonia)
859 2072 1207 2137 ineptissime
1274 2071 1563 2135 deliravit,
1624 2077 1680 2125 et

142 2154 426 2219 frequenti
459 2169 558 2203 suo
605 2154 768 2220 lapsu
812 2154 953 2207 alios
999 2156 1118 2208 labi
1163 2156 1329 2221 fecit,
1378 2173 1413 2207 a
1458 2158 1675 2209 nemine

143 2254 254 2288 non
303 2237 748 2289 condemnandus
792 2239 1147 2293 iudicabitur.
1223 2242 1307 2293 Ob
1354 2242 1459 2309 hec
1493 2243 1675 2311 predi-

145 2328 239 2373 cta
275 2324 452 2389 magis
491 2326 576 2373 est
613 2339 911 2376 consonum
945 2327 1206 2390 veritati,
1240 2327 1412 2376 talem
1436 2330 1676 2378 tantum·

144 2424 252 2473 que
289 2408 466 2459 virum
505 2424 573 2457 ac
609 2422 795 2459 senem
835 2426 902 2461 ex
935 2412 1160 2475 propria
1188 2408 1269 2474 (ni
1294 2409 1489 2475 fallar)
1516 2411 1675 2461 mali-

144 2494 235 2545 cia
271 2497 328 2544 et
364 2508 540 2559 prava
576 2510 679 2545 sua
713 2494 1009 2547 voluntate
1048 2492 1127 2559 (id
1164 2494 1310 2558 quod
1341 2494 1675 2547 doctissimis

142 2594 275 2644 sepe
331 2580 469 2630 viris
527 2579 786 2647 contigit)
846 2596 978 2630 suas
1033 2579 1313 2647 hereticas
1364 2582 1675 2646 pravitates

146 2664 574 2731 conscripsisse,
632 2680 796 2731 quam
854 2682 922 2716 ex
967 2666 1282 2733 ignorantia
1328 2670 1427 2716 aut
1472 2664 1676 2715 calami
