1942 3109
350 229 455 283 258
486 242 957 281 Lausum-rmus
997 243 1300 280 onscvnon.
1325 242 1530 282 vnton.
1571 228 1858 298 [vnn-sm:

354 350 613 404 Ceterum
644 354 707 399 ut
740 348 886 414 quod
918 350 1061 401 bene
1099 349 1348 413 cepistis,
1385 349 1656 403 facilius
1698 356 1863 420 possit

352 435 647 502 perficere,
684 434 879 485 harum
912 434 1058 485 serie
1080 434 1240 485 vobis
1276 435 1658 489 auctoritate
1703 447 1863 505 apost

350 520 466 573 lica
501 521 787 572 licentiam
824 523 881 571 et
925 519 1257 571 facultatem
1293 519 1696 574 concedimus
1739 526 1864 575 colle

355 606 517 657 cendi
552 606 654 655 sub
692 605 939 655 censuris
977 604 1382 655 ecclesiasticis
1420 608 1486 655 et
1524 608 1688 661 aliis
1729 623 1864 676 oppor

352 692 503 743 tunis
546 690 805 741 remediis
848 690 1234 754 impressores,
1284 692 1620 757 emptores,
1674 695 1864 747 lectore⁴

352 776 621 828 librorum
663 773 989 825 huiusmodi.
1057 774 1133 823 Et
1179 772 1314 837 quia
1349 772 1478 825 fieri
1515 784 1730 841 posset
1751 775 1864 839 quod

353 861 715 927 imprecantes
748 858 990 926 predicti
1019 861 1169 909 metu
1201 858 1379 909 vestri
1413 859 1544 911 alio
1587 880 1665 915 se
1702 862 1864 915 confer·

354 949 506 1009 rent,
550 944 805 995 volumus
850 943 998 1009 quod
1033 943 1327 995 ordinariis
1346 947 1426 993 ·et
1463 948 1862 1013 magistratibus

354 1028 601 1081 locorum
634 1030 694 1079 in
729 1028 930 1094 quibus
968 1032 1158 1093 erunt,
1217 1031 1476 1080 nostram
1509 1031 1672 1083 hanc
1707 1033 1860 1085 volun-

356 1118 530 1166 tatem
566 1113 921 1179 significetis,
960 1128 1124 1177 quam
1159 1113 1368 1177 ubique
1405 1116 1666 1166 volumus
1703 1120 1860 1168 obsex-

354 1199 497 1250 vari.
565 1198 772 1249 Datum
804 1197 974 1265 Rome
1023 1197 1168 1263 apud
1213 1202 1476 1249 sanctum
1499 1197 1731 1249 Petrum
1773 1200 1858 1248 su}

358 1283 562 1334 annulo
580 1284 667 1350 pis
675 1283 897 1347 catoris,
920 1280 1008 1332 (lic
1025 1297 1209 1333 .xv111.
1222 1280 1439 1337 Martii.
1454 1283 1851 1339 M.cccc.1,xm.

354 1366 723 1419 Pontificatus
758 1367 935 1417 nostri
966 1366 1124 1418 Anno
1163 1370 1383 1420 octavo·

1596 1456 1672 1509 L.
1701 1456 1863 1530 Gara-³„

1073 1652 1156 1708 37.
1856 1652 1862 1693 ³

714 1759 765 1819 ([
806 1753 1525 1837 Daubengigelius

694 1876 794 1911 suo
833 1858 1214 1922 Simpriano
1261 1856 1336 1910 .S.
1374 1857 1440 1911 P.
1476 1860 1548 1911 D.

460 1964 581 2025 Quo
627 1977 713 2012 me
756 1963 969 2011 vertam
1013 1975 1110 2027 pre
1155 1957 1372 2023 dolore,
1432 1961 1514 2010 mi
1567 1964 1848 2017 suavissime

359 2044 714 2112 Simpriane[,
754 2046 954 2110 quibus
993 2058 1210 2108 querar,
1249 2058 1387 2107 quos
1423 2044 1778 2110 imploroenj?
1813 2042 1855 2101 Sil

358 2132 502 2183 domi
536 2146 682 2193 sum,
728 2128 1212 2195 phantasmatibus
1247 2142 1418 2178 vexor
1459 2126 1575 2197 [et]
1631 2126 1856 2183 intestina!

359 2214 645 2265 lumbricis
682 2216 1119 2279 corrumpuntur.
1191 2210 1252 2261 Si
1289 2228 1453 2275 exce,
1503 2219 1668 2269 male
1702 2216 1759 2267 de
1785 2227 1853 2262 no·

356 2298 444 2348 bis
480 2297 685 2347 sentire
719 2295 893 2348 bonos
931 2295 1438 2347 animadvertimus.
1503 2298 1554 2349 0
1599 2318 1706 2353 nos
1735 2301 1842 2350 mise·

358 2398 449 2434 ros
488 2386 546 2435 ct
578 2381 861 2433 infelices!
925 2382 971 2432 O
1008 2382 1285 2432 funestam
1319 2380 1485 2445 diem,
1523 2383 1591 2434 in
1633 2403 1746 2452 qua
1767 2376 1840 2432 nati

360 2469 571 2518 sumus!
644 2468 690 2518 Ο
726 2470 958 2531 pectora
997 2468 1158 2534 ceca!
1213 2482 1244 2516 ο
1279 2466 1564 2516 hircosum
1607 2469 1836 2536 [obscuro-

358 2562 477 2597 rum
511 2548 1040 2609 Reuchlinistarum]
1079 2566 1326 2615 gregem,
1377 2554 1578 2617 eterna
1619 2571 1696 2607 ac
1727 2555 1774 2621 pl

358 2628 639 2681 ineluibili
672 2632 1039 2682 diffamiarum
1076 2637 1132 2683 ct
1169 2634 1546 2685 conviciorum
1595 2637 1753 2705 lepra
1779 2630 1833 2684 ad·

358 2714 566 2761 ustum!
636 2714 807 2763 Nobis
842 2714 959 2765 Leo
994 2731 1145 2779 papa
1178 2717 1492 2781 maledixit,
1539 2718 1692 2775 libri
1723 2737 1800 2774 nos
