1942 3109
291 199 362 252 94
534 212 828 250 musmomz
863 211 1237 250 onscvnonvu
1274 209 1547 248 vmouvu„

292 321 586 386 magister,
637 334 808 384 quare
845 320 926 368 ita
962 317 1328 384 pallescatis?
1377 333 1563 370 amore
1600 319 1694 370 dei
1728 337 1815 370 re-

292 406 528 470 linquite
587 405 762 456 libros
818 409 1059 470 vestrm,
1100 421 1219 456 -vos
1274 405 1501 455 nimium
1544 405 1811 456 studetisz

293 491 512 542 debetis
549 491 848 556 aliquando
886 491 1147 542 solatium
1184 505 1413 559 querere
1460 495 1517 540 et
1561 491 1818 554 zechiae,

293 591 394 628 vos
432 577 583 648 estis·
605 576 786 626 adhue
819 591 962 626 unus
999 575 1216 626 iuvenis
1250 577 1365 639 vir,
1400 575 1543 626 bene
1579 575 1819 640 potestis

297 661 478 712 adhue
514 661 779 727 proficere
817 661 888 710 ad
925 650 1271 710 doctoratum
1309 664 1365 710 et
1397 660 1516 710 fieri
1550 661 1822 726 mag-ister

295 750 513 808 noster3
555 747 692 796 estis
720 745 889 796 etiam
913 744 1347 796 fundamentalis
1376 747 1431 796 et
1453 747 1632 796 bonus
1658 745 1819 796 seho—

296 832 434 882 laris
471 834 528 881 et
562 832 674 882 iam
707 830 872 902 quasi
906 830 1113 881 valetis
1148 841 1315 882 unum
1361 830 1673 896 doptoremz
1722 831 1823 881 sed

301 932 402 980 ego
449 931 567 966 sum
612 914 836 965 timidus
883 919 940 966 et
984 930 1095 966 non
1139 929 1363 980 possum
1409 915 1593 966 dicere
1640 932 1823 966 meam

299 999 690 1050 infirmitatem.
761 999 880 1064 Ego
945 1000 1069 1065 lego
1132 999 1391 1051 Ovidium
1448 999 1517 1050 de
1575 1001 1821 1050 remedio

302 1086 502 1135 amoris
539 1099 699 1148 quem
737 1083 965 1151 Colonie
1002 1082 1223 1150 glosavi
1255 1101 1288 1134 a
1322 1088 1510 1135 vestra
1545 1085 1826 1151 dignitate

303 1185 424 1220 cum
459 1170 650 1219 multis
685 1161 1031 1220 notabilibns
1068 1173 1124 1219 et
1156 1167 1571 1221 moralitatibus
1596 1171 1655 1218 in
1678 1185 1825 1220 mar-

299 1256 456 1320 gine:
489 1268 681 1304 verum
714 1269 824 1304 non
858 1256 1037 1318 iuvat,
1076 1255 1209 1317 quia
1243 1253 1349 1304 iste
1388 1271 1540 1304 amor
1575 1255 1826 1318 quotidie

299 1336 360 1388 fit
393 1338 584 1388 maior.
655 1338 844 1405 Nuper
881 1337 1158 1389 choi-isavi
1206 1353 1328 1388 cum
1376 1355 1443 1389 ea
1479 1343 1565 1390 ter
1598 1344 1658 1389 in
1698 1341 1829 1391 oho—

241 1489 244 1492 Δ
299 1439 396 1474 rea
433 1423 726 1474 serotinali
761 1424 818 1472 in
855 1422 1012 1473 domo
1060 1424 1315 1487 sculteti,
1364 1429 1498 1474 tuno
1542 1425 1827 1476 fistulator

299 1508 574 1558 fistulavit
617 1508 957 1558 cantilenam
1003 1507 1071 1558 de
1114 1512 1340 1572 pastore
1386 1509 1454 1560 de
1502 1525 1651 1560 nova
1688 1511 1828 1561 civi-

297 1596 436 1656 tate,
475 1595 531 1642 et
565 1593 755 1642 statim
791 1605 980 1642 omnes
1019 1592 1386 1645 chorisatores
1424 1595 1826 1659 amplexaban-

300 1682 392 1727 tur
425 1693 555 1728 suas
589 1677 836 1742 virgines
873 1676 1025 1726 sieut
1068 1693 1184 1728 mos
1232 1682 1349 1742 est3
1398 1682 1454 1729 et
1500 1695 1601 1744 ego
1648 1681 1827 1730 etiam

299 1777 476 1812 meam
521 1761 686 1812 valde
733 1761 1111 1811 amicabiliter
1159 1765 1460 1828 compressi
1509 1763 1579 1818 ad
1623 1769 1828 1828 peetus

299 1863 476 1898 meum
515 1861 638 1898 eum
672 1846 789 1896 suis
823 1839 1115 1909 mamillis3
1162 1862 1266 1897 neo
1314 1834 1424 1898 non
1460 1850 1625 1914 tetigi
1660 1849 1827 1899 forti·

298 1936 384 1982 ter
427 1945 623 1980 manus
669 1931 816 1980 eius:
875 1935 1011 1980 tuno
1054 1931 1179 1996 ipsa
1224 1932 1349 1981 risit
1404 1936 1463 1982 et
1495 1932 1683 1982 dixit:
1746 1932 1826 1983 ‘in

301 2016 487 2066 anima
523 2031 664 2080 mea,
701 2014 920 2066 domine
955 2013 1239 2081 magister,
1275 2017 1546 2067 vosestis
1572 2017 1827 2070 delecta-

255 2119 258 2122 *
297 2101 430 2152 bilis
464 2093 569 2165 'vir,
607 2104 664 2152 et
697 2100 921 2152 habetis
955 2100 1237 2151 molliores
1270 2115 1469 2151 manus
1492 2115 1662 2165 quam
1690 2103 1827 2166 aliig

297 2201 408 2236 non
453 2185 670 2236 debetis
713 2181 977 2234 sacerdos
1023 2184 1171 2248 fieri,
1230 2185 1331 2235 sed
1385 2201 1609 2237 uxorem
1672 2191 1829 2239 aeci·

297 2273 476 2336 pere'z
524 2274 580 2320 et
620 2269 866 2334 inspexit
909 2285 997 2320 me
1042 2268 1479 2337 delectabiliter,
1526 2273 1677 2336 quod
1720 2289 1829 2340 ego
1905 2265 1906 2274 ¹

301 2355 466 2406 eredo
502 2355 649 2419 quod
683 2371 768 2406 me
795 2356 967 2407 etiam
992 2354 1213 2405 occulte
1239 2358 1416 2404 amat:
1453 2371 1647 2406 verum
1670 2359 1831 2409 oculi
1905 2419 1906 2422 Ἴ

301 2441 422 2492 eius
470 2455 564 2491 eor
609 2455 788 2492 meum
831 2441 916 2490 sio
961 2439 1213 2507 leserunt
1254 2441 1403 2490 sieut
1442 2455 1558 2491 -una
1606 2444 1829 2508 sagitta

299 2528 710 2590 pertransisset.
783 2528 840 2576 et
873 2526 1067 2574 statim
1102 2525 1181 2576 ivi
1216 2524 1289 2577 ad
1320 2524 1536 2576 domum
1572 2541 1701 2578 cum
1739 2530 1831 2580 fa-

303 2602 450 2662 mulo
484 2627 634 2675 meo,
669 2613 728 2661 et
761 2611 922 2676 posui
955 2625 1043 2660 me
1080 2609 1151 2660 ad
1185 2611 1421 2660 lectum:
1468 2614 1606 2660 tuno
1642 2617 1831 2664 mater

305 2709 432 2746 mea
465 2695 645 2760 flevit,
685 2695 817 2759 qziia
845 2693 1039 2744 timuit
1072 2693 1219 2757 quod
1252 2687 1512 2747 haberem
1546 2697 1827 2762 pestilen-
1904 2755 1906 2762 Ι
