1942 3109
240 206 339 259 328
411 221 699 258 nmsrom
723 220 1087 259 onscvnonvn
1109 220 1360 256 vmonvu
1385 219 1562 256 now..

239 327 447 378 habent
468 326 856 377 verecundiam
882 330 938 376 et
960 330 1085 375 sunt
1110 326 1190 375 ita
1217 324 1472 374 audaces.
1531 324 1740 375 Tamen

238 411 456 463 habetis
488 411 707 461 Iltteras
741 410 1159 476 legitimationis
1193 414 1395 475 vestre.
1452 410 1601 475 Ergo
1626 410 1741 461 vel-

239 496 346 547 lem
392 512 483 547 eos
532 497 704 546 citare
750 496 845 560 qui
887 494 1079 544 dicunt
1121 495 1281 545 talia.
1349 494 1423 543 Et
1463 509 1596 559 rogo
1641 511 1739 547 vos

240 579 383 645 quod
426 582 484 630 in
520 579 702 631 Causa
745 578 874 629 fidei
906 579 1094 630 velitis
1129 580 1333 630 habere
1368 594 1625 644 magnam
1661 580 1740 629 di-

235 664 548 730 ligentiam,
587 664 730 729 quod
762 663 861 714 ille
895 665 1173 730 hereticus
1210 668 1303 713 eat
1338 663 1407 714 ad
1431 665 1736 729 patibulum

240 752 295 799 et
327 751 410 800 sic
442 749 659 801 Valete.
727 750 932 799 Datum
966 750 1294 815 Wormacie.

946 1002 1030 1054 55.

334 1124 384 1182 (Ι
425 1120 813 1205 Magister
855 1119 1279 1206 Sylvester
1323 1120 1645 1184 Gricius

511 1224 843 1290 Magistro
881 1224 1155 1274 Ortvino
1193 1222 1450 1274 Gratio.

341 1340 826 1406 Quoniamquidem
862 1355 960 1405 ego
1006 1354 1124 1389 sum
1169 1341 1379 1389 iuratus
1425 1340 1569 1403 quod
1612 1341 1743 1393 volo

239 1424 526 1475 defendere
563 1426 888 1476 facultatem
923 1439 1125 1487 meam,
1175 1426 1232 1473 et
1263 1439 1580 1487 promovere
1619 1428 1741 1477 eius

235 1509 532 1559 utilitatem
574 1510 632 1557 in
674 1508 948 1559 omnibus:
993 1508 1140 1572 Ergo
1173 1507 1299 1558 volo
1334 1507 1491 1557 vobis
1528 1510 1741 1559 articu-

236 1592 426 1644 lariter
470 1593 712 1643 scribere
759 1592 854 1657 qui
896 1595 1025 1642 sunt
1066 1591 1159 1641 hic
1205 1592 1300 1655 qui
1343 1592 1535 1642 favent
1578 1593 1741 1645 theo-

237 1676 378 1742 logis
417 1681 472 1727 et
507 1678 601 1741 qui
634 1678 826 1727 favent
847 1676 1084 1727 Iohanni
1104 1676 1403 1741 Reuchlin‚
1441 1681 1501 1727 ut
1536 1676 1738 1730 dicatis

237 1761 532 1827 Theologis
574 1761 716 1825 quod
760 1767 986 1827 possent
1028 1778 1087 1813 se
1144 1762 1380 1828 dirigere
1439 1764 1737 1813 secundum

235 1845 354 1894 hoc.
413 1846 651 1896 Primum
687 1850 814 1897 sunt
848 1846 1070 1910 quidam
1108 1847 1512 1899 Commensales
1547 1848 1606 1898 in
1640 1849 1738 1899 ho-

234 1930 399 1993 spitio
447 1929 656 2000 Corone
703 1932 798 1996 qui
841 1946 1055 1998 semper
1099 1933 1318 1984 faciunt
1360 1950 1596 1984 summas
1641 1950 1737 1983 ne-

237 2015 442 2078 quitias
478 2016 762 2083 Magistris
797 2019 999 2067 nostris
1037 2021 1092 2069 et
1127 2018 1392 2069 fratribus
1428 2018 1493 2069 de
1532 2019 1733 2070 Ordine

234 2100 662 2168 predicatorum,
699 2103 970 2153 facientes
1010 2102 1153 2167 quod
1187 2118 1343 2152 nemo
1388 2104 1448 2152 in
1489 2104 1595 2153 isto
1640 2103 1736 2153 ho-

234 2184 400 2247 spitio
437 2185 531 2235 dat
561 2185 944 2249 Elemosynam
968 2188 1421 2251 predicatoribus.
1478 2188 1595 2253 Ego
1620 2188 1738 2238 scio

234 2269 454 2319 nomina
491 2268 825 2332 aliquorum:
861 2286 1002 2319 unus
1037 2275 1269 2321 vocatur
1302 2271 1569 2336 Magister
1605 2272 1738 2322 Phi-

233 2353 415 2419 lippus
440 2353 740 2418 Keilbach,
779 2355 873 2418 qui
908 2370 1120 2420 semper
1153 2354 1396 2421 loquitur
1432 2356 1497 2407 de
1522 2356 1737 2406 Reueh-

232 2437 313 2486 lin
351 2437 730 2490 commendans
769 2454 916 2503 eum,
955 2444 1012 2490 et
1046 2441 1214 2492 semel
1248 2442 1514 2507 Magister
1548 2445 1741 2491 noster

234 2522 428 2572 Petrus
471 2522 662 2588 Meyer
709 2524 981 2589 plebanus
1027 2526 1085 2575 in
1128 2525 1531 2575 Franckfordia
1585 2524 1739 2575 dedit

235 2607 288 2655 ei
331 2608 529 2658 bonam
575 2624 888 2672 scommam3
935 2626 1077 2661 unus
1122 2610 1383 2661 Ulrichus
1420 2608 1485 2659 de
1520 2610 1736 2661 Hutten

235 2692 329 2755 qui
365 2698 448 2743 est
481 2691 640 2745 valde
677 2694 954 2761 bestialis,
994 2696 1090 2761 qui
1124 2694 1289 2745 semel
1325 2693 1490 2759 dixit,
1537 2696 1585 2744 si
1619 2696 1734 2745 fra-
