1942 3109
223 217 325 270 378
401 233 692 268 nms'rorun
717 233 1087 269 osscvnomm
1111 233 1369 268 vmonvn
1394 234 1572 270 Nova.

222 340 479 388 fecerunt
514 353 680 388 unum
705 353 804 388 eon
815 337 1000 387 silium
1027 342 1083 386 et
1108 339 1564 389 examinaverunt
1586 341 1743 391 illum

220 423 450 472 librum:
489 426 546 472 et
580 424 727 473 siout
763 439 864 487 ego
902 421 1092 473 audivi
1127 423 1199 473 ab
1233 423 1371 489 ipsis
1404 423 1473 474 de
1497 429 1661 476 nocte
1686 427 1746 475 in

225 509 482 558 convivio
527 508 625 558 ubi
670 506 1025 558 zechavimus
1069 508 1154 557 ita
1205 506 1545 573 liberaliter,
1601 511 1745 574 quod

224 593 472 658 oportuit
494 607 662 642 unum
685 590 819 642 dare
845 606 944 656 pro
982 591 1157 642 zecha
1190 596 1305 642 tres
1341 593 1562 659 obulos,
1600 595 1744 659 quod

225 693 328 742 ego
363 693 471 728 non
505 678 686 729 habeo
720 675 871 725 ultra
905 678 1227 742 pecuniam,
1266 676 1410 741 quod
1445 681 1564 742 ipso
1599 680 1743 730 male

223 763 423 812 stabit:
470 763 603 825 quia
637 761 826 826 posuit
857 761 939 811 ibi
984 761 1177 826 aliqua
1226 765 1421 812 contra
1466 763 1745 814 doctorem

223 851 476 896 sanetum
525 849 582 897 et
625 845 910 895 modernos
962 846 1250 896 doctorem
1302 850 1360 896 et
1412 847 1549 896 dicit
1602 848 1746 911 quod

222 930 367 980 filius
403 929 494 980 dei
529 935 616 981 est
649 931 838 981 factus
873 929 940 981 de
978 934 1154 995 patre.
1224 931 1365 981 Item
1399 931 1574 981 multa
1610 933 1747 996 alia,

224 1020 280 1066 et
315 1016 583 1082 pervertit
614 1016 877 1066 terminos
912 1015 1194 1082 theologie
1231 1014 1535 1080 ‘generare'
1563 1021 1619 1066 et
1644 1015 1749 1068 ‘fa-

225 1103 386 1164 cere',
428 1104 484 1151 et
518 1102 602 1151 sic
647 1101 714 1150 de
763 1101 920 1150 aliis:
976 1105 1035 1151 et
1076 1099 1218 1151 nihil
1265 1105 1427 1150 curat
1468 1101 1535 1151 de
1584 1117 1749 1166 argu-

221 1186 422 1236 mentis
473 1189 528 1235 et
572 1185 958 1251 questionibus
1007 1189 1066 1236 et
1109 1186 1455 1250 sophismata
1500 1185 1748 1238 doctoris

222 1271 432 1319 sancti:
483 1273 539 1319 et
574 1269 697 1320 ideo
731 1271 928 1321 volunt
962 1269 1123 1320 illum
1158 1270 1358 1320 librum
1398 1273 1747 1323 comburere:

223 1357 356 1418 quia
391 1355 584 1405 dicunt
619 1355 764 1418 quod
798 1371 908 1406 non
942 1355 1268 1421 intelligunt
1304 1370 1453 1405 eum:
1499 1359 1557 1406 et
1592 1358 1747 1420 quio-

221 1439 354 1502 quid
388 1440 498 1502 ipsi
531 1455 640 1489 non
666 1439 1019 1504 intelligunt,
1056 1439 1161 1489 hoc
1188 1441 1541 1490 comburunt:
1576 1442 1747 1506 Ergo.

221 1524 367 1585 Quia
423 1525 596 1572 omnis
653 1525 920 1587 magister
976 1527 1165 1583 noster
1224 1528 1310 1574 est
1364 1525 1488 1574 rabi
1542 1529 1599 1575 et
1650 1526 1749 1576 lux

221 1606 426 1656 mundi.
496 1607 681 1656 Etiam
716 1606 814 1657 ille
849 1607 995 1658 liber
1028 1607 1202 1658 habet
1243 1609 1421 1659 multa
1466 1609 1617 1659 dicta
1654 1611 1748 1660 Pi-

219 1692 484 1760 thagore‚
522 1692 618 1754 qui
653 1692 762 1741 fuit
784 1692 1267 1758 Nigromanticus=
1300 1694 1398 1744 sed
1434 1695 1746 1760 nigroman-

216 1777 300 1825 tia
337 1780 425 1826 est
459 1777 700 1826 seientia
723 1776 1035 1841 prohibita,
1070 1778 1219 1828 sieut
1238 1782 1399 1843 patet
1424 1777 1523 1829 .66.
1550 1784 1747 1842 quaest,

223 1859 302 1910 10.
344 1861 590 1926 capitulo
634 1861 816 1925 nullo,
864 1865 922 1912 et
953 1863 1013 1912 in
1050 1860 1277 1913 Oanone
1324 1861 1390 1912 ‘O
1427 1879 1527 1915 vos
1564 1864 1753 1914 asini':

220 1949 276 1996 et
325 1945 626 1997 concordat
671 1946 864 1997 doc-‚tor
921 1951 1153 1997 sanetus
1202 1950 1259 1997 et
1300 1946 1641 1998 Arestoteles
1690 1949 1753 1999 in

217 2047 362 2083 nono
409 2033 754 2082 Phisicorum
801 2031 868 2082 de
911 2032 1261 2097 ignorantiis.
1350 2031 1455 2081 Est
1499 2032 1643 2082 enim
1688 2033 1751 2084 in

218 2118 322 2169 hoo
361 2120 530 2168 etiam
564 2119 708 2174 libro
731 2116 964 2167 multum
988 2117 1278 2184 hebreum,
1316 2115 1461 2179 quod
1494 2117 1755 2182 magistri

218 2203 393 2252 nostri
427 2217 538 2252 non
574 2205 808 2266 possunt
851 2201 1071 2265 legere,
1119 2205 1175 2250 et
1218 2200 1449 2251 multum
1494 2217 1753 2267 grecumt

219 2291 275 2337 et
310 2287 444 2350 quia
477 2286 588 2351 ipsi
623 2301 733 2335 non
771 2288 971 2333 curant
1005 2284 1110 2349 heo
1144 2301 1321 2348 vana,
1368 2285 1466 2335 sed
1512 2287 1753 2351 maiora,

217 2377 276 2421 et
309 2369 432 2420 ideo
481 2369 872 2435 disposuerunt
905 2369 1169 2419 Ioannem
1204 2369 1556 2420 Pfefferkorn
1602 2371 1751 2420 chri·

219 2456 460 2506 stianum
517 2458 574 2505 et
627 2454 910 2504 dimidium
963 2453 1221 2519 Iudeum‚
1278 2455 1375 2516 qui
1426 2458 1515 2504 est
1567 2456 1751 2506 bonus

218 2541 430 2590 ebrius:
479 2543 536 2588 et
578 2539 677 2588 ille
722 2538 835 2588 iam
884 2539 1168 2590 examinat
1200 2553 1269 2587 ne
1307 2539 1451 2590 forte
1488 2539 1570 2590 ibi
1602 2539 1755 2591 latet

213 2639 489 2676 venenum
524 2625 624 2673 sub
672 2622 856 2674 mello.
929 2623 1037 2676 Sed
1081 2624 1209 2674 volo
1254 2622 1357 2673 illa
1404 2625 1517 2674 iam
1560 2623 1751 2674 dimit·-

217 2712 362 2772 tere.
411 2708 544 2779 quia
587 2707 894 2765 videbimus
938 2710 1083 2764 bene
1126 2709 1187 2766 iu
1233 2707 1494 2764 nundinis
1534 2709 1753 2764 Franc-
