1942 3109
174 257 518 298 cousvnmr.
545 255 810 293 vannus.
839 255 1089 328 noevum.
1116 256 1170 290 n.
1196 250 1263 291 31.
1292 255 1413 291 ocr.
1440 251 1557 294 151⁰.
1638 241 1705 294 33

171 364 350 417 licitis
373 361 754 428 prohibentur,
765 359 860 412 vel
883 361 1085 410 saltem
1109 357 1180 409 ad
1197 359 1329 410 illas
1354 374 1464 410 non
1482 362 1705 425 permit-

173 453 394 511 tantur,
431 445 674 496 Maxime
709 461 809 510 pro
844 444 1137 510 republica
1170 445 1423 496 Romana
1460 449 1515 494 et
1552 440 1706 495 chri-

173 534 364 586 stiana
380 530 662 582 videretur
682 528 962 594 expedire,
974 534 1031 580 et
1047 528 1404 594 plurimorum
1416 527 1708 598 Iudeorum

178 618 600 669 conversionem
623 630 965 681 promovere,
1002 613 1063 663 Si
1086 607 1157 668 ab
1182 625 1358 667 usura
1381 617 1647 678 tanquam
1674 629 1707 663 a

174 719 234 754 re
256 702 465 753 illicita
490 700 758 766 prohibiti
781 699 853 749 ad
877 698 1023 749 alias
1050 702 1230 764 artes,
1269 699 1631 768 operationes
1653 701 1709 772 et

173 786 399 838 labores
445 787 647 836 saltem
691 785 882 835 licitas
941 783 1419 835 admitterenturc
1478 775 1535 846 *CI
1582 781 1725 847 Qua'

177 876 363 924 autem
387 871 484 921 via
509 869 582 920 ad
617 868 868 936 predicta
905 867 1313 934 procedendum
1350 868 1443 934 sit,
1480 868 1567 920 An
1605 869 1710 919 ali·

178 956 306 1020 quis
353 968 649 1019 processus
697 957 795 1004 aut
841 953 1031 1018 qualis
1074 952 1448 1003 instituendus
1494 954 1707 1017 veniat,

180 1039 416 1089 credunt
437 1036 584 1102 quod
605 1031 812 1087 domini
831 1037 898 1088 de
923 1037 1203 1088 facultate
1238 1030 1479 1086 iuridic&
1514 1038 1629 1100 sint
1652 1039 1708 1086 in

177 1125 289 1175 isto
329 1121 655 1173 consulendi
693 1125 750 1172 et
785 1121 1065 1172 audiendi.
1139 1112 1195 1170 Ιῐ
1229 1121 1491 1172 Decanus
1516 1119 1721 1186 ita'que‘

178 1212 238 1258 et
271 1206 530 1256 doctores
565 1205 862 1256 facultatis
896 1205 1131 1272 iuridice
1168 1205 1274 1256 hoc-
1296 1209 1465 1269 pacto
1492 1205 1563 1254 ad
1585 1221 1710 1273 pre—

179 1291 334 1340 dicta
359 1287 764 1356 procedendum
787 1290 907 1340 fore
935 1293 1291 1353 censuerunt,
1314 1288 1582 1354 Quod,·ex
1603 1303 1710 1353 quo

183 1375 391 1426 crimen
434 1375 646 1441 heresis
695 1378 778 1424 est
820 1389 968 1425 mere
1018 1374 1496 1438 ecclesiasticum,
1544 1373 1712 1426 iudex

180 1460 366 1510 laicus
425 1457 493 1508 de
540 1473 604 1508 eo
667 1473 1003 1524 cognoscere
1048 1472 1159 1510 non
1214 1462 1415 1522 potest.
1466 1473 1587 1524 cap.
1635 1459 1714 1508 Ut

179 1544 568 1610 inquisitionis
602 1544 688 1594 De
724 1544 991 1610 hereticis
1026 1544 1197 1594 Libro
1234 1542 1432 1608 Sexto,
1480 1543 1577 1594 sed
1613 1559 1709 1608 po·

179 1631 292 1680 tius
327 1629 632 1692 inquisitor
665 1628 915 1696 heretice
951 1629 1253 1694 pravitatis
1279 1643 1403 1678 cum
1428 1628 1714 1694 episcopo,

183 1712 455 1764 Clement.
497 1711 615 1762 eod.
642 1712 762 1774 tit„
798 1711 1045 1762 Tenetur
1088 1716 1275 1764 tamen
1321 1713 1486 1764 iudex
1531 1713 1711 1764 laicus

177 1812 292 1848 non
325 1797 504 1848 solum
537 1797 872 1848 sententiam
905 1813 1007 1863 per
1040 1797 1319 1866 predictos
1361 1789 1535 1856 Istam
1578 1795 1725 1848 fide--
1788 1815 1791 1818 ·

177 1881 312 1932 liter
345 1883 570 1944 exequi,
607 1881 704 1932 sed
739 1882 908 1932 etiam
939 1879 948 1946 Ι
980 1883 1039 1932 in
1072 1897 1337 1947 processu
1368 1881 1707 1932 instituendo
1731 1881 1824 1950 etij

184 1980 287 2016 seu
323 1963 628 2015 exercendo
667 1964 872 2017 eisdem
907 1967 1191 2016 assistere.
1218 1965 1349 2014 dict.
1378 1979 1499 2028 cap.
1524 1965 1603 2014 ‘Ut
1624 1967 1709 2014 in-

180 2049 530 2115 quisitionis,
565 2049 956 2114 ProhibemuS,
994 2049 1127 2102 Ideo
1154 2047 1466 2099 consultum
1490 2045 1712 2098 videtur

180 2131 330 2198 quod
351 2134 604 2197 inprimis
629 2133 871 2201 Cesarea
895 2135 1164 2184 maiestas
1200 2131 1424 2183 mandet
1458 2133 1559 2183 sub
1592 2141 1763 2182 ma--u‘

180 2216 348 2267 ximis
370 2216 547 2278 penis,
574 2216 718 2280 quod
740 2218 936 2283 perfidi
951 2217 1127 2286 Iudei,
1155 2221 1371 2270 attenta
1396 2215 1712 2268 considera-

180 2305 353 2364 taque
379 2298 630 2349 diffamia
655 2301 966 2365 eorundem,
981 2302 1125 2366 quod
1148 2303 1579 2368 depravaverint
1598 2316 1710 2353 non

177 2384 342 2436 modo
377 2383 552 2435 libros
588 2385 796 2435 veteris
831 2388 1180 2452 testamenti,
1228 2386 1429 2450 quibus
1476 2387 1707 2451 permis-

179 2484 301 2520 sum
339 2472 428 2518 est
461 2467 545 2518 eis
581 2469 664 2518 uti
698 2469 756 2517 in
793 2468 1103 2536 Synagogis
1142 2486 1353 2533 eorum,
1403 2469 1501 2521 sed
1536 2471 1725 2520 etiam

179 2567 354 2604 novos
391 2552 595 2617 libros,
632 2555 826 2619 utpote
863 2553 1126 2604 Thalmut
1152 2558 1208 2604 et
1240 2554 1535 2618 plerosque
1564 2554 1706 2604 alios

182 2638 611 2703 composuerint,
645 2639 706 2688 in
744 2639 948 2704 quibus
984 2637 1211 2688 sinistre
1249 2642 1305 2688 et
1339 2653 1599 2702 perverse
1622 2639 1705 2686 in-

177 2723 559 2786 terpretantur
581 2723 762 2790 legem
771 2721 1113 2786 Mosaycam‚
1134 2722 1451 2785 prophetas,
1478 2723 1535 2768 et
1556 2718 1710 2782 psal-

1300 2818 1333 2867 3
