1942 3109
311 211 439 244 von.
481 211 520 243 1.
593 205 661 244 11.
701 209 979 244 consent
1022 206 1475 244 panesa-mmet&
1595 191 1663 243 29

135 317 367 378 positum
387 320 586 364 contra
611 317 882 376 quattuor
901 314 1326 376 universitates,
1350 327 1447 376 pro
1458 311 1658 379 IndeIs,

138 403 191 446 et
233 399 372 448 facit
415 399 828 463 propositiones
865 397 1235 447 scandalosas
1272 401 1329 446 et
1362 397 1659 446 offensivas

137 484 349 546 piarum
385 485 619 545 aurium,
657 487 722 530 ut
746 483 1008 547 probavit
1030 482 1269 532 Ioannes
1294 481 1658 544 Pfefferkorn,

138 571 193 615 et
227 568 496 631 magister
529 571 724 616 noster
757 568 1086 632 Tangam„
1136 566 1231 616 sed
1266 581 1375 616 non
1414 569 1499 615 est
1534 567 1660 615 fun-

135 651 295 700 datus
332 653 391 700 in
427 650 738 714 Theologia
765 651 1140 714 speculativa,
1177 666 1281 700 nec
1306 650 1661 714 qualificatus

137 737 189 783 in
221 735 548 797 Aristotele,
587 739 688 784 aut
719 735 886 784 Petro
911 735 1183 799 Hispano.
1254 734 1385 784 Ideo
1410 735 1663 798 magistri

141 820 306 868 nostri
350 821 410 868 in
445 818 736 868 Parrhisia
772 818 1179 868 damnaverunt
1213 835 1332 868 eum
1372 818 1442 868 ad
1476 819 1659 882 ignem

135 904 222 953 vel
269 903 746 954 reclamationem.
816 903 936 967 Ego
984 903 1101 952 vidi
1134 903 1379 952 litteram
1414 906 1471 951 et
1506 903 1659 966 sigil-

135 989 243 1036 lum
279 987 485 1037 domini
533 987 752 1036 Decani
789 992 1119 1054 sacrosante
1154 987 1447 1037 facultatis
1483 987 1660 1035 Theo-

134 1073 319 1137 logice
353 1072 777 1122 Parrhisiensis.
851 1086 991 1120 unus
1028 1072 1413 1136 magistrorum
1448 1075 1661 1118 nostro-

139 1171 256 1204 rum
316 1154 478 1204 valde
534 1155 840 1220 profundus
895 1157 956 1204 in
1004 1169 1165 1204 sacra
1212 1155 1544 1219 Theologia‚
1606 1159 1662 1203 et

137 1239 484 1290 illuminatus
530 1242 587 1288 in
621 1239 756 1303 fide,
807 1241 902 1303 qui
941 1243 1027 1290 est
1060 1241 1357 1290 membrum
1394 1243 1661 1303 quattuor

135 1326 590 1389 universitatum,
636 1329 694 1374 et
740 1325 836 1388 qui
868 1325 1042 1374 habet
1076 1325 1201 1390 plus
1238 1341 1401 1388 quam
1440 1327 1658 1374 centum

137 1409 452 1458 scribentes
486 1423 649 1473 super
686 1409 858 1458 libros
895 1410 1327 1472 sententiarum,
1367 1409 1422 1457 in
1462 1408 1661 1471 quibus

139 1509 198 1542 se
235 1492 453 1555 fundat,
490 1493 632 1541 dixit
665 1493 965 1542 manifeste
994 1493 1136 1556 quod
1161 1493 1443 1561 predictus
1470 1493 1663 1542 doctor

141 1577 378 1626 Ioannes
411 1577 684 1626 Reuehlin
731 1591 842 1627 non
877 1581 1067 1640 potest
1102 1578 1367 1641 evadere,
1412 1577 1472 1626 ‘et
1514 1576 1663 1639 'quod

142 1665 307 1711 etiam
344 1661 500 1725 Papa
543 1677 654 1711 non
702 1661 870 1711 audet
899 1661 1048 1711 'dare
1096 1663 1432 1712 sententiam
1470 1664 1663 1710 contra
1734 1649 1737 1654 ¹

137 1745 306 1795 talem
363 1745 810 1795 solennissimam
855 1746 1301 1810 universitatem,
1363 1747 1497 1810 quia
1542 1747 1663 1809 ipse

139 1845 245 1879 non
275 1819 383 1879 'est
416 1829 760 1894 Theologus,
810 1833 868 1879 et
901 1831 1126 1879 beatum
1164 1831 1427 1880 Thomam
1466 1833 1663 1878 contra

142 1915 380 1976 gentiles
415 1929 524 1964 non
560 1913 852 1978 intell-igit,
890 1915 1143 1978 quamvis
1180 1914 1373 1964 dicunt
1408 1913 1551 1977 quod
1578 1917 1664 1962 est

142 1998 334 2048 doctus
378 1997 646 2048 videlicet
681 1999 739 2046 in
776 1999 950 2062 poesi.
1024 1998 1287 2048 Ostendit
1320 1997 1454 2047 mihi
1489 1998 1663 2062 mag-i-

137 2086 250 2131 ster
281 2087 476 2132 noster
508 2083 605 2144 qui
641 2085 726 2132 est
760 2081 1035 2145 plebanus
1072 2081 1141 2130 ad
1178 2087 1433 2131 sanetum
1470 2075 1666 2130 Marti-

139 2181 268 2214 num
313 2166 638 2230 epistolam,
693 2166 754 2214 in
803 2179 914 2228 qua
959 2166 1063 2215 illa
1108 2166 1445 2216 universitas
1492 2166 1668 2216 sorori

137 2266 234 2316 sue
293 2251 656 2300 universitati
709 2249 1034 2299 Coloniensi
1077 2249 1241 2300 valde
1292 2247 1667 2300 amicabiliter

139 2335 412 2397 promittit
470 2334 743 2383 auxilium
777 2347 949 2382 -suum
994 2332 1225 2383 realiter
1272 2349 1395 2382 eum
1442 2333 1663 2384 effecta.

139 2418 211 2464 Et
267 2422 459 2467 tamen
518 2417 642 2466 isti·
674 2417 1061 2467 latinisatores
1106 2422 1429 2484 presumunt
1474 2421 1665 2467 tenere

139 2501 473 2565 oppositum.
543 2501 666 2564 Ego
699 2499 820 2549 sedi
851 2515 1033 2564 nuper
1063 2501 1351 2567 Magantia?
1378 2501 1435 2549 in
1462 2513 1667 2550 corona

140 2584 421 2648 hospicio,
467 2585 568 2634 ubi
601 2581 1012 2634 tribulaverunt
1044 2597 1129 2634 me
1165 2583 1327 2634 valde
1366 2573 1668 2632 indiscrete

115 2667 252 2720 -duo
290 2668 616 2730 trufatores,
653 2670 710 2715 et
740 2671 1085 2718 vocaverunt
1117 2667 1416 2728 magistros
1453 2667 1673 2710 nostros
