1942 3109
376 230 509 267 von.
536 231 579 263 1.
649 224 719 264 25.
756 228 1026 264 parurn
1063 226 1426 265 sctum-ons.
1599 214 1666 265 71

130 336 529 399 Meehanieus‚
582 333 643 385 id
688 338 777 384 est
823 331 1202 385 adulterinum
1247 333 1376 383 hinc
1409 332 1672 385 dicuntur

134 426 285 473 artes
320 421 681 487 mechaniee,
717 418 774 469 id
809 422 897 470 est
932 417 1274 486 adulterine,
1311 423 1568 485 respectu
1597 420 1666 469 li—

132 508 431 570 beralium,
469 520 583 573 que
618 508 747 555 sunt
776 519 909 571 vere
946 507 1120 555 artes.
1175 502 1313 554 Item
1335 506 1670 555 mensorium

132 596 221 643 est
270 590 549 655 quicquid
592 589 664 641 ad
706 604 955 641 mensam
999 590 1260 655 pertinet.
1327 588 1470 639 Item
1501 588 1668 653 Poly·

130 678 313 728 histor
368 676 583 727 dieitur
638 674 735 738 qui
786 675 897 725 seit
934 674 1146 725 multas
1189 673 1482 723 historiast
1539 673 1668 723 inde

100 765 291 814 'venit
322 760 727 825 Polyhistoria,
762 758 821 809 id
856 762 941 809 est
972 757 1274 823 pluralitas
1297 758 1666 809 historiarum.

128 847 453 911 Polysenus
488 845 695 895 dieitur
728 845 823 909 qui
845 844 1024 897 habet
1045 842 1232 909 plures
1255 845 1488 895 sensus’.
1548 842 1668 894 Ista

134 936 196 984 et
232 930 451 982 similia
486 928 627 979 dicit
658 944 767 979 non
803 944 933 980 esse
965 943 1132 992 vera,
1169 930 1224 979 et
1257 926 1670 979 scandalizavit

132 1033 225 1067 me
253 1031 441 1067 eoram
464 1014 819 1065 scholaribus
842 1014 1004 1065 meis.
1076 1013 1231 1063 Tunc
1256 1028 1360 1077 ego
1384 1012 1500 1063 dixi
1521 1012 1669 1077 quod

138 1100 364 1151 suffieit
410 1099 479 1149 ad
521 1103 775 1167 eternam
817 1099 1061 1149 salutem
1075 1134 1092 1160 ,
1135 1096 1284 1161 quod
1329 1098 1536 1161 aliquis
1581 1102 1672 1148 est

136 1184 384 1248 simplex
424 1184 821 1249 grammaticus
872 1186 931 1232 et
975 1181 1178 1233 saltem
1221 1181 1332 1231 seit
1365 1182 1668 1247 exprimere

132 1270 341 1319 mentis
378 1272 723 1335 conceptum.
797 1268 955 1317 Tune
978 1266 1280 1333 respondit,
1317 1266 1462 1331 quod
1485 1282 1668 1331 neque

134 1370 263 1405 sum
288 1354 535 1417 simplex
554 1366 735 1417 neque
760 1352 969 1417 duplex
992 1352 1410 1417 grammaticus,
1445 1356 1504 1401 et
1525 1352 1672 1402 nihil

135 1438 279 1489 seio.
356 1438 509 1487 Tune
552 1438 639 1489 fui
681 1436 921 1503 letatus,
979 1437 1116 1499 quia
1161 1436 1274 1485 iam
1315 1434 1446 1486 volo
1493 1436 1672 1485 citare

135 1538 267 1573 eum
304 1522 375 1573 ad
408 1521 710 1587 privilegia
744 1520 1131 1572 universitatis
1165 1520 1526 1585 Viennensis,
1571 1521 1671 1571 ubi

132 1607 311 1657 debet
342 1605 674 1669 respondere
708 1606 872 1670 mihi,
920 1607 1056 1669 quis
1099 1607 1182 1659 ibi
1225 1620 1344 1657 sum
1385 1608 1670 1669 promotus

134 1692 207 1741 de
242 1691 437 1755 gratia
468 1688 563 1739 dei
592 1692 653 1741 in
686 1691 1041 1755 magistrum:
1089 1694 1147 1741 et
1181 1689 1232 1740 si
1265 1689 1352 1741 fui
1383 1688 1672 1743 sufficiens

134 1776 247 1827 toti
277 1775 669 1839 universitati,
718 1774 889 1825 etiam
925 1776 1055 1826 volo
1091 1774 1377 1825 sufficiens
1413 1790 1536 1827 esse
1571 1778 1670 1827 uni

136 1864 335 1927 poete,
396 1859 529 1923 quia
576 1859 915 1911 universitas
963 1864 1050 1910 est
1093 1858 1223 1924 plus
1272 1872 1437 1923 quam
1481 1863 1668 1925 poete.

136 1947 217 1995 Et
254 1944 499 1995 credatis
535 1943 689 2008 mihi,
726 1960 829 2009 ego
858 1959 969 1995 non
991 1944 1198 1995 vellem
1221 1944 1386 1995 istam
1405 1944 1670 1997 iniuriam

138 2030 275 2081 dare
302 2044 399 2095 pro
422 2028 627 2093 viginti
650 2028 894 2079 florenis.
948 2029 1170 2079 Dicitur
1193 2029 1284 2081 hie
1311 2029 1457 2092 quod
1477 2046 1670 2083 omnes

138 2116 311 2179 poete
342 2114 539 2165 volunt
574 2117 728 2165 stare
766 2128 889 2163 eum
924 2112 1151 2165 doctore
1175 2112 1450 2165 Reuchlin
1475 2119 1672 2165 eontra

142 2197 480 2264 Theologos,
530 2201 587 2249 et
632 2196 781 2263 quod
824 2212 965 2249 unus
1011 2200 1122 2251 ism
1159 2199 1466 2264 composuit
1498 2214 1672 2253 unum

138 2285 347 2337 librum
402 2285 500 2349 qui
549 2286 791 2335 vocatur
837 2282 1169 2349 Triumphus
1218 2282 1520 2348 Capnionis
1536 2320 1551 2348 ,
1611 2288 1670 2337 et

140 2368 395 2419 eontinet
440 2367 621 2419 multa
666 2367 941 2419 scandala
983 2368 1152 2419 etiam
1195 2366 1262 2421 de
1297 2368 1476 2421 vobis.
1544 2370 1670 2421 Uti-

139 2460 267 2505 nm
304 2468 499 2504 omnes
532 2456 699 2520 poete
744 2456 933 2505 essent
977 2453 1060 2503 ibi
1101 2453 1199 2505 ubi
1241 2453 1400 2517 piper
1445 2455 1670 2518 erescit,

140 2540 289 2603 quod
332 2538 685 2589 dimitterent
724 2552 827 2590 nos
873 2538 933 2587 in
975 2554 1146 2603 paee,
1193 2538 1326 2601 quia
1369 2538 1672 2590 timendum

142 2628 235 2675 est
270 2623 417 2687 quod
440 2623 715 2675 Facultas
750 2623 1008 2675 artistiea
1041 2622 1248 2687 peribit
1281 2624 1507 2685 propter
1539 2620 1674 2669 illos

142 2712 375 2772 poetas:
414 2709 551 2772 quia
584 2708 697 2771 ipsi
731 2706 951 2769 dieunt,
990 2704 1138 2769 quod
1175 2704 1374 2765 artiste
1409 2699 1684 2749 seducunt
