1942 3109
233 235 618 276 consvn‘lwno
643 235 755 272 uc.
779 236 1185 274 ΗΟΟΗΒΤΒΔΤΕΝ
1210 239 1265 273 D.
1278 233 1319 274 9.
1334 239 1452 275 00'1'·
1464 239 1517 275 A.
1532 235 1646 276 1510.
1684 223 1753 276 39

231 343 684 409 gratiosissimam
719 341 1149 394 dominationem
1186 342 1410 393 aliunde
1446 345 1587 395 satis
1610 343 1751 395 mul-

227 427 496 492 tipliciter
519 431 848 493 occupatam
871 427 1035 478 nimis
1062 426 1335 495 attediare
1360 428 1751 494 prolixioribus

229 512 475 576 ineptiis.
531 513 636 565 hoc
668 528 838 563 unum
870 515 1059 564 tamen
1094 527 1163 562 ex
1196 515 1387 564 vestra
1410 512 1752 564 reverendis-

231 597 368 667 sima
391 596 766 648 dominatione
785 597 1073 648 humiliter
1093 601 1381 661 exoptans,
1400 601 1465 648 ut
1484 601 1541 648 et
1560 613 1644 648 me
1668 598 1750 648 in-

227 685 312 731 ter
332 696 462 733 suos
484 682 722 734 humiles
757 685 1009 733 oratores
1046 684 1104 732 et
1136 681 1387 733 servulos
1424 697 1752 732 annumera-

225 768 342 816 tum
363 766 568 817 habere
593 766 869 832 dig-netur,
905 769 964 817 et
987 766 1117 817 huic
1150 766 1492 832 pauperculo
1525 781 1752 835 presen-

225 850 364 900 tium
380 850 552 901 latori
567 851 770 902 Ioanni
787 849 1116 902 Pefferkorn
1135 851 1415 918 paternali
1438 851 1644 902 affectu
1664 865 1752 901 as-

226 933 424 984 sistere
459 934 618 997 velit,
653 939 922 999 tanquam
953 936 1074 986 viro
1101 936 1335 998 probato
1362 939 1419 985 et
1441 935 1570 986 fidei
1595 935 1753 986 Chri·
1822 977 1829 990 .

229 1017 413 1084 stiane
448 1032 546 1086 pre
574 1020 774 1070 ceteris
811 1035 880 1070 ex
901 1018 1181 1070 Iudaismo
1220 1020 1503 1071 conversis
1538 1018 1752 1069 fervido

228 1101 489 1166 zelatori,
545 1104 636 1154 cui
668 1107 796 1170 post
830 1119 989 1154 suam
1022 1103 1083 1153 in
1121 1102 1341 1156 Christo
1376 1103 1755 1169 regeneratio-

227 1201 352 1236 nem
385 1186 512 1236 laus
539 1191 626 1236 est
650 1191 707 1236 et
741 1188 1073 1253 approbatio
1107 1203 1208 1254 per
1242 1192 1417 1240 totam
1454 1186 1754 1238 ecclesiam

236 1274 493 1321 sanctam
530 1269 936 1323 Coloniensem.
1006 1272 1073 1322 In
1115 1272 1203 1323 his
1250 1272 1621 1337 quamoptime
1654 1287 1753 1322 va-

227 1354 350 1405 leat
396 1357 588 1406 vestra
633 1356 934 1408 dominatio
981 1373 1082 1422 per
1122 1357 1299 1408 multa
1344 1355 1539 1425 secula
1594 1355 1751 1406 felix.

224 1440 313 1490 Ex
343 1437 580 1492 Colonia
615 1441 705 1492 die
741 1457 890 1493 nona
914 1441 1075 1492 Octo.
1146 1441 1307 1493 Anno
1328 1440 1755 1493 incarnationis.

222 1525 547 1578 M.ccccc.x.

359 1611 562 1679 'Vestra
607 1611 1071 1679 reverendissime
1116 1610 1475 1677 paternitatis
1524 1614 1580 1661 et
1624 1625 1751 1675 gra-

933 1696 1235 1764 tiosissime
1270 1694 1660 1747 dominationis

359 1780 604 1831 Humilis
639 1784 830 1832 orator
867 1783 924 1831 et
955 1780 1211 1832 servulus
1245 1781 1421 1830 frater
1454 1778 1693 1830 Iacobus

359 1863 741 1917 Hochstraten
799 1865 1011 1916 ordinis
1068 1837 1476 1932 predicatorum
1531 1862 1751 1928 Regens

935 1948 1109 1998 studii

357 2034 433 2085 Et
465 2033 714 2103 heretice
751 2032 1053 2099 pravitatis
1086 2032 1409 2096 inquisitor,
1448 2032 1555 2080 etc.

697 2119 896 2170 Frater
929 2117 1170 2168 Iacobus
1206 2115 1603 2166 Hochstraten.

331 2201 616 2267 obsequia
675 2207 733 2254 et
789 2202 995 2254 devota
1052 2202 1397 2252 salutatione
1467 2198 1749 2250 humiliter

220 2287 496 2354 premissa
567 2287 928 2339 serenissime
997 2288 1316 2351 imperator.
1386 2285 1621 2350 negocio
1688 2284 1748 2332 in

221 2386 400 2422 causa
433 2369 728 2438 Iudeorum
760 2387 857 2436 per
889 2375 1139 2423 vestram
1171 2370 1529 2420 Maiestatem
1564 2368 1749 2432 parvi—

216 2457 327 2508 tati
363 2469 484 2523 mee
521 2455 780 2520 imposito
825 2455 1013 2508 debita
1058 2469 1183 2505 cum
1224 2453 1539 2504 reverentia
1582 2451 1747 2502 satis-

215 2541 412 2592 facere
451 2541 702 2606 cupiens,
751 2541 1155 2592 communicato
1190 2539 1342 2603 prius
1380 2535 1465 2602 (ut
1497 2552 1602 2602 par
1637 2534 1746 2600 est)

219 2639 347 2674 cum
381 2623 567 2692 divine
605 2629 664 2676 et
697 2625 938 2691 humane
984 2624 1125 2688 legis
1171 2622 1521 2683 doctoribus,
1566 2621 1747 2670 senci-

217 2711 466 2760 mentum
497 2723 680 2760 meum
717 2711 987 2772 quantum
1022 2706 1343 2770 epistolaris
1377 2703 1623 2752 brevitas
1647 2715 1747 2764 pa-
