1942 3109
363 273 430 318 61.
455 277 620 314 rn’rnt
645 277 1007 318 cnamnns.
1052 275 1117 318 62.
1144 279 1279 318 nu.
1306 278 1522 317 amru.
1600 263 1699 316 347

900 381 985 433 62.

509 503 559 562 (ἱ
601 499 1003 584 Magister
1047 501 1377 567 Gratius

651 605 876 670 Zisanie
909 605 1103 670 Extirp
1110 610 1231 656 ator

553 690 658 742 hoc
693 692 780 740 est
814 691 995 740 furum
1030 706 1329 756 suspensor

517 774 852 841 proditorum
905 775 1363 842 quadruplicatur

321 861 678 912 falsariorum
713 865 770 911 et
807 860 1263 912 calumniatorum
1297 863 1546 929 virgator

581 944 946 1010 hereticorum
987 946 1297 996 combustor

727 1032 783 1079 et
817 1027 994 1078 multa
1030 1028 1145 1078 alia

608 1114 944 1180 Magistro
984 1112 1029 1163 Ο
1045 1114 1273 1164 rtvino

661 1196 935 1249 avunculo
969 1202 1217 1248 materno

551 1283 800 1334 Salutem
835 1282 976 1333 dicit
1008 1283 1315 1348 plurimam.

281 1403 617 1454 charissime
656 1403 926 1453 avuncule
961 1417 1067 1453 nec
1101 1419 1210 1453 non
1241 1403 1694 1456 reverendissime

174 1490 394 1541 domine
419 1489 708 1554 Magister,
736 1487 880 1551 Quia
906 1487 1016 1538 iam
1043 1491 1171 1539 sunt
1185 1488 1346 1538 multi
1364 1491 1497 1540 anni
1516 1490 1696 1557 elapsi

171 1579 230 1628 et
268 1591 381 1625 non
416 1573 653 1624 vidimus
688 1589 788 1624 nos
824 1572 1093 1638 invicem,
1131 1572 1391 1640 Cogitavi
1427 1576 1571 1640 quod
1594 1577 1691 1628 bo-

171 1675 308 1710 num
347 1661 519 1720 esset,
557 1657 700 1722 quod
733 1659 892 1709 vobis
916 1672 1083 1708 unam
1108 1658 1351 1709 litteram
1375 1662 1689 1712 scriberem.

173 1743 358 1794 Audio
397 1742 540 1794 enim
575 1743 749 1794 multa
783 1742 1064 1794 mirabilia
1100 1742 1166 1793 de
1200 1745 1386 1809 vobis,
1424 1744 1691 1808 quomodo

180 1830 308 1878 sitis
342 1843 539 1896 magne
577 1829 737 1878 famae
756 1867 770 1892 ‚
805 1829 878 1877 Et
904 1827 1097 1878 dicunt
1120 1827 1264 1892 quod
1286 1829 1397 1878 iam
1424 1829 1555 1880 estis
1580 1846 1691 1880 om-

177 1912 344 1962 nibus
381 1913 546 1964 etiam
581 1913 928 1964 mediocriter
961 1912 1138 1963 doctis
1164 1917 1355 1979 notus,
1380 1929 1491 1964 non
1516 1914 1691 1965 solum

171 1999 234 2048 in
273 1996 529 2062 Colonia,
577 1997 674 2048 sed
721 1999 888 2049 etiam
935 1997 1084 2047 ultra
1119 1997 1301 2048 Albim
1338 2002 1393 2048 et
1426 1998 1690 2063 Rhenum,

171 2087 230 2134 et
268 2087 441 2135 etiam
477 2085 535 2133 in
570 2087 692 2134 tota
716 2082 883 2133 Italia
921 2086 978 2133 et
1011 2083 1271 2132 Francia.
1335 2080 1691 2133 colonienses

167 2173 364 2218 tamen
386 2170 648 2234 precipue
677 2168 866 2219 colunt
887 2183 987 2219 vos
1023 2171 1245 2233 propter
1282 2169 1562 2234 egregiam
1597 2167 1691 2219 do-

170 2253 442 2317 ctrinam,
479 2269 643 2318 quam
677 2253 923 2305 scribitis
958 2255 1018 2303 in
1052 2252 1157 2304 fide
1196 2253 1473 2304 catholica
1501 2257 1693 2304 eontra

168 2337 450 2403 quendam
485 2339 766 2391 doctorem
802 2343 858 2389 et
891 2343 1111 2405 poetam
1148 2338 1456 2405 secularem
1491 2338 1688 2389 Iohan-

165 2439 296 2474 nem
319 2423 613 2487 Reuchlin‚
638 2422 712 2472 Et
734 2423 816 2473 ita
853 2438 949 2474 vos
986 2424 1291 2489 inspiciunt
1326 2426 1381 2472 et
1418 2421 1688 2473 admiran—

167 2513 270 2558 tur
308 2509 467 2573 Quod
505 2523 829 2573 quocunque
869 2509 1009 2558 eatis
1044 2509 1103 2558 in
1137 2507 1347 2573 platea,
1384 2511 1515 2558 tunc
1539 2523 1689 2559 mon-

165 2598 352 2644 strant
391 2608 514 2642 cum
561 2591 748 2658 digitis
792 2608 955 2658 super
998 2608 1126 2656 vos,
1174 2591 1403 2642 dicendo
1451 2591 1560 2644 ‘hic
1606 2597 1692 2643 est

163 2659 460 2742 Magister·
480 2678 743 2729 Ortvinus
780 2679 875 2742 qui
909 2676 993 2725 ita
1025 2681 1193 2728 vexat
1226 2679 1459 2740 poetas’.
1514 2675 1689 2724 Credo

166 2764 223 2813 si
271 2762 482 2811 scirent
525 2760 668 2826 quod
713 2761 911 2812 essetis
958 2760 1266 2809 avunculus
1320 2771 1502 2818 meus,
1556 2759 1692 2804 tunc
