1942 3109
162 256 387 293 nvem..
398 254 473 291 An
498 253 743 291 ABROLD.
756 254 827 289 DE
850 252 1019 289 ‘rvuffi
1033 252 1120 289 ΕΡ.
1138 252 1190 285 D.
1203 246 1270 287 28.
1284 251 1404 289 ΟΟΤ.
1421 246 1533 288 1511.
1594 238 1660 289 77

159 362 369 413 scilicet
412 360 533 411 eius
577 358 813 427 scientie
857 358 1128 423 ignarum,
1167 357 1532 408 auctoritates
1578 358 1663 407 in-

160 446 389 497 seruisse
414 443 631 495 divinas
658 446 715 495 et
738 447 1054 495 sanctorum
1088 446 1309 507 patrum
1343 444 1661 495 testimonia

161 547 191 581 a
222 545 306 581 me
351 543 461 579 non
505 530 649 579 bene
694 525 778 592 (ut
813 526 994 592 aiunt)
1041 527 1353 580 intellecta.
1423 527 1664 593 Egregie

158 619 213 665 et
244 614 711 665 excellentissime
754 611 976 675 doctor,
1025 610 1524 663 observandissime
1571 612 1664 663 do-

154 700 320 763 mine,
368 698 611 749 adducta
644 713 745 763 per
779 712 864 749 me
904 711 1098 749 cernes
1133 696 1482 763 theologica,
1519 698 1668 747 sicut

152 785 471 837 rusticorum
514 783 784 835 'sacerdos
838 783 899 833 in
944 782 1288 833 sermonibus
1333 782 1666 835 medicinam

154 870 397 935 allegare
430 871 636 935 posset.
706 870 913 919 Fateor
946 867 1118 931 enim,
1164 868 1224 916 in
1269 867 1476 919 scholis
1511 867 1665 919 theo·

152 953 353 1017 logiam
410 968 522 1003 non
580 951 779 1015 didici,
836 950 933 1001 sed
995 951 1194 1002 civiles
1238 952 1412 1017 leges.
1493 967 1664 1015 quare

153 1041 391 1089 vestram
414 1035 733 1102 disputandi
768 1036 1040 1085 rationem
1073 1034 1286 1099 ignoro.
1343 1035 1448 1085 Est
1482 1038 1664 1087 autem

155 1120 325 1172 nihilo
370 1122 547 1171 minus
594 1120 729 1171 mihi
770 1136 913 1186 pura
959 1120 1333 1183 conscientia,
1382 1118 1527 1184 quod
1570 1135 1666 1171 vo·

150 1207 337 1257 luntas
396 1221 519 1257 mea
578 1220 691 1257 non
748 1209 1038 1256 avertatur
1095 1221 1130 1255 a
1176 1204 1396 1255 Christo
1441 1206 1536 1268 qui
1581 1210 1666 1257 est

152 1292 319 1354 caput
352 1290 609 1357 ecclesie.
671 1288 949 1354 Quicquid
983 1290 1156 1354 igitur
1189 1291 1388 1339 sancta
1426 1288 1668 1339 ecclesia

150 1373 280 1441 (que
316 1378 403 1425 est
430 1374 684 1425 columna
721 1379 777 1425 et
809 1373 1206 1425 firmamentum
1229 1372 1512 1439 veritatis)
1550 1388 1667 1425 cre-

147 1459 247 1522 dit,
285 1458 429 1511 idem
464 1475 565 1526 ego
602 1464 659 1510 et
692 1460 889 1511 taliter
924 1458 1088 1509 credo
1123 1458 1198 1509 Et
1232 1459 1378 1511 sicut
1411 1459 1534 1525 ipsa
1573 1475 1664 1509 ex-

144 1545 302 1610 ponit
334 1560 551 1595 sacram
600 1545 959 1611 scripturam,
1006 1545 1090 1595 ita
1135 1560 1238 1611 ego
1285 1544 1664 1610 exponendam

147 1646 366 1693 censeo,
406 1635 573 1694 atque
613 1630 894 1693 confiteor,
933 1633 992 1679 et
1025 1630 1074 1679 si
1109 1644 1344 1694 usquam
1379 1630 1547 1680 aliter
1571 1644 1664 1679 ex-

142 1714 451 1778 posuissem
496 1728 661 1777 quam
714 1714 965 1778 patiatur
1025 1714 1346 1765 intellectus
1404 1714 1664 1780 ecclesie,

142 1796 292 1860 quod
339 1800 525 1849 tamen
570 1799 775 1851 fecisse
810 1814 897 1848 me
933 1812 1046 1848 non
1091 1798 1332 1860 memini,
1389 1813 1488 1862 pro
1533 1800 1666 1847 tunc

144 1896 249 1944 ego
286 1881 437 1933 sicut
470 1898 569 1944 pro
604 1898 753 1932 nunc
789 1887 847 1933 et
880 1898 1030 1933 nunc
1065 1883 1212 1933 sieut
1247 1898 1346 1948 pro
1371 1886 1504 1933 tunc
1529 1882 1666 1934 illud

144 1963 425 2027 corrigere
473 1970 531 2012 et
574 1964 865 2013 emendare
916 1968 1148 2027 paratus
1193 1982 1342 2029 sum,
1403 1971 1460 2017 et
1515 1971 1666 2017 stare

142 2047 370 2100 omnino
398 2045 406 2111 Ι
436 2046 891 2099 determinationi
917 2047 1176 2117 eqclesie,
1199 2052 1264 2099 ut
1285 2049 1663 2115 integritatem
1697 2047 1804 2111 giij

140 2135 203 2182 in
237 2148 325 2182 me
362 2146 523 2182 suam
554 2130 689 2183 fides
725 2132 1168 2183 incontaminata
1195 2132 1487 2183 custodiat.
1560 2132 1670 2185 Oro

140 2217 347 2281 igitur,
383 2212 839 2282 'prestantissime
876 2216 1094 2281 doctor,
1142 2222 1204 2269 ut
1247 2218 1296 2268 si
1341 2232 1670 2284 quemquam

140 2300 376 2365 scriptis
412 2302 547 2351 meis
583 2301 783 2369 lesisse
818 2303 926 2353 tibi
958 2302 1178 2367 videar,
1227 2305 1276 2353 si
1323 2320 1448 2355 mea
1483 2304 1669 2354 facili-

138 2390 235 2436 tas
275 2385 447 2435 ullum
484 2385 759 2435 hominem
792 2386 939 2437 male
989 2386 1307 2451 offenderit,
1355 2388 1538 2438 facias
1584 2404 1668 2441 me

135 2487 243 2535 per
280 2469 675 2537 humanissime
712 2470 1084 2536 benignitatis
1117 2476 1214 2539 tue
1249 2471 1669 2539 indulgentissi-

134 2570 265 2607 mas
300 2555 523 2607 litteras
573 2556 891 2619 certiorem,
938 2554 1193 2607 habendo
1241 2556 1300 2605 in
1333 2572 1418 2608 me
1453 2558 1670 2623 patien—

136 2640 283 2689 tiam
320 2644 377 2690 et
410 2640 597 2691 omnia
628 2638 857 2691 reddam
889 2640 1013 2691 tibi.
1049 2640 1244 2692 iubeas
1283 2641 1454 2693 velim
1478 2645 1536 2691 et
1557 2658 1672 2693 mo-

134 2724 300 2775 nitus
336 2724 631 2780 recondam
666 2724 943 2791 gladium,
982 2723 1188 2777 Cantet
1218 2725 1355 2776 mihi
1390 2724 1576 2789 gallus
1614 2728 1670 2775 et
