1942 3109
183 221 555 259 Pm’nmconn
581 215 834 254 GENSVBA
858 216 1106 251 PBAEcsn.
1133 214 1314 249 nrlsr.
1341 214 1584 249 BBVCHL.
1621 196 1688 247 83

180 325 412 392 piscopi.
456 323 549 372 hic
594 322 701 373 duo
747 317 1087 371 attendenda
1132 320 1278 369 sunt.
1324 318 1496 381 primo
1545 314 1692 380 quod

181 408 540 475 presupponit
584 423 643 457 se
687 407 748 455 in
793 405 1102 470 periculum
1146 402 1385 453 venisse.
1445 400 1501 451 id
1547 400 1692 465 quod

182 508 289 545 non
324 493 433 543 fuit
475 492 584 543 viri
630 490 929 555 sapientis,
978 505 1044 541 eo
1089 487 1236 552 quod
1281 487 1340 535 in
1385 484 1692 537 scribendis

185 576 431 628 consiliis
467 575 751 641 providum
788 578 959 638 atque
996 574 1374 638 perspicacem
1411 586 1533 621 eum
1569 584 1692 621 esse

184 663 439 728 oportuit.
510 660 765 711 Secundo
810 658 955 724 quod
1001 657 1092 707 hic
1139 657 1280 707 satis
1318 659 1510 721 aperte
1547 670 1695 705 sere-

180 747 464 798 nissimum
518 749 765 795 nostrum
809 745 1235 810 Imperatorem,
1293 742 1472 793 virum
1529 752 1696 789 unum

180 832 415 882 omnium
450 829 811 895 proculdubio
859 829 1374 894 prudentissimum,
1420 825 1694 875 infamare

183 916 404 977 nititur,
452 920 511 963 et
544 914 602 963 id
638 914 859 977 quidem
894 928 994 964 suo
1030 912 1508 977 impudentissimo
1541 924 1694 959 men-

183 998 362 1047 datio:
410 997 706 1059 Nunquam
753 998 898 1046 enim
933 995 1335 1059 inclytissimus
1372 999 1560 1045 noster
1597 995 1694 1043 im-

181 1084 405 1146 perator
449 1084 504 1130 et
549 1094 690 1131 unus
738 1080 980 1131 omnium
1012 1080 1464 1145 religiosissimus
1500 1078 1700 1129 Ioanni

178 1165 450 1216 Reuchlin
508 1164 865 1216 demandavit
920 1168 983 1215 ut
1039 1165 1318 1233 hereticas
1388 1164 1696 1229 pravitates

182 1250 453 1299 scriberet
490 1252 544 1297 et
578 1248 709 1299 illas
744 1252 939 1314 postea
975 1253 1160 1299 stante
1199 1247 1284 1313 (ut
1317 1247 1696 1313 supradictum

185 1332 291 1398 est)
328 1332 645 1397 concordia,
681 1334 980 1398 impressas
1016 1335 1076 1383 in
1099 1334 1280 1385 lucem
1305 1334 1510 1385 ederet.
1557 1332 1698 1383 Item

182 1417 328 1480 quod
362 1418 541 1469 maius
578 1422 683 1482 est,
719 1432 1002 1482 nunquam
1036 1419 1210 1484 ipsius
1247 1419 1460 1484 scripta
1497 1433 1696 1484 appro-

181 1504 363 1567 bavit,
411 1518 693 1567 nunquam
735 1503 853 1555 illis
900 1518 1188 1555 assensum
1233 1503 1471 1571 prebuit.
1531 1504 1694 1554 immo

179 1589 357 1638 vetuit
393 1605 459 1639 ea
496 1589 609 1655 legi
646 1592 701 1639 et
736 1590 957 1654 penitus
993 1590 1262 1655 supprimi
1295 1590 1479 1641 iussit.
1535 1588 1696 1650 Quod

178 1671 283 1737 hec
316 1684 451 1721 vera
486 1674 599 1721 sint
635 1677 693 1723 et
726 1674 784 1721 in
818 1672 1248 1740 precedentibus
1285 1677 1344 1725 et
1375 1674 1434 1723 in
1459 1688 1694 1737 sequen-

176 1756 328 1805 tibus
373 1755 649 1807 mandatis
696 1759 868 1821 patet.
946 1747 998 1806 (I
1033 1757 1346 1807 Erubescat
1390 1759 1564 1822 igitur
1609 1755 1694 1821 (ut

182 1852 305 1885 cum
340 1842 523 1900 gratia
558 1839 781 1907 loquar)
818 1841 1154 1911 semiiudeus
1189 1842 1312 1907 ipse
1349 1841 1576 1903 infelix,
1623 1856 1692 1890 ac

177 1920 347 1984 plane
394 1922 659 1983 reprobus
706 1926 801 1984 qui
852 1928 1141 1977 notissimo
1194 1925 1482 1977 mendacio
1539 1941 1694 1977 suam

181 2004 489 2067 nequitiam
534 2004 801 2070 palliare,
861 2010 919 2056 et
964 2012 1133 2073 eaput
1175 2008 1364 2057 mundi
1414 2010 1696 2072 totiusque

184 2090 492 2155 christiane
551 2089 839 2154 religionis
898 2090 1110 2155 lumen,
1179 2092 1468 2156 ipsumque
1529 2093 1696 2143 etiam

124 2173 147 2190 ⁸
177 2170 672 2238 Archiepiscopum
716 2178 829 2223 tam
874 2177 1111 2241 turpiter
1155 2176 1425 2227 infamare
1464 2181 1696 2229 conatus

178 2256 270 2305 sit.
341 2256 463 2307 Hoc
510 2258 687 2310 solum
734 2259 1008 2326 Capnioni
1061 2262 1451 2314 demandatum
1504 2264 1614 2315 fuit
1659 2280 1694 2313 a

180 2339 428 2408 Cesarea
463 2341 793 2409 Maiestate,
827 2350 891 2395 ut
924 2362 1036 2397 una
1075 2362 1198 2397 cum
1235 2350 1434 2399 ceteris
1471 2350 1692 2401 univer-

175 2426 439 2477 sitatibus
478 2442 735 2492 expresse
770 2429 831 2479 in
863 2431 1124 2483 mandato
1161 2434 1460 2485 nominatis
1487 2435 1692 2485 scribe·

172 2514 285 2575 ret,
334 2511 469 2576 quid
514 2512 580 2563 de
608 2504 906 2582 ⁴Iudeorum
951 2516 1112 2567 libris
1159 2518 1489 2581 quibusdam
1523 2535 1694 2586 supra

170 2594 408 2647 bibliam
466 2597 631 2657 edicio
688 2600 963 2665 agendum
1016 2602 1311 2655 videretur.
1383 2606 1430 2655 Ο
1478 2606 1694 2656 utinam

171 2676 573 2741 inclytissimus
619 2689 809 2737 noster
853 2687 1156 2752 imperator
1199 2688 1346 2741 hanc
1393 2690 1689 2755 epistolam

1314 2770 1389 2823 6*
