1942 3109
196 186 265 235 24
456 200 746 234 nrrs‘roLAE
784 200 851 233 OB
860 199 1150 234 scvnonvn
1185 196 1457 245 mnonvu.

198 303 333 353 mihi
376 318 541 354 unam
590 304 939 353 camisiam?
999 307 1134 353 tunc
1179 304 1400 368 rogavit
1443 320 1527 354 me
1576 303 1720 367 quod

200 386 454 437 deberem
492 388 543 437 ei
582 386 884 437 concedere
922 387 1058 437 duos
1093 389 1328 439 florenos
1365 388 1509 451 quod
1533 392 1722 453 posset

202 472 415 523 solvere
452 472 608 522 illum
644 472 835 535 linum,
869 476 1005 524 tunc
1042 474 1211 522 etiam
1234 473 1410 523 vellet
1431 473 1566 522 mihi
1587 473 1720 522 dare

202 572 367 607 unam
416 557 719 607 camisiam.
793 560 849 606 et
892 572 990 621 pro
1035 560 1168 607 tunc
1203 572 1314 607 non
1349 556 1520 607 habui
1554 572 1722 622 pecu-

204 641 373 703 niam,
410 640 507 691 sed
540 641 679 706 petii
714 656 881 691 unum
918 641 1128 691 socium
1165 642 1261 705 qui
1285 642 1566 691 concessit
1590 641 1724 690 mihi

205 729 261 774 et
304 724 431 774 dedi
466 726 537 775 ei.
603 726 725 789 Ego
764 723 927 775 laudo
966 725 1112 788 quod
1147 726 1352 789 aliquis
1389 740 1618 791 semper
1639 729 1728 775 est

203 809 367 875 letus.
437 810 511 857 Et
554 809 757 859 medici
798 807 992 857 dicunt
1027 809 1194 859 etiam
1231 810 1376 872 quod
1409 824 1606 858 sanum
1643 814 1730 859 est

206 892 426 955 quando
464 894 668 957 aliquis
706 896 791 943 est
826 893 992 959 letus.
1065 892 1300 955 Quidam
1336 895 1606 957 magister
1629 910 1726 943 no-

207 981 322 1027 ster
356 978 449 1027 hic
484 994 699 1042 semper
732 978 996 1027 irascitur
1031 980 1089 1026 et
1119 992 1402 1039 nunquam
1439 982 1524 1027 est
1557 978 1725 1043 letus,

210 1065 266 1111 et
309 1064 603 1125 propterea
648 1051 864 1125 semper
900 1065 987 1110 est
1021 1060 1281 1110 infirmus.
1355 1062 1476 1125 ipse
1511 1077 1732 1125 semper

208 1144 559 1208 reprehendit
602 1161 687 1195 me
725 1149 779 1195 et
814 1145 968 1207 dicit,
1009 1144 1154 1207 quod
1187 1160 1297 1194 non
1333 1144 1504 1194 debeo
1541 1161 1728 1194 amare

208 1228 495 1290 mulieres,
547 1229 678 1291 quia
724 1232 853 1277 sunt
888 1228 1128 1291 diaboli,
1178 1232 1236 1277 et
1269 1227 1599 1291 perdificant
1633 1228 1729 1278 ho*-

208 1312 401 1374 mines‚
428 1315 485 1361 et
508 1316 636 1361 sunt
660 1311 951 1378 immunde,
979 1316 1035 1361 et
1054 1312 1210 1361 nulla
1233 1312 1433 1361 mulier
1458 1316 1544 1361 est
1561 1328 1727 1376 pura3

213 1400 270 1447 et
306 1396 524 1459 quando
554 1396 759 1460 aliquis
784 1399 871 1445 est
896 1410 1019 1444 cum
1041 1394 1294 1457 muliere,
1319 1400 1454 1444 tune
1477 1399 1564 1445 est
1587 1397 1732 1445 sicut

214 1495 335 1530 cum
392 1480 642 1542 diabole,
705 1480 835 1542 quia
892 1480 1224 1542 permittunt
1279 1479 1424 1528 nulli
1467 1480 1729 1543 requiem.

210 1568 343 1613 tunc
396 1580 498 1629 ego
533 1564 674 1613 dixi:
714 1563 980 1627 ‘parcatis
1015 1564 1177 1627 mihi,
1213 1563 1430 1614 domine
1465 1564 1735 1628 magister

211 1652 417 1711 noster,
454 1651 643 1697 vestra
678 1651 855 1699 mater
882 1648 1052 1697 etiam
1074 1649 1186 1698 fuit
1207 1648 1440 1709 mulier'‚
1479 1651 1534 1697 et
1560 1648 1732 1698 abivi.

212 1732 339 1795 Ipse
386 1732 553 1782 etiam
606 1746 782 1795 nuper
825 1731 1163 1797 predicavit,
1225 1731 1370 1794 quod
1415 1731 1734 1782 sacerdotes

214 1816 366 1866 nullo
410 1814 567 1867 modo
605 1815 871 1866 deberent
904 1816 1110 1865 habere
1151 1816 1488 1868 concubinas
1525 1830 1733 1879 secum,

216 1904 273 1951 et
308 1900 448 1952 dixit
474 1899 621 1963 quod
644 1900 891 1965 episcopi
914 1903 1155 1963 peccant
1178 1900 1488 1949 mortaliter
1513 1900 1734 1962 quando

218 1984 503 2047 accipiunt
538 1983 805 2033 decimam
842 1984 1008 2034 lactis
1045 1987 1103 2033 et
1135 1983 1463 2047 permittunt
1495 1984 1735 2033 ancillas

216 2083 337 2117 esse
386 2083 506 2117 cum
549 2068 907 2132 presbyteris,
946 2067 1080 2131 quia
1115 2065 1380 2119 deberent
1415 2083 1512 2117 eas
1546 2069 1738 2117 totali-

218 2156 303 2202 ter
348 2152 643 2215 expellere.
716 2150 825 2201 Sed
872 2152 947 2200 sit
992 2167 1027 2200 a
1071 2151 1164 2201 vel
1194 2152 1271 2214 b,
1317 2167 1428 2201 -nos
1475 2150 1736 2201 debemus

216 2252 341 2287 esse
378 2234 675 2298 aliquando
710 2234 840 2301 leti,
880 2239 936 2285 et
971 2234 1142 2284 etiam
1177 2250 1466 2299 possumus
1501 2234 1738 2285 dormire

220 2337 343 2371 cum
376 2320 717 2381 mulieribu5‚
754 2318 974 2382 quando
1008 2334 1168 2368 nemo
1202 2318 1384 2370 videt:
1419 2324 1614 2383 postea
1651 2324 1736 2369 ta-

218 2420 342 2455 men
388 2404 625 2453 facimus
660 2404 1096 2453 confessionem:
1148 2406 1204 2451 et
1237 2402 1372 2452 deus
1407 2408 1493 2453 est
1525 2404 1738 2454 miseri-

220 2505 368 2551 cors,
424 2492 480 2537 et
522 2487 782 2537 debemus
826 2502 1051 2551 sperare
1097 2488 1335 2536 veniam.
1415 2486 1534 2550 Ego
1580 2488 1740 2537 mitto

218 2573 377 2624 vobis
424 2572 515 2621 hic
560 2570 796 2639 quedam
832 2570 1047 2633 scripta
1078 2585 1178 2634 pro
1214 2568 1535 2619 defensione
1571 2570 1738 2620 Alex-

224 2656 383 2710 andri
430 2655 584 2705 Galli
628 2653 978 2721 grammatici
1025 2654 1243 2719 antiqui
1287 2656 1345 2708 et
1389 2652 1739 2721 sufficientis,
