1942 3109
233 198 302 250 40
369 213 748 251 Parnmcomu
774 214 1013 252 DBPEHB·
1034 212 1252 252 CONTRA.
1276 211 1480 249 Ε’ΔΠΟΒ.
1494 213 1547 248 0.
1560 212 1749 248 Ῡ.ΙΡΡ.

231 321 368 370 titur
403 321 788 385 compendiose
825 318 1129 371 absolvam.
1202 318 1426 370 Certum
1460 321 1549 369 est
1580 317 1753 370 libros

235 404 628 458 Thalmudicos
677 407 773 471 qui
815 405 1040 470 plurimi
1084 408 1238 469 sunt,
1296 403 1497 455 nedum
1543 419 1753 454 errores

235 494 293 540 et
315 491 622 554 falsitates,
657 491 820 540 immo
853 489 1233 554 blasphemias
1271 492 1329 540 et
1367 492 1560 539 contra
1598 486 1752 538 Chri-

232 579 377 624 stum
423 579 480 626 et
525 579 716 626 contra
769 578 1049 640 propriam
1102 573 1283 640 legem
1338 574 1653 637 continere,
1708 574 1757 622 si
1782 595 1797 602 -

232 658 550 710 doctoribus
585 659 989 710 ecclesiasticis
1023 659 1271 724 linguam
1292 657 1613 708 hebraicam
1640 656 1754 706 cal-

230 741 476 795 lentibus
513 743 817 794 credamus.
888 743 962 792 Et
997 743 1102 794 hoc
1140 743 1361 806 quidem
1396 743 1479 792 ita
1506 757 1627 792 esse
1651 741 1758 791 tali

229 827 402 878 didici
435 828 827 892 experimento.
897 827 1186 878 Rabbinus
1234 827 1457 892 quidam
1490 826 1756 876 librorum

233 911 716 963 Thalmudicorum
763 912 1003 978 zelator,
1050 927 1219 964 unum
1262 927 1333 963 ex
1366 912 1455 961 his
1488 911 1625 960 mihi
1658 911 1754 960 ob—

233 996 366 1047 tulit
407 996 693 1063 volumen,
751 997 896 1063 quod
947 1013 1058 1048 non
1112 997 1339 1047 minoris
1398 995 1757 1046 auctoritatis

234 1079 381 1146 apud
423 1081 622 1149 Iudeos
669 1096 833 1147 quam
877 1081 1050 1132 libros
1086 1081 1271 1146 Moysi
1316 1097 1439 1132 esse
1498 1079 1755 1131 asseruit.

231 1165 397 1214 Hunc
432 1165 635 1218 librum
670 1167 981 1218 examinari
1013 1166 1231 1217 faciens
1268 1164 1506 1231 plurima
1552 1163 1757 1214 delira-

97 1256 214 1326 (w4)
239 1253 427 1301 menta
461 1256 517 1301 et
548 1250 925 1317 blasphemias
957 1251 1016 1302 in
1041 1250 1229 1301 eodem
1258 1248 1267 1314 Ι
1298 1247 1653 1315 deprehendi,
1689 1265 1761 1299 ex

235 1336 436 1399 quibus
474 1340 655 1388 certos
693 1336 962 1387 articulos
997 1339 1185 1403 vestre
1222 1334 1543 1385 celsitudini
1578 1334 1755 1398 inspi-

235 1418 460 1470 ciendos
486 1419 572 1469 his
597 1420 870 1486 allegatos
896 1422 1233 1471 transmitto.
1270 1417 1602 1470 Huiusmodi
1624 1419 1677 1468 si
1698 1419 1761 1468 in

231 1517 340 1553 uno
375 1502 520 1552 libro
558 1503 654 1566 qui
688 1503 834 1567 apud
872 1519 966 1554 eos
994 1503 1212 1570 equalis
1239 1504 1597 1554 auctoritatis
1622 1503 1762 1570 esti-

230 1589 416 1637 matur
461 1601 584 1637 cum
628 1601 790 1637 sacra
835 1588 1141 1653 scriptura,
1186 1592 1251 1638 ut
1294 1588 1571 1638 habentur
1603 1587 1761 1638 blas-

231 1671 416 1736 phemi
461 1674 520 1722 et
561 1671 720 1735 impii
765 1687 1007 1736 errores,
1058 1672 1190 1737 quid
1226 1671 1381 1722 aliud
1415 1671 1483 1722 de
1519 1670 1765 1723 residuis

230 1754 682 1823 presumendum,
730 1771 896 1821 quam
945 1755 1091 1820 quod
1136 1757 1404 1806 maximas
1439 1756 1664 1823 hereses
1703 1761 1767 1806 et

230 1839 607 1906 blasphemias
645 1842 971 1892 contineant
1005 1857 1117 1892 non
1152 1840 1329 1891 solum
1366 1845 1559 1892 contra
1594 1839 1763 1892 fidem

233 1923 624 1992 christianam,
669 1941 860 1978 verum
907 1930 965 1977 et
1013 1930 1207 1978 contra
1242 1925 1423 1991 legem
1457 1926 1764 1991 propriam,

230 2015 456 2078 propter
501 2027 608 2080 que
657 2015 806 2064 certe
850 2012 991 2062 moti
1034 2010 1335 2076 Gregorius
1382 2014 1439 2060 et
1483 2009 1767 2062 Innocen-

231 2096 345 2147 tius
393 2096 590 2147 summi
631 2094 924 2160 pontifices
972 2094 1247 2159 quoddam
1291 2092 1552 2145 volumen
1611 2094 1769 2158 quod

227 2184 467 2232 vocatur
501 2179 774 2228 Thalmud
805 2177 1212 2229 mandaverunt
1258 2180 1530 2242 comburi,
1575 2183 1640 2228 ut
1675 2183 1767 2229 te-

231 2265 335 2314 stis
381 2266 466 2313 est
511 2261 672 2312 nobis
707 2261 946 2312 Ioannes
991 2259 1211 2330 Andree
1256 2263 1317 2312 in
1358 2262 1583 2314 novello
1630 2268 1771 2328 post

230 2347 620 2398 Innocentium
647 2345 908 2412 Capitulo
947 2344 1126 2409 ‘Quod
1160 2363 1329 2414 super
1362 2348 1467 2399 his'
1502 2349 1589 2400 De
1624 2352 1767 2400 voto

233 2435 292 2482 et
324 2433 443 2482 voti
477 2430 741 2498 redempt.
780 2447 948 2498 super
967 2433 1140 2483 verbo
1168 2431 1603 2483 ‘defensionem’.
1651 2432 1766 2484 His

235 2529 364 2578 ergo
401 2516 632 2565 attentis
679 2516 1004 2580 expediens,
1050 2515 1329 2580 deificum,
1378 2520 1437 2566 et
1479 2517 1771 2582 imperiali

230 2598 530 2648 maiestate
566 2597 818 2664 dignum,
864 2599 1040 2651 saluti
1074 2614 1293 2664 quoque
1328 2599 1622 2668 Iudeorum
1672 2606 1771 2652 est

231 2681 740 2746 pernecessarium,
776 2685 840 2730 ut
875 2682 1119 2735 dimissis
1157 2699 1344 2736 eorum
1376 2685 1507 2735 usui
1538 2684 1766 2736 dumta-
