1942 3109
266 220 368 271 212
445 234 738 271 m’IsToLAE
763 234 1134 271 OBSCVBOBVH
1156 233 1411 269 vmonvu
1436 232 1616 269 NOVAE.

267 340 486 406 species
533 354 633 389 suo
678 340 899 405 generi:
947 338 1043 389 sed
1088 338 1300 389 nullum
1342 338 1571 388 istorum
1620 352 1783 387 mem-

263 426 485 476 brorum
520 425 694 475 habet
727 424 828 475 sub
867 438 926 473 se
952 423 1117 489 plura
1143 422 1407 488 Corpora.
1466 420 1576 472 Sed
1612 423 1661 471 si
1692 438 1786 472 ve-

263 509 380 559 litis
416 509 602 560 dicere
638 508 784 573 qnod
819 507 954 558 talis
990 506 1265 573 Magister
1297 510 1486 557 noster
1530 510 1621 557 est
1657 505 1785 556 Cor·
1874 528 1881 532 ·

261 608 364 659 pus
398 593 590 644 decem
623 592 1077 655 universitatum,
1113 592 1315 641 iterum
1352 606 1451 656 ego
1473 589 1680 641 vellem
1703 606 1784 641 re-

262 677 600 742 prehendere
636 693 762 741 vos,
815 676 949 741 quia
984 676 1064 727 ibi
1098 680 1323 741 putaret
1358 675 1595 738 aliquis,
1643 674 1785 739 quod

262 760 452 812 decem
495 762 907 812 Universitates
953 763 1143 811 essent
1167 760 1429 809 -membra
1469 758 1627 808 illius
1672 775 1782 809 ma-

261 846 423 910 gistri
471 845 673 909 nostri,
721 848 776 894 et
821 842 967 908 quod
1012 843 1133 909 ipse
1172 846 1458 893 constaret
1494 858 1561 892 ex
1597 842 1783 893 decem

259 928 752 979 universitatibus:
825 943 932 993 quo
991 930 1172 994 posito
1230 928 1403 978 fuerit
1460 925 1783 977 scandalum

257 1011 375 1063 illis
409 1028 446 1062 x
480 1014 941 1064 universitatibus
978 1018 1033 1062 et
1078 1014 1198 1078 ipse
1242 1012 1648 1060 minorarentur
1694 1026 1782 1061 cx-

259 1096 418 1148 inde:
466 1112 589 1148 cum
623 1111 766 1147 unus
799 1097 958 1147 homo
999 1094 1157 1161 (quia
1192 1096 1360 1145 etiam
1395 1094 1652 1159 magistri
1688 1110 1783 1145 no-

261 1182 388 1243 stri,
435 1182 582 1231 sicut
627 1182 812 1246 scitis,
859 1184 989 1232 sunt
1024 1177 1301 1243 homines)
1348 1178 1627 1229 diceretur
1662 1194 1785 1229 esse

259 1262 477 1327 dignior
509 1266 592 1314 tot
625 1266 1117 1314 universitatibus:
1168 1262 1313 1328 quod
1351 1266 1435 1315 est
1472 1261 1651 1313 Casus
1688 1264 1786 1313 im-

259 1347 570 1413 possibilis,
618 1340 752 1411 quia
797 1347 967 1397 etiam
1012 1348 1224 1398 Doctor
1268 1350 1495 1399 sanctus
1540 1363 1653 1397 non
1701 1351 1787 1396 est

258 1432 384 1497 plus
421 1447 584 1496 quam
620 1448 656 1482 x
691 1432 1119 1482 Universitates.
1192 1430 1473 1494 Quomodo
1520 1446 1653 1497 ergo
1689 1447 1785 1484 vo-

257 1513 438 1566 lumus
487 1516 804 1579 emendare,
863 1514 1008 1579 quod
1052 1514 1286 1565 dicimus
1332 1517 1519 1565 recte?
1574 1515 1785 1567 Adver-

256 1600 413 1665 tatis‚
438 1600 571 1662 quia
597 1602 681 1650 est
704 1600 922 1667 questio
945 1598 1180 1649 multum
1203 1598 1470 1664 difficilis,
1510 1604 1566 1649 et
1591 1615 1785 1664 quam-

253 1684 342 1734 vis
376 1686 620 1748 pertinet
653 1680 724 1732 ad
747 1683 1219 1749 grammaticalia,
1254 1687 1442 1734 tamen
1466 1684 1638 1734 etiam
1662 1685 1785 1749 plu-

255 1782 345 1817 res
389 1766 649 1833 Magistri
693 1768 870 1819 nostri
911 1782 1024 1819 non
1068 1768 1271 1817 sciunt.
1341 1767 1461 1818 'Ille
1508 1784 1641 1835 ergo
1690 1769 1785 1832 qui

257 1856 343 1901 est
397 1851 862 1902 immatriculatus
918 1853 978 1901 in
1036 1850 1224 1902 decem
1294 1852 1785 1917 universitatibus,

258 1936 426 1986 etiam
464 1935 534 1986 ad
568 1940 784 2001 tempus
820 1934 1033 1985 studuit
1064 1936 1123 1984 in
1160 1936 1271 2000 eis,
1318 1936 1549 1987 audiens
1584 1937 1785 1986 lectio-

255 2033 382 2085 nes,
420 2024 478 2070 et
513 2034 744 2071 servans
779 2023 1023 2083 statuta,
1069 2018 1223 2070 facto
1260 2021 1429 2071 etiam
1466 2024 1521 2070 et
1557 2025 1787 2071 servato

255 2102 595 2169 iuramento,
643 2105 906 2156 exhibens
952 2104 1213 2155 honorem
1248 2104 1535 2169 Magistris
1582 2108 1641 2154 et
1689 2104 1787 2154 do-

257 2188 529 2252 ctoribus,
557 2192 743 2254 potest
765 2188 980 2239 dicere:
1016 2187 1155 2255 ‘Ego
1179 2204 1298 2238 sum
1319 2188 1563 2239 membra
1588 2188 1789 2240 decem

253 2268 729 2336 Universitatum’,
767 2276 824 2323 et
856 2287 966 2322 non
1002 2270 1355 2324 ‘membrum'.
1424 2272 1501 2322 Et
1544 2288 1659 2323 non
1696 2277 1789 2323 est

254 2357 435 2406 oratio
469 2357 802 2422 incongrua,
841 2356 1094 2420 quamvis
1130 2358 1205 2407 sit
1236 2357 1320 2407 ibi
1353 2354 1789 2410 disconvenien-

253 2443 337 2489 tia
372 2441 430 2489 in
465 2456 718 2491 numero:
766 2442 898 2505 quia
933 2440 996 2489 fit
1038 2441 1121 2491 ibi
1170 2440 1476 2505 appositiO,
1522 2441 1675 2490 sicut
1722 2442 1787 2490 in

251 2523 490 2589 Virgilio
527 2522 863 2575 ‘Formosum
896 2528 1090 2590 pastor
1114 2523 1349 2575 coridon
1385 2524 1621 2575 ardebat
1645 2524 1786 2576 Ale-

250 2608 382 2672 xim,
417 2606 665 2659 Delitias
701 2608 944 2659 domini’t
980 2609 1113 2673 quia
1132 2607 1212 2659 ibi
1238 2609 1405 2659 etiam
1429 2606 1643 2674 Alexis,
1683 2612 1790 2674 qui

253 2696 340 2741 est
373 2692 550 2742 scium
584 2707 725 2743 unus
761 2694 1029 2756 rusticus,
1066 2692 1270 2741 dicitur
1304 2708 1426 2743 esse
1451 2691 1650 2759 delitiq
1676 2710 1789 2759 per
