1942 3109
381 183 516 216 vor„
553 181 598 216 1.
669 175 737 215 16.
777 179 1057 214 uxr-nun
1092 180 1507 216 antuman.
1650 165 1721 216 45

179 283 511 336 defendere’.
581 286 710 349 ipse
753 300 888 334 vero
935 284 1081 335 dixit
1127 285 1307 336 adhuc
1353 285 1511 349 plura
1556 299 1717 335 sean—

179 370 310 420 dala
344 370 410 419 de
447 375 628 418 matre
665 374 876 432 vestra,
915 370 1061 433 quod
1096 370 1415 420 sacerdotes
1450 375 1507 420 et
1528 385 1718 420 mona·

183 455 272 504 chi
319 459 374 504 et
423 455 627 504 rustici
671 455 732 503 in
771 469 966 519 campo
1008 459 1064 504 et
1099 457 1157 504 in
1192 455 1439 518 stabulo,
1486 460 1545 505 et
1580 455 1721 504 alibi

177 543 592 604 supposuerunt
642 555 780 589 eam.
849 539 926 588 Et
974 555 1077 604 ego
1124 539 1295 589 habui
1339 540 1423 588 ita
1456 553 1715 603 magnam

176 623 576 675 verecundiam
613 623 760 686 quod
780 639 896 673 non
919 624 1166 674 creditis.
1236 622 1333 674 sed
1356 639 1465 674 non
1488 637 1709 686 possum

176 723 277 758 vos
313 707 636 771 defendere,
673 709 810 770 quia
843 724 954 758 non
988 708 1109 758 vidi
1142 712 1359 773 patrem
1390 712 1635 758 vestrum
1660 711 1717 757 et

177 796 443 843 matrem:
469 793 726 856 quamvis
751 792 912 843 credo
937 791 1169 843 firmiter
1191 791 1337 856 quod
1354 777 1483 842 subt
1498 792 1722 842 honesti

179 881 238 926 et
271 878 454 941 probi.
523 875 636 926 Sed
669 878 934 928 scribatis
969 877 1109 926 mihi
1141 876 1407 940 quomodo
1428 880 1546 926 est:
1578 880 1717 926 tune

181 977 284 1026 ego
331 961 464 1011 volo
499 961 776 1012 seminare
809 966 1061 1012 vestram
1095 961 1317 1011 laudem
1350 961 1461 1010 hic.
1529 961 1717 1011 Etiam

179 1046 298 1096 dixi
331 1047 470 1096 sibi:
506 1045 624 1096 ‘vos
657 1062 773 1098 non
809 1045 1027 1096 debetis
1052 1045 1194 1095 talia
1218 1045 1423 1109 dicere,
1462 1047 1595 1109 quia
1618 1061 1716 1110 po·

182 1145 382 1180 namus
409 1146 595 1180 casum
619 1129 767 1194 quod
791 1130 1060 1195 magister
1086 1129 1353 1180 Ortvinus
1378 1129 1453 1178 sit
1474 1131 1715 1193 spurius,

181 1220 372 1264 tamen
407 1215 667 1265 fortassis
706 1218 794 1264 est
828 1215 1203 1280 legitimatam
1244 1219 1300 1263 et
1334 1217 1385 1264 si
1420 1220 1506 1266 est
1529 1216 1719 1282 legiti-

178 1304 388 1362 matuS,
425 1303 560 1348 tunc
594 1315 706 1350 non
742 1304 830 1349 est
867 1300 1105 1364 amplius
1132 1299 1369 1364 spurius,
1412 1301 1545 1364 quia
1572 1315 1717 1350 sum-

177 1400 303 1434 mus
321 1385 579 1447 pontifex
595 1384 769 1435 habet
786 1387 1125 1449 potestatem
1142 1383 1357 1448 ligandi
1374 1389 1431 1433 et
1450 1383 1723 1445 solvendi,

183 1473 244 1518 et
297 1472 488 1532 potest
537 1485 708 1519 unum
750 1469 1001 1534 spurium
1045 1469 1237 1518 facere
1282 1467 1617 1534 legitimum,
1668 1472 1725 1516 et

183 1557 438 1604 econtra.
517 1553 630 1604 Sed
691 1569 790 1619 ego
835 1553 964 1605 volo
1002 1553 1239 1618 probare
1286 1569 1354 1603 ex
1404 1553 1721 1618 evangelio,

185 1637 336 1701 quod
374 1639 510 1688 estis
543 1637 744 1703 dignus
766 1638 1097 1702 vituperari.
1145 1638 1291 1700 Quia
1314 1638 1583 1702 seriptum
1610 1640 1723 1685 est:

182 1738 338 1787 „qua
373 1737 632 1772 mensura
653 1723 1127 1786 mensuraveritis',
1164 1722 1357 1772 eadem
1378 1720 1725 1772 mensurabi-

181 1813 279 1856 tur
316 1811 377 1856 et
399 1804 617 1858 vobis“.
687 1807 786 1857 sed
808 1823 908 1858 vos
931 1808 1267 1856 mensuratis
1290 1821 1549 1856 mensura
1574 1807 1722 1856 vitu·

181 1893 526 1958 perationis:
564 1909 692 1957 ergo
719 1895 890 1942 etiam
914 1892 998 1942 sic
1022 1890 1189 1942 debet
1211 1891 1520 1941 mensurari
1542 1888 1724 1940 vobis.

181 1977 378 2026 Etiam
422 1978 594 2042 probo
639 1992 738 2040 per
787 1975 967 2026 aliud:
1016 1977 1151 2040 quia
1194 1974 1399 2024 dicitur
1436 1991 1469 2024 a
1504 1973 1725 2024 domino

183 2066 378 2112 nostro
412 2061 544 2112 Iesu
580 2061 828 2110 Christo:
867 2057 1095 2124 „Nolite
1129 2058 1380 2108 iudicare
1416 2075 1487 2108 ne
1512 2058 1723 2108 iudice-

185 2146 392 2196 mini“:
429 2145 527 2198 sed
561 2160 663 2196 vos
697 2144 962 2194 iudicatis
988 2144 1131 2194 alios
1156 2148 1215 2194 et
1236 2143 1569 2208 vituperatis
1598 2156 1723 2192 eos:

187 2247 320 2296 ergo
357 2233 527 2280 etiam
561 2230 779 2280 debetis
815 2228 1055 2279 iudicari
1090 2232 1148 2278 et
1169 2229 1514 2294 vituperari'.
1563 2229 1723 2278 Tunc

189 2317 308 2379 ipse
345 2315 486 2364 dixit
521 2313 672 2378 quod
705 2329 828 2364 mea
865 2315 1192 2378 argumenta
1218 2316 1347 2362 sunt
1370 2313 1643 2378 frascarie
1670 2315 1727 2361 et

189 2415 300 2449 non
322 2401 534 2450 habent
571 2396 847 2447 effectum.
921 2401 977 2446 et
1010 2398 1120 2447 fuit
1152 2398 1235 2446 ita
1262 2401 1555 2448 contumax
1581 2393 1727 2460 quod

193 2483 356 2548 dixit,
405 2486 586 2534 etiam
629 2484 682 2532 ai
713 2497 860 2546 papa
894 2481 1127 2531 fecisset
1158 2496 1327 2530 unum
1360 2479 1531 2530 filium
1568 2485 1728 2530 extra

194 2569 635 2629 matrimonium,
691 2568 745 2614 et
778 2569 974 2630 postea
1008 2564 1349 2629 legitimaret
1384 2579 1533 2627 eum,
1584 2558 1731 2628 quod

197 2657 381 2704 tamen
431 2665 626 2701 coram
669 2647 776 2712 deo⁴
810 2665 923 2700 non
958 2653 1109 2698 esset
1140 2649 1439 2711 legitimus,
1476 2646 1573 2694 sed
1610 2648 1734 2704 ipse
