1942 3109
233 184 334 235 276
411 198 702 233 Ems'ronffl
729 198 1096 233 onscvnonvu
1124 197 1378 233 vmonvu
1404 197 1582 232 nova.

237 344 289 401 (l
336 351 616 401 Mettum
663 352 1317 417 Epigrammaticum
1368 352 1759 403 confectio-

233 440 461 485 natum
497 435 1071 499 perWilhelmum
1106 436 1313 500 Lamp
1348 436 1757 501 Magistrum

233 523 490 585 septem
537 519 788 568 artium
833 519 1239 569 liberalium
1276 518 1759 569 coloniensem

479 602 544 652 In
583 602 850 653 laudem
885 602 1264 653 Alexandri
1299 602 1506 653 Galli.

302 722 410 785 Qui
429 721 552 771 vult
568 721 787 771 discere
805 721 1245 785 grammaticam,
1338 719 1495 787 legat
1512 718 1758 770 Alexan·

1042 802 1127 852 dri
1160 803 1479 867 materiam,

301 889 421 954 Que
471 891 558 937 est
601 886 784 939 divisa
829 889 886 937 in
934 890 1198 953 quattuor
1231 890 1449 952 pastea,
1552 887 1759 937 docens

1046 972 1252 1023 multas
1287 972 1463 1021 bonas
1498 970 1689 1035 ArteS,

300 1056 548 1105 Prebens
573 1056 666 1105 lac
690 1060 748 1107 et
769 1057 878 1107 mel
902 1057 1121 1121 pueriS,
1225 1055 1375 1105 sicut
1398 1054 1559 1105 docet
1583 1052 1758 1104 Glosa

1044 1138 1309 1189 notabilis

299 1223 366 1269 In
403 1221 636 1273 Colonia
671 1224 857 1273 facta:
961 1223 1225 1291 precipue
1264 1220 1446 1285 quoad
1480 1224 1657 1271 metra.

303 1304 521 1369 Collige
557 1310 772 1369 partem
807 1306 1061 1357 tertiam:
1167 1306 1289 1367 ipsa
1328 1304 1488 1353 tollet
1514 1304 1621 1355 tibi
1644 1322 1758 1355 om-

1040 1403 1166 1437 nem
1200 1386 1487 1451 inertiam,
1556 1445 1563 1452 ,

302 1471 460 1521 Sicut
493 1471 632 1522 fecit
665 1471 828 1535 mihi,
935 1470 1031 1533 qui
1065 1469 1295 1519 multum
1333 1485 1399 1517 ex
1432 1470 1541 1519 hac
1566 1468 1755 1521 didici.

949 1720 1035 1773 36.

545 1842 596 1898 ([
641 1837 1043 1901 Iohannes
1093 1835 1439 1901 Arnoldi

501 1940 835 2011 Magistro
893 1938 1180 1991 Ortvino
1240 1939 1481 1991 Gratio

613 2023 863 2074 Salutem
900 2023 1039 2073 dicit
1071 2024 1382 2088 plurimam.

334 2140 669 2196 Crediderim
704 2142 900 2205 utique
937 2140 1084 2204 quod
1120 2140 1449 2193 audiveritis
1472 2140 1563 2190 vel
1586 2140 1757 2191 fuerit

229 2225 390 2276 vobis
423 2224 677 2289 pluscule
714 2224 922 2274 dictum
959 2224 1202 2287 qualiter
1239 2240 1306 2274 ex
1342 2223 1585 2287 quadam
1618 2225 1753 2275 affe-

235 2310 419 2358 ctione
467 2308 700 2357 animali
745 2308 890 2357 bona
939 2308 1267 2359 contulerim
1312 2322 1397 2357 me
1443 2308 1753 2371 nuperrime

231 2392 445 2442 viatica
491 2391 868 2441 ambulatione
913 2390 985 2441 ad
1020 2391 1290 2441 urbanam
1324 2391 1493 2456 Rome
1531 2388 1753 2438 Curiam

235 2490 406 2525 causa
442 2474 643 2524 lucruli
679 2474 750 2523 ad
795 2473 1291 2528 consarcinandum
1337 2488 1502 2521 unum
1549 2472 1752 2521 benefi-

231 2548 436 2607 ciolum
483 2573 582 2607 seu
632 2557 1049 2625 prebendiolam
1101 2557 1192 2606 vel
1243 2554 1595 2619 parrochiam
1649 2555 1752 2605 ali-

234 2656 398 2708 quam
433 2640 687 2704 missam,
724 2640 867 2691 unde
904 2641 1113 2705 poterit
1147 2638 1281 2689 mihi
1314 2654 1381 2689 ex
1405 2653 1551 2688 nunc
1574 2654 1751 2703 usque
