1942 3109
111 283 579 322 LAMENTA‘rmNEs
619 281 922 318 osscvnon.
949 281 1141 316 vuton.
1172 263 1483 331 [varunna]
1528 266 1627 317 237

115 388 345 440 sordidis
381 387 612 453 pedibus
652 387 977 454 cenaculum
1011 384 1353 450 ingrediatur
1396 401 1628 436 necesse

73 519 75 522 Α
115 478 215 525 est.
285 472 426 523 Vale
473 469 768 536 feliciter[,
825 480 882 521 et
935 487 1165 536 agamus
1210 471 1393 520 omnia
1440 473 1631 536 pingui

111 556 402 623 Minerva].
449 558 656 606 Datum
693 557 749 605 in
785 556 1061 606 Treveris.
1108 555 1263 605 Anno
1302 571 1409 620 quo
1445 571 1628 621 supra.

829 795 911 843 22.

71 901 168 964 ’,ΙΙ
202 896 656 979 Stephanus
689 893 1207 958 Calvastrius
1249 894 1631 959 metrifex

481 997 682 1048 Petro
718 998 1049 1062 Negelino
1089 997 1159 1048 .S.
1197 999 1266 1047 D.

219 1100 484 1150 Tunicam
539 1115 702 1164 quam
759 1116 794 1149 a
838 1115 922 1149 me
978 1101 1125 1164 petis
1178 1099 1357 1149 habeo
1401 1099 1627 1149 nullam.

109 1187 232 1250 Ego
288 1185 657 1250 apostolorum
718 1182 968 1248 exemplo
1016 1199 1127 1233 una
1172 1183 1457 1234 dumtaxat
1502 1200 1630 1234 con-

110 1273 303 1319 tentus
351 1261 500 1332 suni,
559 1272 615 1318 et
669 1269 889 1319 ambulo
934 1284 1033 1334 per
1079 1271 1251 1318 totam
1300 1283 1420 1317 cum
1464 1285 1630 1318 saeco

71 1361 215 1418 Jper
275 1353 576 1403 civitatem.
656 1353 779 1404 Nisi
836 1353 1001 1404 iudex
1062 1352 1402 1419 apostolicus
1460 1369 1633 1418 nuper

107 1437 248 1488 mihi
285 1437 596 1488 adiumento
631 1437 850 1499 fuisset,
889 1438 1473 1489 excommunicationis
1508 1455 1630 1512 pro-

107 1522 205 1573 cul
263 1521 426 1572 dubio
483 1521 818 1572 seutentiam
876 1526 1103 1586 propter
1160 1523 1632 1589 importunitatem

107 1607 441 1658 creditorum
486 1623 726 1657 meorum
772 1607 884 1655 iam
928 1606 1022 1656 diu
1067 1607 1437 1658 incurrissem.
1509 1608 1632 1659 Non

103 1705 333 1757 possum
399 1691 566 1754 igitur
633 1692 736 1741 tibi
795 1691 1137 1741 commodato
1195 1691 1328 1741 dare
1385 1693 1631 1742 tunicam

71 1783 305 1824 amcam.
377 1773 514 1820 Nam
549 1777 692 1822 teste
727 1773 1039 1825 Alexandro
1075 1775 1259 1839 Gallo,

263 1853 315 1903 U
351 1867 458 1902 non
493 1856 752 1917 mutabiS‚
791 1857 964 1907 donec
999 1858 1485 1922 pluralevidebis.

105 1941 342 1992 Festum
378 1936 667 1986 Valentini
699 1943 971 2004 preteriit,
1011 1948 1160 2008 estas
1199 1946 1627 2010 appropinquat,

105 2027 276 2076 flores
323 2021 596 2082 oriuntur,
653 2036 762 2070 non
811 2027 895 2072 est
939 2025 1043 2073 tibi
1086 2029 1217 2090 toga
1262 2044 1415 2092 opus,
1487 2030 1628 2079 Vale

110 2125 183 2160 ex
239 2105 608 2168 Monasterio,
667 2104 842 2170 pridie
902 2106 1176 2158 kalendas
1236 2115 1491 2176 egyptias
1550 2111 1629 2178 [et

72 2189 456 2255 >Epimenidis
514 2191 780 2240 somnium
839 2205 1055 2256 semper
1122 2190 1392 2259 dormitaJ.
1472 2197 1628 2247 Anno

106 2289 222 2339 quo
258 2288 442 2336 supra.

176 2564 197 2595 ³
234 2565 343 2614 Pro
389 2564 645 2614 Treveris
687 2565 834 2614 habet
880 2569 960 2614 2..·
1009 2567 1283 2616 montibus
1320 2567 1628 2633 cisalpinis.

103 2629 216 2665 ²⁰³¹
253 2631 410 2682 Anno
439 2647 544 2696 quo
570 2647 753 2698 supra.
780 2636 918 2684 omis.
946 2638 997 2684 2.
