1942 3109
144 239 445 289 nannum,
470 239 686 276 Ancum
711 239 783 274 nr
809 239 1087 276 enacim
1112 241 1267 276 coss.
1288 241 1363 278 An
1384 243 1514 279 cns.
1584 227 1649 278 51

241 337 290 396 (I
336 345 614 409 Inprimis.
699 343 836 394 Cum
889 345 1041 395 inter
1090 345 1429 410 multiplices
1481 347 1653 398 libros

144 431 335 494 quibus
369 428 528 497 Iudei
561 432 820 492 utuntur,
873 431 1228 495 reperiuntur
1264 447 1479 482 ‚xxrnn
1524 432 1656 482 libri

144 530 272 579 quos
310 515 500 565 essrim
533 515 710 564 narbo
743 519 977 578 vocant,
1025 516 1085 564 in
1131 516 1329 579 quibus
1368 517 1651 566 continen-

142 605 228 650 tur
277 599 408 650 libri
453 601 696 663 quinque
743 598 926 663 Moysi
971 614 1042 649 ac
1087 600 1216 650 libri
1262 600 1651 666 prophetarum

142 689 196 735 et
227 686 430 736 veteris
467 683 807 748 testamenti,
845 685 940 747 qui
965 699 1154 734 omnes
1180 685 1239 734 in
1260 689 1453 736 nostra
1476 685 1655 735 biblia

148 771 495 820 continentur
531 773 588 820 et
621 769 915 833 habentur,
954 772 1012 818 et
1039 770 1307 834 tanquam
1331 771 1450 821 veri
1473 771 1658 821 saneti

141 856 264 904 honi
299 855 368 904 ab
409 853 654 906 ecclesia
693 853 975 904 catholica
1011 858 1141 904 sunt
1186 856 1427 920 recepti,
1481 859 1535 906 et
1582 855 1651 906 ab

140 939 541 988 ecclesiasticis
587 937 903 988 doctoribus
949 939 1266 1005 explanati,
1320 941 1487 989 Tales
1534 946 1654 989 cum

139 1023 415 1073 breviario
454 1022 522 1072 ab
547 1023 687 1087 ipsis
714 1025 985 1088 extracto,
1023 1038 1185 1086 quem
1207 1022 1366 1090 Iudei
1387 1011 1675 1074 hafftores'*

137 1111 363 1171 vocant,
413 1121 521 1171 quo
555 1108 614 1158 in
651 1106 962 1172 synagogis
999 1108 1115 1158 suis
1151 1110 1378 1157 utuntur
1412 1111 1655 1173 tempore

136 1193 505 1242 festivitatum
529 1208 769 1256 suarum,
804 1197 1037 1258 possunt
1072 1193 1155 1242 eis
1190 1193 1407 1243 utiliter
1442 1196 1498 1242 et
1530 1194 1653 1244 sine

137 1277 285 1326 omni
319 1276 569 1341 periculo
605 1277 825 1328 dimitti.

240 1352 293 1410 (I
329 1361 536 1412 Omnes
559 1365 748 1414 autem
771 1362 874 1414 alii
910 1365 968 1412 et
1000 1361 1361 1427 singulariter
1384 1361 1525 1413 liber
1561 1363 1659 1425 qui

133 1447 339 1496 dicitur
373 1445 634 1497 Thalmut
682 1461 804 1498 cum
848 1447 1100 1498 omnibus
1146 1447 1261 1498 suis
1308 1446 1655 1513 appendiciis

133 1536 190 1582 et
225 1532 496 1583 extractis
531 1533 651 1584 sive
687 1532 762 1582 sit
796 1532 854 1580 in
890 1532 1235 1582 orationibus
1262 1534 1359 1582 aut
1383 1532 1496 1582 alio
1522 1548 1653 1598 quo·

130 1618 218 1668 vis
263 1617 420 1668 modo
471 1616 740 1670 Similiter
787 1621 844 1666 et
890 1616 1002 1683 alie
1049 1633 1237 1668 eorum
1288 1616 1445 1684 glose
1491 1633 1657 1683 super

127 1700 415 1768 predictos
439 1700 644 1766 viginti
670 1703 935 1763 quattuor
957 1701 1150 1764 libros,
1185 1701 1452 1752 videlicet
1472 1700 1657 1766 Moysi

127 1786 523 1851 prophetarum
549 1788 626 1836 ‚et
651 1799 698 1834 c.
736 1786 1029 1853 presertim
1062 1791 1191 1851 post
1226 1785 1655 1838 destructionem

127 1871 329 1935 templi
363 1871 432 1920 ab
473 1887 660 1922 eorum
693 1870 928 1920 Rabinis
980 1871 1306 1936 conscripti,
1356 1869 1661 1935 signantur

127 1953 241 2003 duo
281 1953 411 2004 libri
459 1969 596 2019 quos
645 1955 934 2006 nominant
969 1956 1153 2004 inzam
1190 1959 1245 2004 et
1278 1953 1496 2004 tolduth
1529 1956 1661 2004 Iesu

123 2039 390 2104 hanozri,
450 2054 615 2104 quum
672 2039 914 2108 predicti
971 2039 1301 2090 contineant
1345 2038 1533 2103 plures
1578 2038 1659 2086 di-

119 2139 434 2187 versosque
471 2140 682 2176 errores
721 2139 790 2174 ac
824 2124 1053 2191 hereses
1090 2125 1282 2174 contra
1328 2122 1509 2190 leg-em
1559 2137 1659 2174 na-

123 2211 258 2273 ture
298 2222 366 2259 ac
399 2206 608 2272 Moysi,
660 2208 892 2262 Necnon
939 2208 1319 2275 blasphemias
1364 2223 1431 2260 ac
1466 2208 1663 2274 impie·

119 2295 283 2342 tates
321 2295 490 2355 atque
529 2292 892 2360 contumelias
931 2298 1125 2344 contra
1148 2293 1370 2346 Ihesum
1396 2295 1659 2345 christum

9 2397 42 2408 ·-
119 2377 296 2426 deum
329 2391 399 2426 ac
435 2375 834 2440 redemptorem
856 2383 1123 2442 nostrum,
1162 2381 1218 2427 et
1252 2393 1409 2429 suam
1447 2378 1659 2444 dignis-

116 2462 328 2524 simam
383 2464 618 2511 matrem
675 2476 892 2527 semper
945 2463 1218 2534 virginem
1274 2461 1541 2527 Mariam,
1600 2463 1661 2512 in

117 2545 464 2598 derisionem
509 2545 834 2598 scandalum
879 2563 946 2598 ac
993 2546 1358 2612 vilipendium
1394 2547 1659 2598 sacratis·-

113 2632 266 2695 sime
320 2629 450 2682 fidei
503 2636 696 2700 nostre
745 2632 1051 2697 christiane
1098 2631 1393 2682 tendentes
1458 2631 1659 2681 nihilo-

110 2717 312 2764 minus
358 2731 426 2766 ac
471 2720 768 2782 operantes
817 2716 888 2766 ad
933 2713 1313 2765 seductionem
1348 2713 1659 2779 Iudeorum,

1276 2815 1356 2862 4*
