1942 3109
351 216 452 269 232
500 231 970 268 munau-nonas
1010 230 1311 268 onscvnon.
1338 231 1553 268 vnton.
1588 218 1845 285 [vn-russi

352 334 660 400 deceptum,
695 335 856 403 iudeo
878 334 1159 402 theologie
1194 334 1441 385 doctoris
1476 336 1651 403 1000,
1697 343 1847 406 pub1=

354 420 412 469 in
447 421 668 486 platea,
705 421 1001 470 maximam
1034 420 1296 470 habuisse
1333 425 1785 488 reverentiam,
1814 425 1828 472 Ξ

354 506 536 568 palem
573 520 789 571 quoque
826 505 1107 556 nonnullis
1144 509 1201 555 et
1248 505 1663 569 episcopalem
1704 511 1769 559 in
1800 511 1817 557 f

356 591 538 658 anime
565 605 886 641 concessam
911 591 1303 641 auctoritatem
1326 589 1745 655 hereticorum
1774 611 1815 642 m

356 675 666 726 detestatus
727 691 860 726 sum.
933 674 1091 738 Quod
1148 689 1271 723 cum
1324 675 1425 722 uni
1471 676 1837 742 predicator..

355 775 531 823 nuper
599 759 914 824 confiterer,
984 759 1123 808 nihil
1192 757 1623 810 consolationis
1706 775 1819 813 aete*

357 844 460 894 Ille
499 844 643 894 enim
677 842 942 908 difficilis,
982 843 1263 909 querulus,
1301 857 1517 908 anceps
1560 850 1627 896 et
1666 860 1811 896 moro<

359 944 441 978 me
490 929 780 980 absolvere
827 930 1129 979 recusavit.
1199 927 1457 978 Attonito
1518 935 1719 982 autem
1772 947 1809 978 m

357 1013 760 1078 plurimumque
807 1013 1104 1064 admiranti
1149 1027 1217 1063 ac
1260 1013 1434 1076 plane
1472 1015 1704 1078 stupido
1740 1032 1816 1079 ap·

358 1099 567 1148 tissime
604 1098 774 1162 dixit,
819 1113 999 1162 neque
1046 1113 1105 1148 se
1150 1111 1330 1160 neque
1382 1097 1526 1148 alios
1556 1099 1853 1146 sacerdot·

361 1180 552 1245 (etiam
597 1183 646 1231 si
691 1197 930 1231 summus
977 1182 1232 1247 pontifex
1267 1181 1451 1246 esset)
1489 1196 1580 1231 nos
1610 1180 1856 1244 gravius-¹

358 1267 473 1316 illis
496 1268 745 1332 peccatis
773 1267 1187 1330 commissisque
1222 1265 1534 1316 sceleribus
1570 1272 1628 1316 et
1648 1265 1847 1330 ρώπω-

361 1352 678 1400 criminibus
723 1348 914 1414 [atque
959 1347 1339 1415 blasphemiis]
1391 1349 1657 1401 exolvere
1712 1367 1816 1416 pos=
1857 1356 1858 1408 1

359 1436 472 1484 nisi
525 1435 752 1498 publica
803 1437 956 1498 prius
1011 1435 1371 1486 revocatione
1428 1451 1465 1482 a
1518 1437 1689 1486 nobis
1734 1437 1798 1482 fat
1857 1441 1858 1444 ’

359 1518 641 1582 publicam
676 1518 1081 1581 susciperemus
1106 1518 1493 1585 penitentiam.
1538 1519 1695 1570 Ecce
1716 1533 1803 1581 qua
1858 1522 1861 1586 l

360 1608 418 1650 ta
453 1617 550 1665 pro
587 1605 643 1651 te
679 1602 937 1666 patimur,
976 1603 1050 1650 mi
1088 1601 1359 1668 Capnion,
1397 1603 1611 1665 quibus
1650 1603 1831 1668 exagit-

359 1701 478 1736 mur
523 1685 961 1750 discriminibus,
1019 1700 1155 1749 quos
1202 1687 1472 1736 sentimus
1520 1686 1772 1740 dolores.
1816 1697 1831 1728 ·‘

258 1773 351 1827 αδδ
370 1769 656 1840 ριόΙΙΡΙιείῑει
691 1788 769 1837 eS,
806 1770 856 1821 si
879 1775 1075 1826 ‚orator
1100 1775 1157 1820 et
1178 1775 1347 1835 poeta
1372 1767 1461 1836 [,si
1485 1772 1691 1822 tertius
1718 1772 1833 1822 Cat.

367 1875 434 1909 ac
487 1863 679 1908 noster
732 1857 955 1906 tandem
1012 1861 1309 1920 patronus,
1372 1853 1598 1906 consule
1662 1858 1824 1908 obsec·

364 1943 497 1992 mihi
533 1940 666 2008 quid
701 1941 776 1991 sit
811 1941 1076 2006 optimum
1111 1940 1287 1990 factu.
1362 1939 1595 1989 Salutat
1630 1943 1691 1991 te
1726 1937 1860 2006 pluri.

363 2044 508 2078 mum
561 2044 696 2078 uxor
747 2025 1109 2091 Pepericorni
1164 2028 1221 2075 et
1269 2024 1627 2075 Laurentius
1672 2021 1837 2085 Peperi

367 2128 592 2176 cornus,
639 2111 785 2160 filius
831 2111 1086 2174 Ioannis,
1132 2108 1326 2158 doctus
1374 2106 1742 2172 adolescenS,
1784 2120 1823 2168 q·

368 2196 598 2263 Colonie
645 2197 701 2244 in
748 2195 995 2244 Laureto
1044 2192 1213 2258 (quod
1250 2190 1416 2258 Greci
1460 2191 1769 2257 daphnona
1795 2208 1837 2240 u·

367 2279 521 2345 cant)
567 2279 727 2329 bonis
777 2278 989 2328 artibus
1036 2293 1259 2341 operam
1313 2275 1621 2342 impendit,
1686 2281 1841 2340 tibiqc·

365 2381 474 2416 non
518 2380 710 2432 parum
757 2363 1013 2413 minatur.
1085 2362 1225 2412 Vale
1275 2377 1341 2410 ex
1375 2359 1613 2411 Mollem
1666 2367 1727 2415 in
1764 2367 1829 2415 fes·

366 2450 592 2500 Bacchi.
625 2449 634 2512 Ι

437 2663 478 2696 ¹⁷
514 2679 651 2727 quas
680 2668 724 2714 1.
