1942 3109
149 221 380 258 Afrum).
419 221 552 256 von.
578 221 618 254 1.
697 204 782 270 [49.
821 219 936 256 10A.
961 218 1310 256 ronntrur.
1350 203 1495 274 1537]
1572 205 1672 258 153

147 327 425 391 aliquibus
461 325 666 376 diebus
700 341 798 392 pre
819 326 1059 376 tristitia
1082 324 1345 390 infirmus,
1381 325 1479 378 aed
1502 325 1667 376 hodie

145 415 230 461 est
261 415 482 476 octava,
521 409 674 475 quod
705 409 774 460 de
805 425 966 460 mane
1003 414 1134 476 post
1154 410 1377 460 tertiam
1398 411 1671 476 digestio·

141 512 290 561 nem,
335 512 509 546 unum
547 493 756 544 malum
789 494 1045 546 sudorem
1079 495 1297 558 habuit,
1336 499 1393 547 et
1425 499 1669 561 postmo-

145 581 267 632 dum
299 582 578 643 surrexit,
599 583 676 629 .et
707 580 812 630 ivit
847 579 917 630 ad
952 595 1092 646 opus
1128 585 1356 648 nature,
1406 585 1465 632 ct
1502 596 1665 632 caea-

141 668 221 716 vit
254 667 416 718 valde
453 663 610 714 male
644 664 836 728 nimis,
861 681 991 716 non
1035 667 1219 730 spisse
1265 664 1365 716 sed
1408 666 1671 728 tenuiter,

141 754 198 800 et
239 753 453 801 factum
500 752 590 799 est
633 748 830 799 melius
887 751 1043 800 circa
1098 750 1273 800 illum.
1347 747 1457 800 Sed
1500 749 1671 799 habet

141 836 340 886 bonam
387 834 808 899 expectantiam
855 835 925 884 ab
974 850 1091 884 una
1144 833 1385 885 fautrice
1440 833 1669 898 ordinis,

143 935 251 986 que
285 921 426 970 bene
461 918 578 968 scit
611 916 698 967 illi
737 932 979 981 coquere
1012 917 1163 968 bona
1196 919 1434 984 iuscula,
1473 922 1529 970 et
1552 935 1665 969 mo-

143 1004 317 1054 niales
355 1003 630 1068 crepitus,
681 1007 740 1053 et
784 1001 1117 1053 huiusmodi.
1192 1002 1515 1054 charissime
1552 1004 1666 1055 fra·-

144 1092 252 1150 ter,
287 1089 338 1137 si
364 1088 507 1137 laici
536 1089 711 1138 nostri
747 1086 959 1138 domini
994 1091 1175 1150 erunt,
1212 1103 1402 1138 omnes
1437 1103 1537 1137 nos
1574 1087 1669 1138 de·

149 1171 428 1222 ridebunt:
473 1172 601 1235 quia
643 1173 760 1222 iam
803 1173 1064 1223 fecerunt
1106 1186 1275 1221 unum
1318 1171 1669 1236 proverbium

141 1257 212 1308 de
255 1257 444 1320 nobie,
506 1260 562 1306 et
605 1260 950 1321 acceperunt
992 1255 1082 1306 illi
1127 1255 1194 1306 de
1252 1271 1357 1307 uno
1414 1258 1667 1321 antiquo,

141 1341 288 1406 quod
321 1340 530 1392 dicitur
561 1340 632 1391 de
679 1355 790 1391 uno
835 1341 1104 1406 plebane,
1152 1343 1249 1406 qui
1292 1341 1539 1392 libenter
1574 1357 1667 1392 co-

141 1427 313 1476 medit
345 1426 549 1475 bonum
585 1439 828 1489 caseum,
867 1429 923 1476 et
947 1425 1169 1490 quando
1190 1427 1251 1476 in
1275 1429 1478 1476 sancta
1501 1429 1667 1476 noete

138 1511 248 1562 fuit
281 1512 342 1560 in
377 1509 510 1560 ludo
544 1509 785 1574 pascali,
821 1514 956 1560 tunc
994 1525 1097 1560 sua
1131 1511 1279 1562 bona
1312 1510 1524 1561 fautrix
1559 1511 1668 1561 sibi

135 1597 344 1647 bonum
391 1609 620 1646 caseum
662 1594 901 1658 furavit,
959 1598 1019 1644 et
1064 1595 1281 1659 quando
1324 1597 1545 1647 revenit
1596 1595 1663 1645 de

137 1680 300 1744 ludu,
361 1683 418 1730 et
461 1694 574 1729 non
618 1680 834 1730 invenit
881 1693 1133 1744 caseum,
1194 1680 1493 1732 clamavit=
1550 1677 1669 1746 ‘per

133 1765 270 1816 deos
293 1767 542 1828 sanctos,
579 1764 842 1815 meretrix
865 1764 1079 1814 furavit
1104 1768 1361 1820 caseum’.
1434 1764 1529 1814 Sic
1554 1766 1667 1813 iam

139 1848 366 1913 quando
416 1863 516 1898 nos
576 1846 646 1898 de
703 1849 874 1898 muris
923 1849 1259 1914 exspicimua
1305 1847 1377 1898 ad
1423 1847 1669 1913 plateae,

130 1934 332 1986 solatii
369 1935 585 1998 gratia,
620 1933 730 1999 ipsi
767 1937 1099 1985 convertunt
1134 1934 1514 2004 proverbium,
1553 1947 1665 1982 non

129 2019 494 2084 simpliciter,
545 2017 642 2070 sed
687 2034 790 2084 per
835 2019 1396 2084 contrapositionem,
1444 2023 1501 2070 et
1550 2017 1667 2068 cla—

127 2107 320 2154 mant:
363 2101 583 2152 ‘Audite
617 2118 716 2168 per
751 2102 884 2152 deos
921 2105 1181 2166 sanctos,
1216 2102 1483 2153 meretrix
1514 2102 1669 2152 fura-

129 2189 224 2239 vit
259 2186 571 2237 cucullam'.
639 2187 740 2236 Pie
785 2187 996 2250 frater,
1044 2187 1127 2236 sie
1170 2190 1389 2252 oportet
1432 2202 1532 2238 nos
1567 2186 1666 2238 ha—

132 2275 270 2324 bere
307 2272 510 2321 multas
547 2273 603 2320 et
636 2285 870 2336 magnas
905 2272 1233 2323 vexationes
1274 2276 1330 2322 et
1351 2273 1669 2322 tribulatio-
1724 2317 1729 2322 .

131 2373 234 2408 nes
270 2358 374 2407 sub
424 2358 549 2406 istis
595 2356 791 2419 laicis,
840 2358 1067 2420 propter
1113 2355 1360 2407 ordinem
1402 2361 1665 2408 nostrum.

134 2443 212 2490 Et
243 2457 377 2492 vere
413 2441 524 2490 iam
560 2441 619 2489 in
668 2439 832 2490 nobis
879 2439 1182 2503 implentur
1226 2439 1327 2506 ille
1363 2442 1665 2510 scripture:

135 2525 318 2576 ‘Servi
354 2525 626 2576 dominati
659 2527 793 2574 sunt
827 2525 1033 2589 nostri,
1080 2539 1190 2575 non
1237 2525 1346 2576 fuit
1392 2528 1487 2589 qui
1524 2526 1667 2577 redi-

133 2613 312 2661 meret
353 2609 422 2660 de
484 2624 656 2659 manu
712 2623 916 2658 eorum.
990 2608 1163 2659 Senes
1217 2607 1545 2659 defecerunt
1599 2610 1667 2656 de

133 2695 345 2759 portis,
405 2695 640 2746 iuvenes
685 2690 755 2740 de
804 2691 968 2742 choro
1015 2677 1405 2754 psallentium,
1463 2688 1675 2736 defecit
