1942 3109
207 271 410 308 naon
427 271 576 306 msr.
590 271 720 308 nna.
734 269 808 307 An
821 271 982 306 ron-1¹.
996 269 1128 307 nux.
1146 271 1257 306 mr.
1272 264 1339 306 16.
1352 269 1473 306 im.
1492 265 1605 307 1515.
1634 257 1729 306 147

203 379 342 428 forte
379 376 714 444 secularium
751 377 1062 441 principum
1101 376 1319 426 authori
1354 377 1463 439 ipsi
1490 377 1730 426 carnali·

205 467 286 512 ter
321 461 629 512 faventium
667 460 814 526 apud
851 459 1223 511 Sanctitatem
1257 462 1514 511 Vestram
1561 461 1728 510 inter-

205 547 544 597 cessionibus
591 545 836 610 Cumque
891 544 959 596 de
1018 545 1370 611 disceptandi
1426 545 1603 614 {forma
1663 561 1729 595 ac

205 630 358 682 modo
381 629 716 695 procedendi
742 629 1121 695 contenditur,
1160 645 1332 680 causa
1355 632 1481 695 ipsa
1504 631 1728 679 interim

202 717 409 782 negligi
443 715 680 766 videtur.
753 715 1086 780 Accepimus
1134 729 1301 782 cause
1354 714 1727 780 cognitionem

201 801 513 867 delegatam
549 816 674 852 esse
711 816 822 851 non
859 800 1079 864 quidem
1116 815 1277 850 sacro
1315 798 1555 868 concili-o
1583 799 1728 848 eius-

201 902 266 936 ve
313 885 735 948 diffinitoribus,
790 885 887 936 sed
944 883 1337 936 Cardinalibus
1396 882 1727 948 quibusdam

202 985 462 1020 seorsum.
536 970 710 1031 Quasi
745 985 876 1020 vero
911 970 981 1020 de
1016 985 1075 1020 re
1112 970 1224 1019 levi
1260 974 1318 1018 et
1351 969 1572 1034 vulgari
1598 983 1727 1018 cou-

200 1055 470 1106 troversia
506 1055 606 1116 sit,
645 1067 860 1121 queque
897 1054 1061 1119 longe
1098 1054 1325 1104 minoris
1360 1053 1435 1103 sit
1469 1053 1730 1103 momenti

203 1154 367 1204 quam
401 1139 572 1206 multe
599 1154 768 1206 cause
794 1139 1079 1205 prophane
1104 1153 1337 1202 quarum
1360 1137 1571 1188 decisio
1597 1153 1726 1187 con-

205 1224 335 1273 cilio
379 1227 715 1274 reservatur.
787 1223 1023 1273 Oramus
1068 1224 1240 1289 igitur
1284 1227 1341 1272 et
1386 1224 1729 1273 obtestamur

204 1307 572 1358 Sanctitatem
596 1308 853 1358 Vestram
888 1312 1155 1371 quantum
1178 1308 1415 1358 maxime
1440 1321 1727 1372 possumus

203 1409 269 1443 ex
317 1393 529 1453 animo,
573 1396 636 1440 ut
681 1397 906 1456 arrepta
951 1393 1123 1456 plana
1172 1392 1447 1443 charitate
1494 1395 1552 1443 et
1593 1407 1726 1443 vero

197 1477 287 1528 dei
324 1477 444 1528 zelo
483 1491 710 1528 causam
738 1476 895 1528 illam
919 1476 1127 1527 diutius
1151 1492 1261 1528 non
1285 1476 1435 1528 sinat
1458 1477 1723 1543 protrahi,

196 1561 295 1614 sed
343 1577 506 1627 quam
553 1562 840 1614 celerrime
886 1563 942 1612 ei
977 1561 1148 1630 ¹finem
1194 1563 1479 1628 imponens
1518 1561 1728 1612 Christi

196 1647 362 1697 Ihesu
398 1648 554 1712 gregi
592 1648 748 1696 cuius
785 1649 905 1712 ipse
942 1651 1135 1712 pastor
1169 1650 1256 1697 est
1289 1649 1617 1712 prospiciat,
1655 1662 1723 1696 ne

195 1732 518 1799 sevissimus
560 1730 654 1778 hic
698 1731 861 1795 lupus
905 1732 1194 1782 innocenti
1236 1733 1419 1781 ovium
1455 1733 1725 1796 sanguine

191 1817 368 1865 rictus
404 1829 534 1864 suos
569 1813 777 1863 diutius
813 1814 1005 1864 fedare
1031 1819 1231 1879 pergat
1254 1819 1311 1864 et
1334 1815 1725 1866 offendiculum

189 1897 370 1962 istud,
407 1899 466 1947 in
501 1898 649 1959 quod
685 1903 798 1948 tam
833 1899 997 1948 multi
1018 1898 1213 1963 pusilli
1235 1900 1563 1964 gravissime
1590 1914 1723 1964 quo·

189 1982 330 2033 tidie
367 1983 684 2044 incurrunt,
735 1997 768 2030 a
805 1981 1039 2046 pedibus
1076 1997 1261 2031 eorum
1297 1988 1605 2046 removeat,
1653 2001 1723 2034 ne

187 2068 437 2119 divinam
471 2067 613 2116 iram
659 2081 824 2130 super
869 2081 929 2116 se
978 2069 1271 2130 provocet,
1316 2081 1425 2132 que
1472 2081 1593 2116 eam
1639 2069 1723 2116 in-

189 2152 370 2215 ceptis
406 2152 520 2200 suis
555 2151 815 2202 frustrari
850 2151 1019 2216 velit,
1066 2151 1126 2200 in
1164 2165 1271 2215 quo
1306 2167 1419 2201 rem
1456 2151 1633 2201 faciet
1668 2155 1725 2202 et

191 2235 504 2286 sanctitati
536 2237 738 2304 Vestre
786 2253 854 2288 ex
901 2237 1087 2288 officio
1132 2236 1377 2290 debitam
1424 2240 1481 2288 et
1525 2243 1721 2304 sancte

187 2319 314 2372 sedi
348 2319 655 2386 apostolice
691 2320 1049 2373 honorificam
1086 2326 1143 2373 et
1176 2323 1430 2374 omnibus
1464 2323 1561 2386 qui
1586 2339 1719 2388 erga

187 2405 552 2456 christianam
609 2405 1007 2468 rempublicam
1051 2409 1142 2471 pie
1192 2407 1509 2457 afficiuntur
1553 2407 1718 2472 longe

183 2491 578 2558 gratissimam.
655 2489 922 2554 Optamus
953 2489 962 2554 Ι
994 2492 1321 2544 felicissime
1346 2492 1536 2544 valere
1563 2489 1857 2557 Chri-§iijb

181 2577 263 2626 eti
300 2577 357 2625 in
394 2576 556 2625 terris
579 2575 866 2625 vicarium.
937 2576 1023 2626 Ex
1050 2576 1247 2641 oppido
1271 2582 1458 2629 nostro
1481 2578 1717 2630 Middel-

181 2661 364 2725 burgo
404 2676 536 2710 .xv1.
575 2661 780 2724 mensis
815 2661 952 2713 Maii
988 2660 1145 2710 Anno
1186 2661 1445 2714 .M.D.xv.

1340 2831 1448 2883 10*
