1942 3109
161 245 344 282 PEPER.
371 239 686 278 REVCHLIM
709 237 1053 274 ARGVMENTA
1076 237 1277 273 REFVT.
1306 238 1535 272 STVDET·
1583 222 1677 273 137

157 352 246 403 vel
279 363 376 413 per
411 345 679 410 meipsum
716 343 957 394 retinere
997 347 1094 394 aut
1140 359 1208 393 ex
1256 341 1459 393 eisdem
1507 343 1679 392 inter-

161 447 348 500 rogare
387 435 484 482 aut
519 431 590 482 ad
627 429 879 480 tabulam
913 429 1072 494 potui
1104 435 1391 494 reponere.

260 511 310 568 {I
344 518 609 584 Preterea
658 531 758 580 ego
803 513 910 564 hoc
955 511 1333 564 mediusfidius
1382 509 1551 576 (citra
1600 513 1681 562 ia-

148 604 420 655 ·ctantiam
447 599 655 666 tamen)
683 599 750 650 de
775 601 988 664 meipso
1024 598 1281 664 profiteor
1315 597 1461 662 quod
1497 599 1680 648 omnia

159 705 259 756 que
303 688 395 738 vel
438 687 498 737 in
543 685 725 737 biblia
774 685 866 735 vel
913 685 972 732 in
1018 684 1195 733 sacris
1234 683 1545 748 evangeliis
1580 683 1680 732 ha-

155 777 375 837 bentur,
424 787 522 838 per
565 771 834 836 meipsum
883 772 940 818 et
978 769 1188 832 absque
1226 768 1548 832 interpretis
1586 767 1681 816 ad-

155 857 412 909 miniculo
451 858 628 906 citare
664 855 902 920 possim,
951 856 1008 902 et
1044 851 1114 902 ad
1149 869 1305 903 omne
1341 853 1681 918 propositum

155 943 400 1005 allegare
417 977 431 1000 ‚
469 939 588 989 sive
615 940 740 1002 quis
766 942 1013 988 nostram
1041 937 1410 1010 alemanicam
1433 937 1681 1002 linguam

152 1025 290 1076 velit
319 1022 328 1088 1
359 1024 478 1074 sive
513 1022 790 1090 hebream.
850 1022 924 1072 Et
956 1026 1019 1072 ut
1053 1022 1157 1072 hoc
1180 1023 1359 1088 ipsum
1385 1021 1648 1072 adiiciam
1663 1020 1817 1089 (βψ)

155 1109 352 1160 Omnia
399 1124 502 1173 ego
547 1107 845 1173 evangelia
893 1122 999 1174 que
1036 1123 1135 1173 per
1170 1109 1346 1158 totum
1384 1123 1586 1158 annum
1622 1111 1680 1157 in

153 1193 396 1244 ecclesia
441 1192 531 1242 dei
575 1192 646 1242 ad
701 1193 962 1257 populum
1022 1195 1367 1258 exponuntur
1422 1193 1678 1259 memorie

155 1274 533 1328 commendavi
557 1280 613 1326 et
639 1275 708 1325 ad
743 1291 980 1342 unguem
1018 1279 1256 1328 recitare
1294 1277 1495 1340 didici,
1533 1277 1680 1341 quod

152 1376 262 1412 non
300 1355 485 1410 omnes
521 1361 762 1411 fortasse
797 1360 988 1412 facere
1026 1366 1286 1427 poterunt
1324 1364 1500 1427 quiin
1527 1362 1678 1412 litte·

149 1448 228 1497 ris
264 1445 612 1512 secularibus
661 1449 718 1494 et
761 1445 974 1496 fabulis
1017 1447 1141 1510 plus
1188 1462 1331 1514 equo
1379 1449 1677 1499 obbrutue-

145 1535 292 1582 runt.
359 1521 411 1580 (l
434 1530 718 1582 Postremo
743 1534 806 1580 ut
828 1531 960 1580 huic
986 1532 1291 1583 obiectioni
1325 1533 1679 1583 satisfaciam

145 1617 346 1666 Habeo
370 1615 541 1665 filium
565 1615 932 1665 Laurentium
957 1617 1196 1680 nomine,
1234 1617 1531 1682 ingenuum
1555 1634 1678 1684 pro-

145 1702 300 1750 fecto
337 1699 748 1750 adolescentem
785 1702 842 1749 et
863 1688 1202 1751 liberalibus*
1221 1701 1535 1767 disciplinis
1562 1707 1678 1752 stu-

141 1786 366 1849 diisque
402 1785 643 1848 poeticis
691 1784 855 1834 anxie
902 1783 1407 1849 impallescentem,
1455 1787 1551 1850 qui
1596 1788 1678 1836 in—

141 1869 332 1918 finitas
392 1868 788 1932 quodammodo
843 1872 898 1919 et
951 1874 1229 1920 oratorum
1284 1875 1339 1920 et
1391 1875 1678 1936 poetarum

141 1953 460 2004 sententias
484 1957 598 2004 tum
624 1970 689 2004 ex
725 1968 947 2004 suorum
984 1970 1077 2004 ore
1114 1959 1525 2022 preceptorum,
1564 1961 1677 2006 tum

139 2054 213 2088 ex
249 2037 434 2088 studio
471 2039 716 2104 privato,
767 2037 838 2088 ad
875 2053 1088 2089 omnem
1123 2039 1257 2088 mihi
1294 2041 1584 2089 materiam
1623 2045 1678 2091 et

137 2123 214 2172 ad
253 2137 414 2170 omne
438 2123 778 2185 propositum
803 2123 1115 2188 recollegit.
1180 2125 1529 2189 Quapropter
1556 2139 1676 2174 cum

139 2219 252 2268 ego
289 2201 530 2254 dicerem
557 2203 813 2258 ‘Ioannes
837 2208 1110 2259 Reuchlin
1148 2212 1234 2260 est
1268 2208 1433 2260 valde
1470 2212 1677 2274 senex',

133 2284 432 2352 respondit
451 2285 596 2336 filius
617 2289 968 2342 ‘Maledictus
993 2309 1130 2357 puer
1151 2297 1373 2344 centum
1392 2298 1675 2346 annorum'

131 2373 213 2422 Et
251 2371 452 2421 iterum
492 2369 762 2435 allegavit
796 2375 1085 2440 Hugonem
1134 2393 1296 2442 quem
1344 2378 1551 2429 dixisse
1591 2381 1676 2429 af-

131 2455 406 2506 firmabat
441 2455 586 2519 quod
621 2455 768 2506 inter
806 2457 1103 2509 abusiones
1139 2463 1301 2513 huius
1339 2463 1518 2530 seculi
1554 2465 1676 2514 sola

131 2542 322 2592 maior
358 2545 444 2592 est
480 2541 631 2592 senis
669 2541 993 2592 obstinatio.
1064 2545 1290 2595 Dicenti
1328 2549 1493 2598 etiam
1541 2549 1676 2599 mihi

129 2625 409 2676 Ioannem
433 2625 706 2676 Reuchlin
735 2631 977 2694 seipsum
1014 2628 1243 2680 laudare
1281 2632 1552 2698 solitum„
1592 2651 1676 2683 re-

127 2707 394 2772 sponditz
443 2710 565 2762 ‘hoc
611 2713 832 2764 faciunt
876 2715 1039 2765 stulti
1089 2729 1225 2778 quos
1277 2715 1457 2781 gloria
1508 2723 1679 2769 vexat
