1942 3109
216 213 318 265 340
393 227 682 265 nmsronffl
708 229 1074 266 oascvaonvx
1097 227 1353 264 vmonvu
1377 227 1554 265 nova.

215 337 411 399 postea
454 349 621 384 unum
666 339 886 401 poetam
936 336 995 384 in
1040 333 1297 385 Erfordia
1350 335 1445 398 qui
1492 339 1733 385 vocatur

215 417 477 470 Eobanus
501 420 713 471 Hessus
750 423 804 471 et
839 420 1002 470 debet
1037 435 1158 470 esse
1194 419 1408 470 iuvenis
1446 422 1501 468 et
1538 435 1731 486 exper-

214 504 461 554 tissimus
496 508 686 569 poetat
728 512 784 554 et
819 505 950 554 talis
986 503 1156 555 habet
1190 519 1357 554 unum
1392 505 1601 554 socium
1624 505 1731 555 ibi-

218 589 339 639 dem
383 589 592 640 dictum
635 589 915 640 Petreium
948 589 1382 654 Aper-bachium:
1426 590 1540 654 ipsi
1586 605 1729 640 eom-

217 678 426 740 ponunt
461 675 569 724 iam
604 674 774 724 libros
813 689 948 738 quos
984 674 1179 724 volunt
1205 673 1394 724 statim
1418 673 1727 738 imprimere

213 759 323 809 nisi
346 757 618 823 Theologi
651 759 866 808 faciunt
902 758 1251 809 concordiam
1289 773 1412 808 eum
1435 758 1721 808 Reuehlin.

216 841 351 893 Cum
385 843 489 894 hoc
525 841 690 894 debet
725 857 848 893 esse
871 843 1132 908 Liptzick
1164 857 1305 893 unus
1329 842 1592 909 Aug-licus
1626 858 1722 893 ne-

217 928 334 978 scio
372 927 638 992 quomodo
676 928 876 978 dictus.
949 927 1057 979 Sed
1104 927 1264 979 credo
1310 928 1453 992 quod
1500 931 1581 978 est
1624 927 1723 977 ille

215 1014 309 1077 qui
346 1014 456 1064 fuit
493 1018 622 1064 ante
648 1013 782 1065 duos
810 1029 983 1064 annos
1008 1012 1267 1080 Colonie,
1306 1012 1401 1077 qui
1438 1017 1523 1064 est
1558 1014 1731 1064 etiam

212 1113 373 1148 unus.
434 1103 490 1148 et
522 1098 806 1150 vadianus
839 1100 1072 1167 Vienne,
1109 1097 1176 1148 de
1212 1112 1320 1162 quo
1358 1097 1547 1148 dicunt
1583 1097 1728 1161 quod

173 1228 178 1235 .
214 1187 300 1233 est
345 1184 611 1234 terribilis
656 1188 843 1249 poeta.
911 1184 1052 1234 Item
1096 1183 1153 1232 in
1200 1181 1367 1233 Curia
1414 1182 1729 1232 Cardinalis

213 1272 298 1318 est
323 1269 546 1332 quidam
571 1267 782 1334 Caspar
805 1269 1039 1319 Ursinus
1065 1268 1160 1332 qui
1193 1269 1301 1318 scit
1333 1268 1521 1318 facere
1560 1283 1731 1336 greca

213 1350 476 1403 Carmina
523 1357 578 1404 et
621 1355 874 1419 promisit
915 1352 1189 1404 Reuehlin
1236 1352 1503 1402 auxilium
1548 1367 1727 1418 suum,

213 1441 268 1486 et
302 1437 424 1488 vult
460 1452 580 1487 esse
617 1440 761 1489 inter
795 1439 996 1488 socios.
1067 1439 1205 1488 Item
1239 1439 1361 1503 ipse
1397 1435 1535 1486 dixit
1581 1437 1727 1500 quod

213 1520 426 1572 audivit
472 1521 616 1586 quod
661 1522 949 1588 Philippus
984 1522 1347 1573 Melanchton
1396 1525 1450 1571 et
1482 1520 1721 1570 Iacobus

210 1605 651 1673 Wimphelingus
699 1610 755 1657 et
790 1607 998 1657 Beatus
1032 1607 1331 1659 Rhenanus
1370 1609 1424 1658 et
1454 1605 1719 1655 Nicolaus

210 1691 524 1742 Ger-belliue
561 1699 689 1742 sunt
724 1691 894 1743 etiam
929 1691 1090 1744 tales.
1150 1694 1225 1742 Et
1259 1692 1401 1743 dixit
1434 1692 1553 1758 ipse
1580 1689 1724 1755 quod

210 1776 519 1826 scriberent
572 1777 764 1827 literas
825 1775 894 1826 ad
939 1777 1229 1828 Ulrichum
1274 1777 1575 1828 Huttenum
1630 1775 1728 1840 qui

211 1860 396 1912 studet
419 1861 693 1930 Bononie,
735 1860 878 1926 quod
915 1863 1084 1912 etiam
1120 1846 1284 1914 debet
1320 1877 1442 1912 esse
1478 1875 1618 1911 unus
1658 1877 1727 1912 ex

212 1946 309 1997 eis.
387 1947 471 1998 De
527 1946 654 1998 aliis
704 1950 888 1997 autem
931 1947 1052 2013 ipse
1103 1964 1213 1999 non
1259 1945 1489 1999 audivit.
1570 1946 1729 1996 Tunc

211 2032 427 2102 quesivi
475 2033 544 2085 ab
595 2032 749 2096 aliis,
799 2047 870 2082 an
916 2034 1082 2084 etiam
1128 2033 1391 2082 Erasmus
1426 2030 1724 2082 Roteroda-

209 2133 326 2168 mus
353 2122 502 2168 esset
527 2133 648 2167 cum
674 2118 772 2168 eis.
814 2117 1119 2184 Respondit
1142 2116 1275 2166 mihi
1302 2114 1523 2181 quidam
1546 2114 1728 2165 kauff-

210 2217 442 2252 mannus
468 2201 688 2252 dicens:
728 2200 1008 2251 ‘Erasmus
1045 2205 1130 2251 est
1164 2201 1321 2252 homo
1356 2216 1453 2267 pro
1491 2215 1580 2251 se:
1620 2197 1729 2250 Sed

211 2292 419 2339 eertum
466 2289 550 2337 est
597 2285 740 2350 quod
787 2301 1066 2350 nunquam
1110 2287 1217 2336 erit
1250 2285 1471 2336 Amicus
1505 2284 1725 2335 illorum

209 2372 611 2438 Theologorum
648 2375 704 2421 et
737 2371 998 2435 fratrum,
1038 2373 1094 2421 et
1118 2370 1261 2435 quod
1284 2371 1403 2436 ipse
1428 2368 1723 2420 manifeste

209 2460 268 2508 in
303 2458 468 2508 dictis
506 2461 562 2509 et
597 2456 820 2522 seriptis
858 2454 1258 2507 suissdefendit
1294 2459 1349 2506 et
1386 2457 1613 2506 excusat
1634 2453 1724 2503 Io—

209 2543 446 2593 hannem
489 2540 786 2604 Reuehlin,
844 2541 1011 2590 etiam
1066 2541 1312 2590 scribens
1370 2539 1437 2590 ad
1483 2541 1721 2606 papam’.

209 2627 282 2676 Et
318 2624 387 2675 ab
427 2625 554 2674 aliis
593 2623 781 2675 audivi
815 2625 958 2688 quod
982 2624 1190 2674 Paulus
1214 2623 1394 2674 Ritius
1432 2629 1519 2675 est
1555 2626 1725 2675 etiam

209 2710 277 2761 de
302 2711 404 2760 hoe
429 2725 670 2760 numero.
724 2711 798 2758 Et
823 2708 1015 2760 dieunt
1037 2707 1257 2774 quidam
1282 2707 1425 2772 quod
1449 2709 1729 2760 Iohannes
