1942 3109
418 275 732 314 coucnvsio
757 273 958 311 ‘ronvs
986 273 1202 311 orn-ms.
1238 274 1399 311 mus.
1571 259 1669 311 197

148 384 340 435 vestra
371 381 719 446 protectione
751 378 1089 444 defensetis,
1136 393 1203 430 ac
1246 395 1361 430 une
1406 393 1530 432 cum
1580 394 1669 431 ce-

151 466 290 518 teris
336 463 786 517 christifidelibus
831 465 983 515 intra
1026 463 1433 531 redemptarum
1486 466 1672 517 ovium

151 555 314 621 septe
348 555 633 602 reservare
667 550 874 602 velitis.
943 550 1065 616 Ego
1103 551 1249 601 enlm
1281 549 1484 618 iudeus
1520 549 1671 612 olim,

153 652 300 688 nunc
333 651 466 689 vero
505 635 698 687 divina
733 636 916 701 gratia
949 636 1009 686 in
1044 637 1297 687 omnibus
1320 637 1461 687 meis
1482 635 1673 699 factis,

151 723 336 775 verbis
371 736 443 773 ac
477 721 737 787 scriptis,
771 722 892 773 vita
929 721 1099 772 etiam
1133 736 1203 772 ac
1238 721 1479 772 moribus
1514 720 1684 771 homo.

151 823 270 858 sum
319 807 658 871 catholicus,
716 810 772 858 et
813 807 938 858 sine
994 806 1191 870 quavis
1250 806 1561 872 suspitione
1614 807 1677 855 in

151 894 406 945 omnibus
443 891 704 944 obediens
750 906 818 941 ac
865 889 1075 955 fidelis,
1120 889 1178 941 id
1222 890 1369 956 quod
1412 895 1535 944 tota
1570 889 1677 942 Co-

153 978 310 1028 lonia
353 991 454 1027 suo
498 976 818 1027 testimonio
864 977 1267 1042 comprobabit.
1336 976 1403 1027 In
1444 977 1677 1027 istorum

159 1059 629 1113 confirmationem
671 1060 722 1110 si
763 1062 1040 1112 sanctitas
1084 1066 1210 1127 tua,
1258 1061 1306 1111 Ο
1352 1061 1677 1112 beatissime

154 1150 344 1214 pater,
401 1145 740 1197 contrarium
793 1159 1039 1210 unquam
1082 1147 1144 1198 in
1185 1146 1429 1198 veritate
1474 1161 1677 1212 cogno·-

154 1233 326 1294 verit‚
351 1229 544 1281 deleat
563 1244 652 1279 me
678 1230 975 1280 confestim
996 1231 1063 1282 de
1089 1231 1232 1283 libro
1255 1232 1372 1299 vite
1399 1233 1455 1281 et
1476 1233 1677 1297 sempi-

155 1319 316 1381 terne
359 1313 522 1364 simul
575 1315 739 1364 morti
795 1314 1093 1366 adiudicat.
1174 1316 1236 1366 Si
1288 1331 1421 1368 vero
1476 1317 1676 1380 iustus,

157 1398 396 1463 simplex
443 1401 500 1448 et
541 1402 728 1450 rectus
771 1399 931 1450 fuero
976 1401 1239 1452 inventus
1277 1405 1335 1452 et
1366 1401 1427 1451 in
1462 1401 1677 1454 eunctis

155 1481 451 1547 obediens,
496 1482 726 1535 obsecro
772 1485 1137 1538 sanctitatem
1170 1489 1326 1537 tuam
1370 1488 1433 1538 in
1468 1486 1677 1538 christo

152 1567 309 1634 Iesu,
355 1571 420 1620 ut
463 1572 552 1634 tu,
606 1573 768 1634 pater
811 1571 1169 1636 beatissime,
1221 1570 1359 1621 mihi
1404 1571 1473 1624 de
1516 1571 1677 1622 micis

151 1667 344 1720 mense
385 1657 482 1719 tue
527 1653 816 1717 paululum
851 1654 1061 1706 donare
1094 1655 1239 1707 velis
1274 1659 1333 1706 et
1364 1660 1516 1708 tuem
1550 1673 1677 1723 gra-

149 1737 291 1787 tiam
333 1750 616 1800 nunquam
659 1737 956 1805 denegare.
1024 1740 1133 1790 Dic
1177 1755 1309 1806 ergo
1350 1741 1579 1793 verbum
1624 1745 1683 1791 et

152 1821 450 1871 sanabitur
483 1821 670 1870 enimn.
701 1836 844 1872 mea.
913 1821 1107 1882 Amen.

265 1976 319 2039 (ἶ
351 1985 547 2039 Lima
581 1988 752 2039 totius
787 1992 970 2056 operis
1008 1994 1065 2042 et
1098 1992 1265 2044 breve
1289 1997 1679 2066 correctorium

158 2087 284 2123 cum
342 2070 722 2122 declaratione
784 2076 866 2126 et,
896 2076 1255 2127 revocatione
1320 2078 1677 2142 quorundam.

160 2148 216 2207 (I
239 2155 406 2220 2111.
432 2156 586 2206 linea
619 2160 781 2208 sexta
817 2173 854 2208 a
887 2157 995 2210 fine
1032 2158 1408 2226 ascendendo,
1444 2178 1553 2214 non
1590 2177 1679 2214 eo-

154 2241 252 2309 pie
287 2240 783 2306 consultationum,
831 2243 928 2295 sed
961 2247 1088 2314 ipse
1126 2246 1565 2300 consultationes
1599 2248 1680 2299 le-

155 2324 396 2394 gendum
423 2329 526 2376 est.
589 2317 642 2376 (I
675 2325 744 2376 In
773 2328 1085 2396 penultima
1119 2330 1275 2382 linea
1310 2332 1553 2384 eiusdem
1588 2347 1681 2385 co-

153 2414 344 2479 lumne
401 2409 604 2463 dicitur
658 2411 862 2475 quibus
905 2412 963 2463 id
1010 2419 1067 2466 et
1096 2429 1145 2465 c.
1190 2414 1298 2467 hoc
1344 2420 1429 2468 est
1482 2417 1695 2482 quibus·

159 2494 452 2564 aperiendi
495 2500 553 2550 et
597 2479 972 2563 perlustrandi
1004 2501 1301 2566 negocium
1334 2504 1683 2556 commissum

154 2584 288 2633 fuit.
373 2572 426 2632 (1
469 2580 520 2636 G
559 2584 736 2650 primo
779 2582 932 2635 linea
966 2599 1089 2639 1111.
1130 2586 1189 2636 in
1233 2585 1339 2639 fine
1388 2587 1683 2654 legendum

159 2671 252 2718 est
283 2668 648 2722 subiectione.
723 2659 776 2719 ΙΙ
819 2668 1031 2722 Ibidem
1072 2669 1225 2724 linea
1261 2686 1344 2723 νῐ.
1389 2671 1683 2740 legendum

157 2753 248 2803 est
272 2755 730 2814 conversationis.
799 2745 852 2805 (1
875 2754 922 2810 G
941 2757 1137 2810 ultimo
1175 2757 1281 2810 col.
1318 2758 1495 2825 prima
1527 2759 1689 2810 linea
