1942 3109
231 199 298 250 36
366 213 750 250 ΡΕΡΕΒῙΟΟΒΝῘ
775 214 1013 250 DEFENS.
1028 208 1250 247 CONTRA
1274 209 1474 246 rums.
1490 210 1541 244 Ο.
1555 209 1747 244 V.BPP.

231 319 570 386 gibiliusque
609 319 864 370 accidere
899 323 1089 384 posset
1134 332 1299 382 quam
1334 319 1391 366 et
1422 315 1482 364 in
1516 315 1622 364 hoc
1656 331 1750 365 ne-

231 405 420 470 goci0,
479 407 536 453 et
591 404 719 453 aliis
767 405 938 454 etiam
982 405 1147 468 longe
1194 402 1543 468 gravioribus
1590 404 1753 466 grata

229 490 335 541 tibi
380 491 630 555 prestare
675 488 960 551 obsequia.
1034 487 1381 538 Sententiam
1428 489 1611 536 autem
1656 501 1753 536 no·

229 577 404 623 stram
439 573 497 621 in
531 570 680 622 dicto
715 574 948 638 negocio
984 571 1333 622 Iudaicorum
1365 571 1632 622 librorum
1667 587 1753 621 se-

232 658 443 709 renitas
487 661 586 707 tua
633 656 960 721 quandoque
998 662 1054 706 et
1088 655 1145 705 id
1182 656 1403 721 quidem
1438 654 1755 720 propediem

234 741 320 806 (ut
354 740 663 806 speramus)
705 757 738 790 a
761 740 1241 791 Reverendissimo
1266 740 1325 790 in
1350 739 1571 790 Christo
1594 743 1752 805 patre

235 832 291 877 et
326 824 543 875 domino
580 824 798 874 domino
833 824 1025 875 Uriele
1062 824 1497 890 Archiepiscopo
1520 824 1753 890 Mogun-

232 912 348 960 tino
397 923 466 958 ac
501 908 752 974 principe
791 907 1035 960 electore
1074 913 1149 959 .et
1173 924 1217 961 c.
1244 910 1506 974 accipiet.

337 993 801 1058 Congratulamur
846 995 1101 1059 profecto
1148 994 1397 1059 inprimis
1442 994 1752 1060 reipublice

233 1079 553 1145 Christiane
601 1079 748 1143 quod
792 1080 899 1129 hac
945 1082 1138 1128 nostra
1195 1081 1529 1144 tempestate
1580 1078 1755 1128 talem

230 1163 537 1228 principem
573 1166 744 1213 nacta
780 1166 884 1226 est,
923 1163 1015 1213 cui
1047 1163 1193 1214 inter
1227 1165 1313 1212 tot
1334 1164 1633 1227 tantasque
1654 1177 1752 1213 ne-

230 1248 358 1298 dum
391 1247 627 1298 Romani
660 1247 905 1313 imperii,
952 1247 1050 1298 sed
1096 1251 1153 1297 et
1196 1248 1369 1297 totius
1407 1247 1555 1298 orbis
1592 1247 1753 1296 fasti-

230 1333 419 1383 diosas
455 1332 856 1397 occupationes
895 1347 1027 1398 cure
1062 1334 1168 1395 est,
1204 1335 1267 1381 ut
1300 1334 1521 1382 sincera
1555 1331 1753 1397 religio

233 1415 560 1466 Christiana
608 1419 664 1465 et
707 1419 915 1481 pacata
963 1417 1039 1466 sit
1084 1421 1139 1467 et
1184 1417 1243 1467 in
1289 1420 1455 1482 portu
1505 1417 1753 1481 naviget,

231 1500 519 1564 magisque
557 1514 626 1548 ac
661 1501 838 1564 magis
877 1504 1120 1565 crescat,
1159 1500 1522 1567 adaugeatur,
1559 1501 1753 1565 ampli-

231 1583 564 1646 ficeturque,
611 1585 676 1632 ut
720 1598 830 1632 non
877 1583 952 1633 sit
998 1585 1386 1651 ambigendum
1432 1587 1481 1636 si
1524 1601 1753 1654 presens

229 1669 551 1732 negocium,
589 1670 652 1715 ut
689 1671 910 1732 ceptum
946 1672 1059 1734 est,
1108 1675 1359 1735 optatum
1394 1670 1555 1720 finem
1591 1685 1753 1720 acce-

231 1752 404 1818 perit,
454 1750 697 1818 Cesarea
741 1756 842 1802 tua
885 1754 1155 1805 maiestas
1194 1755 1555 1819 complurium
1589 1755 1755 1818 perfi-

231 1836 420 1886 dorum
454 1834 746 1902 Iudeorum
793 1837 1007 1889 animas
1054 1837 1157 1889 deo
1202 1838 1289 1888 illi
1336 1838 1541 1902 optimo
1574 1840 1751 1888 maxi·

229 1935 427 1984 moque
475 1921 889 1986 expeditissime
937 1924 1012 1973 sit
1055 1923 1437 1972 lucrifactura.
1506 1922 1573 1972 Id
1610 1923 1758 1986 quod

231 2022 294 2056 eo
340 2007 576 2058 maxime
631 2007 878 2058 futurum
931 2022 1245 2072 speramu8‚
1307 2006 1467 2070 Quod
1522 2022 1758 2074 cesarea

229 2095 328 2141 tua
363 2092 629 2142 maiestas
665 2093 724 2140 in
761 2107 828 2141 ea
863 2107 922 2141 re
947 2091 1139 2156 vigili,
1176 2090 1465 2156 diligenti,
1502 2091 1757 2148 solertis-

230 2177 480 2238 simoque
515 2175 886 2225 sollicitatore
923 2176 1103 2223 utitur
1135 2178 1328 2239 utpote
1363 2175 1571 2227 Ioanne
1594 2175 1759 2228 Pfef-

230 2259 478 2320 ferkorn,
517 2258 612 2320 qui
645 2272 754 2306 non
791 2257 970 2307 solum
994 2256 1225 2308 dimissa
1251 2263 1409 2310 secta
1432 2264 1601 2324 atque
1626 2277 1759 2325 per-

230 2341 362 2392 fidia
397 2339 627 2391 Iudaica
673 2340 833 2392 fidem
877 2345 1125 2393 nostram
1172 2342 1459 2409 amplexus
1497 2349 1608 2410 est,
1654 2345 1761 2396 sed

234 2426 404 2476 etiam
425 2439 548 2474 cum
563 2425 720 2477 videt
743 2427 874 2478 olim
896 2427 1100 2479 fratres
1121 2443 1248 2479 suos
1265 2430 1567 2480 miserrime
1590 2444 1759 2496 cecu-

231 2511 368 2569 tire,
403 2508 570 2571 galea
603 2511 805 2560 salutis
835 2516 1039 2576 acepta
1070 2515 1372 2564 acerrimus
1405 2513 1532 2564 fidei
1563 2517 1759 2582 nostre

235 2593 430 2641 contra
466 2591 686 2642 eosdem
723 2595 906 2645 evasit
939 2600 1343 2662 propugnator,
1392 2597 1562 2648 Cuius
1596 2597 1758 2661 fides,

237 2676 580 2741 constantia,
631 2680 802 2741 atque
836 2679 1157 2745 integr-itae,
1208 2684 1266 2730 et
1313 2681 1460 2744 apud
1494 2681 1761 2748 Agrippi-
