<?xml version="1.0" encoding="UTF-8"?>
<!DOCTYPE html PUBLIC "-//W3C//DTD XHTML 1.0 Transitional//EN"
    "http://www.w3.org/TR/xhtml1/DTD/xhtml1-transitional.dtd">
<html xmlns="http://www.w3.org/1999/xhtml" xml:lang="en" lang="en">
 <head>
  <title>
</title>
<meta http-equiv="Content-Type" content="text/html;charset=utf-8" />
  <meta name='ocr-system' content='tesseract 3.04.00' />
  <meta name='ocr-capabilities' content='ocr_page ocr_carea ocr_par ocr_line ocrx_word'/>
</head>
<body>
  <div class='ocr_page' id='page_1' title='image "./epistolaeobscur00huttgoog_0224.png"; bbox 0 0 1942 3109; ppageno 0'>
   <div class='ocr_carea' id='block_1_1' title="bbox 272 247 1734 300">
    <p class='ocr_par' dir='ltr' id='par_1_1' title="bbox 272 247 1734 300">
     <span class='ocr_line' id='line_1_1' title="bbox 272 247 1734 300; baseline 0.005 -9"><span class='ocrx_word' id='word_1_1' title='bbox 272 251 334 293; x_wconf 83' lang='lat'><strong>13.</strong></span> <span class='ocrx_word' id='word_1_2' title='bbox 359 257 577 292; x_wconf 63' lang='lat' dir='ltr'><strong>&#39;rnoum</strong></span> <span class='ocrx_word' id='word_1_3' title='bbox 602 257 877 292; x_wconf 67' lang='lat' dir='ltr'><strong>nonan.</strong></span> <span class='ocrx_word' id='word_1_4' title='bbox 918 250 984 295; x_wconf 72' lang='lat'><strong>14.</strong></span> <span class='ocrx_word' id='word_1_5' title='bbox 1011 257 1256 294; x_wconf 76' lang='lat' dir='ltr'><strong>oraoms</strong></span> <span class='ocrx_word' id='word_1_6' title='bbox 1281 259 1596 297; x_wconf 62' lang='lat' dir='ltr'><strong>numanam.</strong></span> <span class='ocrx_word' id='word_1_7' title='bbox 1633 247 1734 300; x_wconf 85' lang='lat'><strong>213</strong></span> 
     </span>
    </p>
   </div>
   <div class='ocr_carea' id='block_1_2' title="bbox 172 359 1732 853">
    <p class='ocr_par' dir='ltr' id='par_1_2' title="bbox 172 359 1732 853">
     <span class='ocr_line' id='line_1_2' title="bbox 179 359 1732 428; baseline 0.007 -20"><span class='ocrx_word' id='word_1_8' title='bbox 179 361 619 424; x_wconf 84' lang='lat' dir='ltr'><strong>appositionem.</strong></span> <span class='ocrx_word' id='word_1_9' title='bbox 704 359 785 410; x_wconf 85' lang='lat' dir='ltr'><strong>Et</strong></span> <span class='ocrx_word' id='word_1_10' title='bbox 832 359 1080 413; x_wconf 83' lang='lat' dir='ltr'><strong>credatis</strong></span> <span class='ocrx_word' id='word_1_11' title='bbox 1123 363 1260 412; x_wconf 90' lang='lat' dir='ltr'><strong>mihi</strong></span> <span class='ocrx_word' id='word_1_12' title='bbox 1304 363 1450 428; x_wconf 88' lang='lat' dir='ltr'><strong>quod</strong></span> <span class='ocrx_word' id='word_1_13' title='bbox 1495 369 1582 416; x_wconf 83' lang='lat' dir='ltr'><strong>est</strong></span> <span class='ocrx_word' id='word_1_14' title='bbox 1617 382 1732 418; x_wconf 79' lang='lat' dir='ltr'><strong>una</strong></span> 
     </span>
     <span class='ocr_line' id='line_1_3' title="bbox 178 442 1728 516; baseline 0.006 -23"><span class='ocrx_word' id='word_1_15' title='bbox 178 444 474 495; x_wconf 79' lang='lat' dir='ltr'><strong>subtilitas</strong></span> <span class='ocrx_word' id='word_1_16' title='bbox 518 442 702 496; x_wconf 85' lang='lat' dir='ltr'><strong>valde</strong></span> <span class='ocrx_word' id='word_1_17' title='bbox 748 444 1040 494; x_wconf 87' lang='lat' dir='ltr'><strong>notabilis.</strong></span> <span class='ocrx_word' id='word_1_18' title='bbox 1119 446 1242 512; x_wconf 85' lang='lat' dir='ltr'><strong>Ego</strong></span> <span class='ocrx_word' id='word_1_19' title='bbox 1297 447 1464 499; x_wconf 85' lang='lat' dir='ltr'><strong>didici</strong></span> <span class='ocrx_word' id='word_1_20' title='bbox 1509 452 1728 516; x_wconf 86' lang='lat' dir='ltr'><strong>quando</strong></span> 
     </span>
     <span class='ocr_line' id='line_1_4' title="bbox 179 529 1726 600; baseline 0.005 -22"><span class='ocrx_word' id='word_1_21' title='bbox 179 529 314 578; x_wconf 83' lang='lat' dir='ltr'><strong>steti</strong></span> <span class='ocrx_word' id='word_1_22' title='bbox 337 529 635 594; x_wconf 64' lang='lat' dir='ltr'><strong>Lovaniq,</strong></span> <span class='ocrx_word' id='word_1_23' title='bbox 676 532 735 578; x_wconf 91' lang='lat' dir='ltr'><strong>et</strong></span> <span class='ocrx_word' id='word_1_24' title='bbox 768 529 1009 579; x_wconf 90' lang='lat' dir='ltr'><strong>nondum</strong></span> <span class='ocrx_word' id='word_1_25' title='bbox 1045 531 1130 581; x_wconf 86' lang='lat' dir='ltr'><strong>fui</strong></span> <span class='ocrx_word' id='word_1_26' title='bbox 1162 531 1515 598; x_wconf 78' lang='lat' dir='ltr'><strong>bacularius,</strong></span> <span class='ocrx_word' id='word_1_27' title='bbox 1553 550 1726 600; x_wconf 87' lang='lat' dir='ltr'><strong>quan-</strong></span> 
     </span>
     <span class='ocr_line' id='line_1_5' title="bbox 176 611 1727 682; baseline 0.005 -22"><span class='ocrx_word' id='word_1_28' title='bbox 176 611 247 662; x_wconf 90' lang='lat' dir='ltr'><strong>do</strong></span> <span class='ocrx_word' id='word_1_29' title='bbox 281 613 387 678; x_wconf 67' lang='lat' dir='ltr'><strong>hee</strong></span> <span class='ocrx_word' id='word_1_30' title='bbox 421 615 682 664; x_wconf 86' lang='lat' dir='ltr'><strong>materia</strong></span> <span class='ocrx_word' id='word_1_31' title='bbox 717 615 827 664; x_wconf 85' lang='lat' dir='ltr'><strong>fuit</strong></span> <span class='ocrx_word' id='word_1_32' title='bbox 861 615 1149 682; x_wconf 83' lang='lat' dir='ltr'><strong>disputata</strong></span> <span class='ocrx_word' id='word_1_33' title='bbox 1183 633 1284 682; x_wconf 88' lang='lat' dir='ltr'><strong>per</strong></span> <span class='ocrx_word' id='word_1_34' title='bbox 1320 621 1558 680; x_wconf 84' lang='lat' dir='ltr'><strong>quatuor</strong></span> <span class='ocrx_word' id='word_1_35' title='bbox 1589 620 1727 670; x_wconf 84' lang='lat' dir='ltr'><strong>dies.</strong></span> 
     </span>
     <span class='ocr_line' id='line_1_6' title="bbox 172 696 1726 765; baseline 0.005 -19"><span class='ocrx_word' id='word_1_36' title='bbox 172 696 296 747; x_wconf 87' lang='lat' dir='ltr'><strong>Non</strong></span> <span class='ocrx_word' id='word_1_37' title='bbox 344 699 624 749; x_wconf 84' lang='lat' dir='ltr'><strong>habeatis</strong></span> <span class='ocrx_word' id='word_1_38' title='bbox 670 713 771 763; x_wconf 85' lang='lat' dir='ltr'><strong>pro</strong></span> <span class='ocrx_word' id='word_1_39' title='bbox 816 699 1233 765; x_wconf 79' lang='lat' dir='ltr'><strong>indignatione,</strong></span> <span class='ocrx_word' id='word_1_40' title='bbox 1289 701 1424 764; x_wconf 85' lang='lat' dir='ltr'><strong>quia</strong></span> <span class='ocrx_word' id='word_1_41' title='bbox 1470 718 1537 752; x_wconf 86' lang='lat' dir='ltr'><strong>ex</strong></span> <span class='ocrx_word' id='word_1_42' title='bbox 1581 703 1726 754; x_wconf 82' lang='lat' dir='ltr'><strong>bono</strong></span> 
     </span>
     <span class='ocr_line' id='line_1_7' title="bbox 175 782 1622 853; baseline 0.004 -23"><span class='ocrx_word' id='word_1_43' title='bbox 175 782 379 846; x_wconf 78' lang='lat' dir='ltr'><strong>scripsi</strong></span> <span class='ocrx_word' id='word_1_44' title='bbox 413 783 589 834; x_wconf 83' lang='lat' dir='ltr'><strong>vobis</strong></span> <span class='ocrx_word' id='word_1_45' title='bbox 628 786 685 832; x_wconf 91' lang='lat' dir='ltr'><strong>et</strong></span> <span class='ocrx_word' id='word_1_46' title='bbox 719 782 938 834; x_wconf 85' lang='lat' dir='ltr'><strong>Valete.</strong></span> <span class='ocrx_word' id='word_1_47' title='bbox 1011 784 1220 836; x_wconf 83' lang='lat' dir='ltr'><strong>Datum</strong></span> <span class='ocrx_word' id='word_1_48' title='bbox 1257 785 1622 853; x_wconf 58' lang='lat' dir='ltr'><strong>Confluentis.</strong></span> 
     </span>
    </p>
   </div>
   <div class='ocr_carea' id='block_1_3' title="bbox 372 1036 1550 1235">
    <p class='ocr_par' dir='ltr' id='par_1_3' title="bbox 372 1036 1550 1235">
     <span class='ocr_line' id='line_1_8' title="bbox 914 1036 1000 1086; baseline 0 0"><span class='ocrx_word' id='word_1_49' title='bbox 914 1036 1000 1086; x_wconf 78' lang='lat'><strong>14.</strong></span> 
     </span>
     <span class='ocr_line' id='line_1_9' title="bbox 372 1151 1550 1235; baseline 0.003 -21"><span class='ocrx_word' id='word_1_50' title='bbox 372 1155 427 1213; x_wconf 71' lang='lat'><strong>«1</strong></span> <span class='ocrx_word' id='word_1_51' title='bbox 468 1151 864 1235; x_wconf 78' lang='lat' dir='ltr'><strong>Magister</strong></span> <span class='ocrx_word' id='word_1_52' title='bbox 892 1152 1102 1218; x_wconf 90' lang='lat' dir='ltr'><strong>Otho</strong></span> <span class='ocrx_word' id='word_1_53' title='bbox 1133 1153 1550 1218; x_wconf 88' lang='lat' dir='ltr'><strong>Hemerlin</strong></span> 
     </span>
    </p>
   </div>
   <div class='ocr_carea' id='block_1_4' title="bbox 477 1253 1442 1320">
    <p class='ocr_par' dir='ltr' id='par_1_4' title="bbox 477 1253 1442 1320">
     <span class='ocr_line' id='line_1_10' title="bbox 477 1253 1442 1320; baseline 0.007 -18"><span class='ocrx_word' id='word_1_54' title='bbox 477 1253 813 1320; x_wconf 83' lang='lat' dir='ltr'><strong>Magistro</strong></span> <span class='ocrx_word' id='word_1_55' title='bbox 850 1257 1146 1308; x_wconf 83' lang='lat' dir='ltr'><strong>Ortvino</strong></span> <span class='ocrx_word' id='word_1_56' title='bbox 1182 1256 1442 1309; x_wconf 83' lang='lat' dir='ltr'><strong>Gratio&#39;</strong></span> 
     </span>
    </p>
   </div>
   <div class='ocr_carea' id='block_1_5' title="bbox 166 1372 1718 2784">
    <p class='ocr_par' dir='ltr' id='par_1_5' title="bbox 166 1372 1718 2784">
     <span class='ocr_line' id='line_1_11' title="bbox 180 1372 1716 1444; baseline 0.005 -22"><span class='ocrx_word' id='word_1_57' title='bbox 180 1372 403 1422; x_wconf 82' lang='lat' dir='ltr'><strong>Salutis</strong></span> <span class='ocrx_word' id='word_1_58' title='bbox 458 1375 753 1423; x_wconf 77' lang='lat' dir='ltr'><strong>maximam</strong></span> <span class='ocrx_word' id='word_1_59' title='bbox 801 1373 1050 1439; x_wconf 85' lang='lat' dir='ltr'><strong>Copiam.</strong></span> <span class='ocrx_word' id='word_1_60' title='bbox 1129 1377 1486 1428; x_wconf 74' lang='lat' dir='ltr'><strong>Venerabilis</strong></span> <span class='ocrx_word' id='word_1_61' title='bbox 1537 1378 1716 1444; x_wconf 79' lang='lat' dir='ltr'><strong>Magi-</strong></span> 
     </span>
     <span class='ocr_line' id='line_1_12' title="bbox 178 1457 1718 1526; baseline 0.006 -20"><span class='ocrx_word' id='word_1_62' title='bbox 178 1462 325 1522; x_wconf 83' lang='lat' dir='ltr'><strong>ster,</strong></span> <span class='ocrx_word' id='word_1_63' title='bbox 373 1457 676 1509; x_wconf 80' lang='lat' dir='ltr'><strong>dominatio</strong></span> <span class='ocrx_word' id='word_1_64' title='bbox 732 1461 924 1509; x_wconf 85' lang='lat' dir='ltr'><strong>vestra</strong></span> <span class='ocrx_word' id='word_1_65' title='bbox 977 1475 1234 1525; x_wconf 82' lang='lat' dir='ltr'><strong>magnam</strong></span> <span class='ocrx_word' id='word_1_66' title='bbox 1288 1460 1526 1526; x_wconf 78' lang='lat' dir='ltr'><strong>gratiam</strong></span> <span class='ocrx_word' id='word_1_67' title='bbox 1581 1463 1718 1515; x_wconf 85' lang='lat' dir='ltr'><strong>fecit</strong></span> 
     </span>
     <span class='ocr_line' id='line_1_13' title="bbox 176 1542 1714 1601; baseline 0.005 -10"><span class='ocrx_word' id='word_1_68' title='bbox 176 1542 318 1593; x_wconf 90' lang='lat' dir='ltr'><strong>mihi</strong></span> <span class='ocrx_word' id='word_1_69' title='bbox 362 1542 629 1593; x_wconf 85' lang='lat' dir='ltr'><strong>mittendo</strong></span> <span class='ocrx_word' id='word_1_70' title='bbox 659 1542 834 1601; x_wconf 57' lang='lat' dir='ltr'><strong>,illum</strong></span> <span class='ocrx_word' id='word_1_71' title='bbox 869 1544 1176 1594; x_wconf 85' lang='lat' dir='ltr'><strong>notabilem</strong></span> <span class='ocrx_word' id='word_1_72' title='bbox 1211 1543 1412 1596; x_wconf 86' lang='lat' dir='ltr'><strong>librum</strong></span> <span class='ocrx_word' id='word_1_73' title='bbox 1446 1546 1714 1599; x_wconf 77' lang='lat' dir='ltr'><strong>Iohannis</strong></span> 
     </span>
     <span class='ocr_line' id='line_1_14' title="bbox 176 1626 1714 1691; baseline 0.002 -14"><span class='ocrx_word' id='word_1_74' title='bbox 176 1626 563 1690; x_wconf 82' lang='lat' dir='ltr'><strong>Pfefferkorn,</strong></span> <span class='ocrx_word' id='word_1_75' title='bbox 614 1627 709 1691; x_wconf 88' lang='lat' dir='ltr'><strong>qui</strong></span> <span class='ocrx_word' id='word_1_76' title='bbox 752 1627 1077 1678; x_wconf 84' lang='lat' dir='ltr'><strong>intitulatur</strong></span> <span class='ocrx_word' id='word_1_77' title='bbox 1121 1626 1410 1679; x_wconf 84' lang='lat' dir='ltr'><strong>‘Defensio</strong></span> <span class='ocrx_word' id='word_1_78' title='bbox 1445 1630 1714 1680; x_wconf 88' lang='lat' dir='ltr'><strong>Iohannis</strong></span> 
     </span>
     <span class='ocr_line' id='line_1_15' title="bbox 175 1710 1713 1778; baseline 0.003 -18"><span class='ocrx_word' id='word_1_79' title='bbox 175 1710 537 1760; x_wconf 81' lang='lat' dir='ltr'><strong>Pfefferkorn</strong></span> <span class='ocrx_word' id='word_1_80' title='bbox 576 1715 769 1760; x_wconf 85' lang='lat' dir='ltr'><strong>eontra</strong></span> <span class='ocrx_word' id='word_1_81' title='bbox 813 1711 1096 1762; x_wconf 86' lang='lat' dir='ltr'><strong>famosas‘.</strong></span> <span class='ocrx_word' id='word_1_82' title='bbox 1167 1711 1286 1776; x_wconf 86' lang='lat' dir='ltr'><strong>Ego</strong></span> <span class='ocrx_word' id='word_1_83' title='bbox 1331 1729 1442 1764; x_wconf 89' lang='lat' dir='ltr'><strong>non</strong></span> <span class='ocrx_word' id='word_1_84' title='bbox 1485 1729 1713 1778; x_wconf 75' lang='lat' dir='ltr'><strong>possum</strong></span> 
     </span>
     <span class='ocr_line' id='line_1_16' title="bbox 181 1793 1709 1858; baseline 0.003 -13"><span class='ocrx_word' id='word_1_85' title='bbox 181 1795 449 1845; x_wconf 77' lang='lat' dir='ltr'><strong>admirari</strong></span> <span class='ocrx_word' id='word_1_86' title='bbox 484 1796 655 1858; x_wconf 86' lang='lat' dir='ltr'><strong>satis,</strong></span> <span class='ocrx_word' id='word_1_87' title='bbox 692 1793 838 1858; x_wconf 89' lang='lat' dir='ltr'><strong>quod</strong></span> <span class='ocrx_word' id='word_1_88' title='bbox 876 1796 958 1845; x_wconf 86' lang='lat' dir='ltr'><strong>sie</strong></span> <span class='ocrx_word' id='word_1_89' title='bbox 995 1795 1324 1847; x_wconf 83' lang='lat' dir='ltr'><strong>notabiliter</strong></span> <span class='ocrx_word' id='word_1_90' title='bbox 1349 1800 1407 1846; x_wconf 91' lang='lat' dir='ltr'><strong>et</strong></span> <span class='ocrx_word' id='word_1_91' title='bbox 1432 1797 1709 1848; x_wconf 78' lang='lat' dir='ltr'><strong>excellen-</strong></span> 
     </span>
     <span class='ocr_line' id='line_1_17' title="bbox 180 1878 1714 1944; baseline 0.002 -16"><span class='ocrx_word' id='word_1_92' title='bbox 180 1883 273 1928; x_wconf 90' lang='lat' dir='ltr'><strong>ter</strong></span> <span class='ocrx_word' id='word_1_93' title='bbox 308 1878 407 1928; x_wconf 91' lang='lat' dir='ltr'><strong>ille</strong></span> <span class='ocrx_word' id='word_1_94' title='bbox 440 1879 526 1929; x_wconf 79' lang='lat' dir='ltr'><strong>vir</strong></span> <span class='ocrx_word' id='word_1_95' title='bbox 556 1878 914 1944; x_wconf 84' lang='lat' dir='ltr'><strong>reprehendit</strong></span> <span class='ocrx_word' id='word_1_96' title='bbox 945 1879 1250 1930; x_wconf 85' lang='lat' dir='ltr'><strong>Iohannem</strong></span> <span class='ocrx_word' id='word_1_97' title='bbox 1282 1879 1578 1931; x_wconf 86' lang='lat' dir='ltr'><strong>Reuehlin.</strong></span> <span class='ocrx_word' id='word_1_98' title='bbox 1637 1882 1714 1931; x_wconf 85' lang='lat' dir='ltr'><strong>Et</strong></span> 
     </span>
     <span class='ocr_line' id='line_1_18' title="bbox 173 1961 1710 2030; baseline 0.004 -17"><span class='ocrx_word' id='word_1_99' title='bbox 173 1963 296 2014; x_wconf 86' lang='lat' dir='ltr'><strong>dixi</strong></span> <span class='ocrx_word' id='word_1_100' title='bbox 334 1963 554 2028; x_wconf 86' lang='lat' dir='ltr'><strong>quando</strong></span> <span class='ocrx_word' id='word_1_101' title='bbox 589 1963 733 2030; x_wconf 80' lang='lat' dir='ltr'><strong>legi:</strong></span> <span class='ocrx_word' id='word_1_102' title='bbox 780 1961 915 2014; x_wconf 83' lang='lat' dir='ltr'><strong>‘Iste</strong></span> <span class='ocrx_word' id='word_1_103' title='bbox 947 1963 1226 2015; x_wconf 86' lang='lat' dir='ltr'><strong>Reuehlin</strong></span> <span class='ocrx_word' id='word_1_104' title='bbox 1268 1964 1498 2016; x_wconf 82' lang='lat' dir='ltr'><strong>deberet</strong></span> <span class='ocrx_word' id='word_1_105' title='bbox 1531 1966 1710 2018; x_wconf 83' lang='lat' dir='ltr'><strong>liben-</strong></span> 
     </span>
     <span class='ocr_line' id='line_1_19' title="bbox 170 2046 1708 2114; baseline 0.003 -16"><span class='ocrx_word' id='word_1_106' title='bbox 170 2052 263 2099; x_wconf 85' lang='lat' dir='ltr'><strong>ter</strong></span> <span class='ocrx_word' id='word_1_107' title='bbox 310 2063 434 2098; x_wconf 82' lang='lat' dir='ltr'><strong>esse</strong></span> <span class='ocrx_word' id='word_1_108' title='bbox 478 2049 765 2098; x_wconf 85' lang='lat' dir='ltr'><strong>mortuus‘.</strong></span> <span class='ocrx_word' id='word_1_109' title='bbox 849 2046 954 2098; x_wconf 87' lang='lat' dir='ltr'><strong>Sed</strong></span> <span class='ocrx_word' id='word_1_110' title='bbox 999 2048 1274 2114; x_wconf 86' lang='lat' dir='ltr'><strong>plebanus</strong></span> <span class='ocrx_word' id='word_1_111' title='bbox 1321 2047 1546 2112; x_wconf 87' lang='lat' dir='ltr'><strong>quidam</strong></span> <span class='ocrx_word' id='word_1_112' title='bbox 1595 2053 1708 2102; x_wconf 83' lang='lat' dir='ltr'><strong>exi-</strong></span> 
     </span>
     <span class='ocr_line' id='line_1_20' title="bbox 176 2131 1709 2197; baseline 0.001 -15"><span class='ocrx_word' id='word_1_113' title='bbox 176 2135 337 2182; x_wconf 84' lang='lat' dir='ltr'><strong>stens</strong></span> <span class='ocrx_word' id='word_1_114' title='bbox 369 2133 545 2183; x_wconf 83' lang='lat' dir='ltr'><strong>honus</strong></span> <span class='ocrx_word' id='word_1_115' title='bbox 580 2131 999 2196; x_wconf 84' lang='lat' dir='ltr'><strong>Reuohlinista‚</strong></span> <span class='ocrx_word' id='word_1_116' title='bbox 1048 2146 1264 2196; x_wconf 85' lang='lat' dir='ltr'><strong>semper</strong></span> <span class='ocrx_word' id='word_1_117' title='bbox 1309 2133 1538 2197; x_wconf 90' lang='lat' dir='ltr'><strong>opponit</strong></span> <span class='ocrx_word' id='word_1_118' title='bbox 1571 2134 1709 2184; x_wconf 88' lang='lat' dir='ltr'><strong>mihi</strong></span> 
     </span>
     <span class='ocr_line' id='line_1_21' title="bbox 174 2215 1706 2280; baseline 0.003 -14"><span class='ocrx_word' id='word_1_119' title='bbox 174 2215 430 2280; x_wconf 82' lang='lat' dir='ltr'><strong>Arguens</strong></span> <span class='ocrx_word' id='word_1_120' title='bbox 466 2234 499 2267; x_wconf 88' lang='lat' dir='ltr'><strong>a</strong></span> <span class='ocrx_word' id='word_1_121' title='bbox 534 2216 737 2267; x_wconf 86' lang='lat' dir='ltr'><strong>maiori</strong></span> <span class='ocrx_word' id='word_1_122' title='bbox 773 2215 845 2266; x_wconf 84' lang='lat' dir='ltr'><strong>ad</strong></span> <span class='ocrx_word' id='word_1_123' title='bbox 878 2217 1080 2267; x_wconf 86' lang='lat' dir='ltr'><strong>minus.</strong></span> <span class='ocrx_word' id='word_1_124' title='bbox 1149 2215 1226 2266; x_wconf 85' lang='lat' dir='ltr'><strong>Et</strong></span> <span class='ocrx_word' id='word_1_125' title='bbox 1270 2217 1391 2268; x_wconf 91' lang='lat' dir='ltr'><strong>heri</strong></span> <span class='ocrx_word' id='word_1_126' title='bbox 1437 2221 1568 2269; x_wconf 89' lang='lat' dir='ltr'><strong>ante</strong></span> <span class='ocrx_word' id='word_1_127' title='bbox 1611 2235 1706 2271; x_wconf 84' lang='lat' dir='ltr'><strong>ve-</strong></span> 
     </span>
     <span class='ocr_line' id='line_1_22' title="bbox 172 2300 1706 2369; baseline 0.003 -19"><span class='ocrx_word' id='word_1_128' title='bbox 172 2315 371 2366; x_wconf 84' lang='lat' dir='ltr'><strong>speras</strong></span> <span class='ocrx_word' id='word_1_129' title='bbox 407 2300 629 2367; x_wconf 82' lang='lat' dir='ltr'><strong>quando</strong></span> <span class='ocrx_word' id='word_1_130' title='bbox 664 2301 748 2351; x_wconf 87' lang='lat' dir='ltr'><strong>ivi</strong></span> <span class='ocrx_word' id='word_1_131' title='bbox 782 2315 970 2350; x_wconf 86' lang='lat' dir='ltr'><strong>secum</strong></span> <span class='ocrx_word' id='word_1_132' title='bbox 1007 2301 1348 2365; x_wconf 82' lang='lat' dir='ltr'><strong>spaciatum,</strong></span> <span class='ocrx_word' id='word_1_133' title='bbox 1395 2300 1500 2369; x_wconf 74' lang='lat' dir='ltr'><strong>hee</strong></span> <span class='ocrx_word' id='word_1_134' title='bbox 1532 2304 1706 2355; x_wconf 88' lang='lat' dir='ltr'><strong>verba</strong></span> 
     </span>
     <span class='ocr_line' id='line_1_23' title="bbox 175 2382 1703 2450; baseline 0.002 -15"><span class='ocrx_word' id='word_1_135' title='bbox 175 2386 469 2436; x_wconf 83' lang='lat' dir='ltr'><strong>exiverunt</strong></span> <span class='ocrx_word' id='word_1_136' title='bbox 506 2386 578 2437; x_wconf 91' lang='lat' dir='ltr'><strong>ab</strong></span> <span class='ocrx_word' id='word_1_137' title='bbox 620 2401 713 2435; x_wconf 90' lang='lat' dir='ltr'><strong>ore</strong></span> <span class='ocrx_word' id='word_1_138' title='bbox 750 2399 879 2434; x_wconf 84' lang='lat' dir='ltr'><strong>suo:</strong></span> <span class='ocrx_word' id='word_1_139' title='bbox 917 2382 1000 2434; x_wconf 86' lang='lat' dir='ltr'><strong>‘Si</strong></span> <span class='ocrx_word' id='word_1_140' title='bbox 1033 2384 1304 2450; x_wconf 82' lang='lat' dir='ltr'><strong>Theologi</strong></span> <span class='ocrx_word' id='word_1_141' title='bbox 1337 2401 1448 2437; x_wconf 91' lang='lat' dir='ltr'><strong>non</strong></span> <span class='ocrx_word' id='word_1_142' title='bbox 1484 2388 1703 2439; x_wconf 86' lang='lat' dir='ltr'><strong>obtinu-</strong></span> 
     </span>
     <span class='ocr_line' id='line_1_24' title="bbox 175 2468 1704 2533; baseline 0.002 -13"><span class='ocrx_word' id='word_1_143' title='bbox 175 2473 335 2520; x_wconf 85' lang='lat' dir='ltr'><strong>erunt</strong></span> <span class='ocrx_word' id='word_1_144' title='bbox 370 2474 569 2522; x_wconf 85' lang='lat' dir='ltr'><strong>contra</strong></span> <span class='ocrx_word' id='word_1_145' title='bbox 594 2468 873 2518; x_wconf 84' lang='lat' dir='ltr'><strong>Reuchlin</strong></span> <span class='ocrx_word' id='word_1_146' title='bbox 906 2469 966 2518; x_wconf 91' lang='lat' dir='ltr'><strong>in</strong></span> <span class='ocrx_word' id='word_1_147' title='bbox 989 2468 1277 2533; x_wconf 88' lang='lat' dir='ltr'><strong>Almania‚</strong></span> <span class='ocrx_word' id='word_1_148' title='bbox 1311 2470 1484 2522; x_wconf 89' lang='lat' dir='ltr'><strong>multo</strong></span> <span class='ocrx_word' id='word_1_149' title='bbox 1519 2473 1704 2524; x_wconf 84' lang='lat' dir='ltr'><strong>minus</strong></span> 
     </span>
     <span class='ocr_line' id='line_1_25' title="bbox 172 2551 1706 2624; baseline 0.001 -21"><span class='ocrx_word' id='word_1_150' title='bbox 172 2554 507 2624; x_wconf 75' lang='lat' dir='ltr'><strong>obtinebunt</strong></span> <span class='ocrx_word' id='word_1_151' title='bbox 528 2555 588 2603; x_wconf 90' lang='lat' dir='ltr'><strong>in</strong></span> <span class='ocrx_word' id='word_1_152' title='bbox 616 2551 788 2603; x_wconf 82' lang='lat' dir='ltr'><strong>Curia</strong></span> <span class='ocrx_word' id='word_1_153' title='bbox 809 2551 1078 2618; x_wconf 85' lang='lat' dir='ltr'><strong>Romana,</strong></span> <span class='ocrx_word' id='word_1_154' title='bbox 1117 2554 1250 2617; x_wconf 84' lang='lat' dir='ltr'><strong>quia</strong></span> <span class='ocrx_word' id='word_1_155' title='bbox 1287 2553 1344 2603; x_wconf 89' lang='lat' dir='ltr'><strong>in</strong></span> <span class='ocrx_word' id='word_1_156' title='bbox 1367 2554 1539 2606; x_wconf 84' lang='lat' dir='ltr'><strong>Italia</strong></span> <span class='ocrx_word' id='word_1_157' title='bbox 1574 2559 1706 2606; x_wconf 86' lang='lat' dir='ltr'><strong>sunt</strong></span> 
     </span>
     <span class='ocr_line' id='line_1_26' title="bbox 166 2637 1706 2702; baseline -0.004 -14"><span class='ocrx_word' id='word_1_158' title='bbox 166 2637 483 2690; x_wconf 75' lang='lat' dir='ltr'><strong>doctissimi</strong></span> <span class='ocrx_word' id='word_1_159' title='bbox 516 2637 655 2698; x_wconf 80' lang='lat' dir='ltr'><strong>viri,</strong></span> <span class='ocrx_word' id='word_1_160' title='bbox 704 2639 763 2686; x_wconf 88' lang='lat' dir='ltr'><strong>et</strong></span> <span class='ocrx_word' id='word_1_161' title='bbox 804 2637 996 2686; x_wconf 86' lang='lat' dir='ltr'><strong>statim</strong></span> <span class='ocrx_word' id='word_1_162' title='bbox 1039 2637 1362 2702; x_wconf 84' lang='lat' dir='ltr'><strong>intelligent</strong></span> <span class='ocrx_word' id='word_1_163' title='bbox 1405 2639 1706 2686; x_wconf 79' lang='lat' dir='ltr'><strong>stultitiam</strong></span> 
     </span>
     <span class='ocr_line' id='line_1_27' title="bbox 168 2718 1707 2784; baseline -0.007 -12"><span class='ocrx_word' id='word_1_164' title='bbox 168 2725 229 2772; x_wconf 90' lang='lat' dir='ltr'><strong>et</strong></span> <span class='ocrx_word' id='word_1_165' title='bbox 260 2724 577 2773; x_wconf 80' lang='lat' dir='ltr'><strong>vanitatem</strong></span> <span class='ocrx_word' id='word_1_166' title='bbox 613 2719 1052 2784; x_wconf 79' lang='lat' dir='ltr'><strong>Theologorum,</strong></span> <span class='ocrx_word' id='word_1_167' title='bbox 1091 2719 1224 2782; x_wconf 86' lang='lat' dir='ltr'><strong>quia</strong></span> <span class='ocrx_word' id='word_1_168' title='bbox 1257 2718 1429 2782; x_wconf 63' lang='lat' dir='ltr'><strong>Rome</strong></span> <span class='ocrx_word' id='word_1_169' title='bbox 1465 2730 1576 2762; x_wconf 88' lang='lat' dir='ltr'><strong>non</strong></span> <span class='ocrx_word' id='word_1_170' title='bbox 1613 2726 1707 2760; x_wconf 80' lang='lat' dir='ltr'><strong>ou·</strong></span> 
     </span>
    </p>
   </div>
  </div>
 </body>
</html>
