1942 3109
113 235 310 270 PEPRR.
335 229 654 268 ancflmnl
677 226 1024 264 Anovumt'rA
1044 228 1247 264 RRFVT.
1270 227 1501 264 STVDET.
1547 211 1645 264 139

109 341 391 398 iecerunt,
449 351 571 386 cum
620 334 860 386 omnium
919 333 1158 382 aliarum
1214 333 1643 384 universitatum

111 421 353 474 consilia
377 421 587 484 absque
613 419 805 483 aliqua
831 417 1349 480 communicatione,
1372 418 1645 468 instinctu

109 508 299 558 sancti
345 506 574 571 spiritus
621 505 680 554 in
724 502 979 554 omnibus
1031 501 1452 554 concordarunt.
1499 503 1643 552 hanc

111 595 283 659 igitur
319 591 690 643 obiectionem
725 587 1071 659 declaratam
1106 587 1379 652 relinquo.
1414 585 1421 651 Ι

637 725 811 775 Nota
848 723 1121 786 Quinto,
1656 721 1699 784 g

218 840 269 897 (I
305 848 474 897 Dicet
509 845 753 894 fortasse
779 841 987 906 aliquis
1013 840 1129 906 ‘qui
1154 847 1284 892 sunt
1306 842 1393 893 illi
1419 842 1643 893 articuli

108 947 341 998 pravam
359 929 599 996 heresim
620 931 812 977 contra
831 927 1072 994 ecclesie
1092 926 1347 978 doctores
1372 932 1428 978 et
1453 929 1643 978 catho-

108 1019 280 1067 licam
318 1013 478 1064 fidem
517 1012 916 1062 continentes?'
967 1011 1297 1076 Respondeo
1333 1013 1393 1062 in
1429 1013 1645 1076 aliquot

107 1101 246 1152 illos
282 1097 570 1165 opusculis
604 1097 900 1164 irnpressos
937 1097 1081 1147 satis
1118 1101 1174 1148 et
1210 1113 1379 1162 supra
1402 1098 1643 1148 fortasse

109 1202 279 1250 quam
325 1183 672 1248 simplicibus
718 1184 816 1232 aut
849 1181 1153 1234 'malevolis
1202 1183 1463 1234 convenit
1518 1197 1642 1234 esse

108 1269 430 1336 publicatos
467 1270 525 1318 et
557 1266 625 1316 ob
662 1255 810 1317 ha'nc
846 1281 1075 1316 causam
1110 1266 1199 1317 his
1234 1268 1373 1318 meis
1418 1267 1644 1332 scriptis

109 1353 338 1404 minime
393 1349 803 1402 interserendos
871 1366 977 1402 nec
1020 1350 1217 1417 dignos
1274 1352 1493 1416 quidem
1548 1353 1644 1416 qui

106 1440 534 1490 interserantur.
627 1427 678 1486 (I
721 1435 990 1502 Preterea
1032 1436 1153 1501 Ego
1198 1453 1285 1487 me
1326 1436 1643 1488 inidoneum

109 1539 344 1587 censeo,
383 1523 480 1587 qui
515 1522 796 1590 hereticas
831 1521 1009 1586 ipsius
1036 1525 1091 1572 et
1116 1526 1469 1590 preposteras
1496 1523 1643 1587 posi-

10 1659 12 1662 ,
106 1611 294 1659 tiones
319 1613 418 1658 aut
447 1607 680 1658 debeam
717 1610 815 1658 aut
850 1607 1061 1670 possim
1094 1607 1438 1673 impugnare.
1477 1622 1643 1670 quam

107 1695 284 1744 etiam
307 1693 650 1757 provinciam
676 1689 763 1755 (ut
783 1691 890 1741 hoc
911 1692 1055 1741 bene
1080 1691 1405 1758 intelligant
1426 1692 1645 1742 Reueh-

105 1776 326 1845 liniste)
363 1778 423 1826 in
457 1777 605 1827 hunc
641 1791 816 1840 usque
853 1773 997 1825 diem
1023 1775 1159 1825 mihi
1182 1776 1482 1828 vendicavi
1504 1792 1641 1826 nun-

108 1876 296 1927 quam.
383 1861 542 1912 Unde
600 1861 649 1912 si
682 1859 820 1926 [quis
868 1876 953 1911 me
1000 1864 1159 1926 roget
1206 1862 1327 1930 Que
1375 1865 1509 1910 tunc
1558 1864 1645 1912 est

110 1946 398 1996 contentio
459 1945 604 1996 inter
664 1949 718 1996 te
797 1949 855 1996 et
923 1945 1117 1996 illum?
1224 1945 1327 1996 llla
1395 1947 1641 2008 inquam,

10 2087 12 2092 ,
108 2028 259 2096 quod
294 2030 351 2080 in
387 2045 489 2080 sua
527 2029 939 2082 consultatione
978 2045 1145 2094 supra
1182 2027 1462 2078 addictam
1486 2028 1645 2080 fidem

107 2120 168 2165 et
190 2114 628 2178 chyrographum
653 2129 754 2164 sua
778 2115 914 2166 mihi
936 2129 1103 2165 manu
1129 2115 1305 2165 amice
1330 2117 1645 2178 porrectum

10 2171 13 2244 ἴ
107 2214 200 2249 me
226 2197 373 2260 apud
399 2195 696 2262 Cesar-eam
720 2200 1071 2250 maiestatem
1108 2197 1193 2264 (ut
1230 2214 1399 2265 supra
1434 2197 1643 2250 dictum

111 2278 226 2344 est)
265 2294 524 2344 expresse
562 2285 728 2342 atque
762 2282 1064 2348 implicite,
1102 2285 1275 2336 nullis
1312 2284 1483 2336 etiam
1506 2284 1645 2334 meis

10 2403 13 2436 ;
107 2362 546 2435 precedentibus
580 2360 862 2415 demeritis
910 2373 1103 2418 contra
1148 2385 1233 2420 me
1278 2369 1642 2419 iniustissime

112 2450 409 2502 scribendo
454 2448 814 2498 incusaverit.
885 2449 1257 2504 Iniustissime
1302 2453 1433 2504 dixi.
1504 2453 1643 2504 Nam

112 2553 221 2604 que
270 2538 328 2588 in
375 2551 480 2586 sua
528 2532 940 2586 consultatione
988 2536 1108 2586 sive
1154 2538 1371 2588 oculari
1416 2537 1643 2602 speculo

111 2621 266 2672 falsa
303 2637 425 2672 esse
463 2623 658 2672 contra
701 2637 786 2671 me
832 2621 1040 2685 voluit,
1088 2624 1256 2672 antea
1301 2621 1422 2686 ipse
1468 2621 1647 2674 nobili

115 2704 338 2757 cuidam
380 2708 498 2757 viro
547 2707 798 2760 scribens
843 2707 1139 2760 verissima
1172 2722 1271 2772 per
1307 2706 1551 2770 seipsum
1588 2709 1645 2756 et
