1942 3109
240 237 340 288 374
417 252 709 288 emsa-om
734 253 1103 288 onscvnonvu
1129 251 1385 288 visosvu
1410 251 1590 287 novas.

241 358 384 408 enim
419 357 738 423 predicator
757 359 979 407 noster:
1016 357 1191 406 omnis
1215 356 1375 406 homo
1400 371 1523 406 eum
1550 356 1753 407 laudat.

240 442 344 491 Est
367 442 450 492 ita
474 444 649 492 bonus
673 443 733 490 in
757 440 1062 505 exemplari
1080 440 1568 492 demonstratione.
1604 441 1755 491 Anno

241 524 686 590 domini.1516.*)
698 525 1010 591 predicavit
1026 526 1367 590 passionem:
1385 530 1523 576 tune
1544 527 1759 591 accepit

241 627 430 662 secum
463 626 633 661 unum
665 611 928 661 baculum
951 626 1118 675 super
1140 609 1469 660 Ambonem:
1508 614 1565 660 et
1588 626 1756 674 quan-

241 697 310 747 do
354 697 618 747 recitavit
650 695 987 746 sententiam
1022 694 1226 758 Pilati,
1262 698 1398 744 tune
1430 696 1605 744 traxit
1638 710 1753 745 eum

241 781 308 831 de
337 781 560 830 cuculla
591 784 750 831 extra
775 784 833 830 et
865 780 1037 844 fregit
1071 779 1228 829 illum
1263 780 1525 829 baculum
1559 779 1618 828 in
1650 795 1757 830 me-

241 866 330 915 dio
367 867 426 914 in
461 865 598 915 duas
633 869 850 930 partes,
901 865 1068 928 quasi
1100 868 1409 928 sceptrum:
1457 862 1614 925 Quod
1656 864 1763 914 fuit

242 949 636 1001 miserabiliter
671 950 742 1000 ad
775 947 1100 1000 videndum:
1136 948 1339 1013 Vetule
1374 948 1633 998 mulieres
1666 949 1759 998 fle-

241 1037 380 1086 bant
435 1035 519 1085 ita
573 1051 790 1099 amare,
847 1035 995 1084 sicut
1034 1034 1234 1084 Petrus
1282 1031 1501 1096 quando
1551 1031 1766 1083 audivit

243 1120 453 1184 gallum
499 1135 666 1185 prope
711 1121 895 1184 ignem
941 1121 1191 1168 cantare.
1270 1117 1471 1168 Valete
1520 1120 1577 1167 et
1622 1117 1763 1166 eom'-

243 1203 498 1254 mendate
533 1219 620 1254 me
655 1205 920 1268 magistro
954 1207 1147 1254 nostro
1184 1201 1403 1268 quando
1437 1202 1655 1253 venerit
1698 1217 1767 1252 ex

244 1288 434 1340 Roma.

701 1441 786 1490 68.
839 1437 1200 1507 [Appendicis
1234 1437 1309 1505 6.]

365 1556 762 1640 Magister
804 1557 1209 1621 Iohannes
1252 1556 1641 1634 Tejxtoris

537 1661 742 1711 Petro
781 1660 1317 1711 Sehwinkoncio
1354 1675 1474 1710 suo

761 1749 846 1795 tot
880 1745 1019 1795 dicit
1052 1745 1262 1795 salutes

323 1833 459 1892 quot
497 1835 626 1881 sunt
661 1834 818 1898 gutte
854 1831 911 1879 in
948 1831 1087 1879 mari
1124 1835 1180 1880 et
1216 1829 1425 1880 athomi
1460 1829 1517 1878 in
1550 1828 1688 1878 sole.

349 1949 584 2014 Sciatis,
621 1948 960 2000 charissime
998 1950 1205 2013 amice,
1242 1949 1388 2013 quod
1424 1965 1526 2014 ego
1550 1948 1781 1998 literam

244 2039 492 2086 vestram
529 2036 752 2100 accepi,
789 2035 848 2084 in
874 2049 985 2098 qua
1008 2035 1143 2084 mihi
1168 2034 1418 2084 scribitis
1444 2032 1511 2082 de
1537 2033 1779 2082 Erasmo

244 2120 680 2184 RotherodamO,
728 2127 786 2170 et
829 2119 1003 2169 vultis
1048 2119 1193 2169 seire
1241 2118 1373 2182 quid
1408 2133 1512 2182 ego
1548 2120 1777 2166 teneam

245 2204 311 2254 de
366 2221 450 2254 eo.
529 2205 761 2254 Debetis
817 2205 962 2254 seire
1011 2207 1068 2254 et
1110 2203 1279 2252 miehi
1324 2201 1577 2264 credere,
1632 2200 1777 2264 quia

245 2289 444 2352 etiam,
483 2288 702 2352 quando
739 2288 825 2337 fui
859 2286 1041 2337 adhue
1076 2288 1323 2350 iuvenis,
1360 2286 1537 2335 multa
1574 2285 1691 2350 legi
1716 2286 1785 2334 in

245 2373 426 2422 literis
471 2372 726 2422 humanis
776 2376 832 2421 et
869 2371 1211 2436 Stephanum
1246 2371 1492 2420 Fliseum
1542 2373 1599 2420 et
1634 2369 1783 2436 Gre-

245 2457 442 2507 cistam
477 2461 534 2507 et
570 2457 826 2523 Synthis,
863 2457 1162 2519 Facetum,
1198 2456 1511 2518 Floretum,
1549 2457 1606 2503 et
1638 2453 1787 2504 illos

247 2542 508 2603 antiquos
531 2546 727 2606 poetas
753 2542 917 2604 quasi
940 2556 1108 2605 super
1143 2555 1311 2590 unum
1347 2554 1585 2603 unguem
1620 2539 1785 2590 scivi

245 2628 618 2676 mentetenus:
675 2628 732 2674 et
789 2624 934 2692 quod
986 2640 1175 2676 verum
1220 2624 1322 2686 sit,
1380 2629 1512 2676 tunc
1566 2623 1787 2691 scripsi

347 2741 390 2795 ἢ
420 2740 466 2782 In
495 2739 631 2798 prima
657 2740 845 2786 editione
871 2745 932 2786 cst
963 2741 1095 2790 ‚l-ssss.
