<?xml version="1.0" encoding="UTF-8"?>
<!DOCTYPE html PUBLIC "-//W3C//DTD XHTML 1.0 Transitional//EN"
    "http://www.w3.org/TR/xhtml1/DTD/xhtml1-transitional.dtd">
<html xmlns="http://www.w3.org/1999/xhtml" xml:lang="en" lang="en">
 <head>
  <title>
</title>
<meta http-equiv="Content-Type" content="text/html;charset=utf-8" />
  <meta name='ocr-system' content='tesseract 3.04.00' />
  <meta name='ocr-capabilities' content='ocr_page ocr_carea ocr_par ocr_line ocrx_word'/>
</head>
<body>
  <div class='ocr_page' id='page_1' title='image "./epistolaeobscur00huttgoog_0505.png"; bbox 0 0 1942 3109; ppageno 0'>
   <div class='ocr_carea' id='block_1_1' title="bbox 265 248 1801 299">
    <p class='ocr_par' dir='ltr' id='par_1_1' title="bbox 265 248 1801 299">
     <span class='ocr_line' id='line_1_1' title="bbox 265 248 1801 299; baseline -0.002 -1"><span class='ocrx_word' id='word_1_1' title='bbox 265 248 335 298; x_wconf 82' lang='lat'><strong>44</strong></span> <span class='ocrx_word' id='word_1_2' title='bbox 402 261 782 299; x_wconf 71' lang='lat' dir='ltr'><strong>Pnrnmconm</strong></span> <span class='ocrx_word' id='word_1_3' title='bbox 807 260 1046 297; x_wconf 64' lang='lat' dir='ltr'><strong>DEBERE.</strong></span> <span class='ocrx_word' id='word_1_4' title='bbox 1061 259 1280 296; x_wconf 70' lang='lat' dir='ltr'>CONTRA</span> <span class='ocrx_word' id='word_1_5' title='bbox 1307 257 1511 294; x_wconf 70' lang='grc' dir='ltr'><strong>ῈΔΠΟΒ.</strong></span> <span class='ocrx_word' id='word_1_6' title='bbox 1525 258 1580 295; x_wconf 88' lang='grc' dir='ltr'><strong>Ο.</strong></span> <span class='ocrx_word' id='word_1_7' title='bbox 1593 260 1651 295; x_wconf 76' lang='lat' dir='ltr'><strong>V.</strong></span> <span class='ocrx_word' id='word_1_8' title='bbox 1665 261 1801 295; x_wconf 71' lang='lat' dir='ltr'><strong>EPP.</strong></span> 
     </span>
    </p>
   </div>
   <div class='ocr_carea' id='block_1_2' title="bbox 254 365 1802 1023">
    <p class='ocr_par' dir='ltr' id='par_1_2' title="bbox 254 365 1802 1023">
     <span class='ocr_line' id='line_1_2' title="bbox 268 365 1802 433; baseline -0.001 -16"><span class='ocrx_word' id='word_1_9' title='bbox 268 369 455 433; x_wconf 81' lang='lat' dir='ltr'><strong>scopis</strong></span> <span class='ocrx_word' id='word_1_10' title='bbox 490 368 709 432; x_wconf 77' lang='lat' dir='ltr'><strong>aliquot</strong></span> <span class='ocrx_word' id='word_1_11' title='bbox 742 365 1054 431; x_wconf 86' lang='lat' dir='ltr'><strong>prohibita,</strong></span> <span class='ocrx_word' id='word_1_12' title='bbox 1103 382 1138 415; x_wconf 86' lang='lat' dir='ltr'><strong>a</strong></span> <span class='ocrx_word' id='word_1_13' title='bbox 1181 365 1356 416; x_wconf 89' lang='lat' dir='ltr'><strong>tribus</strong></span> <span class='ocrx_word' id='word_1_14' title='bbox 1391 365 1625 429; x_wconf 88' lang='lat' dir='ltr'><strong>insuper</strong></span> <span class='ocrx_word' id='word_1_15' title='bbox 1665 366 1802 415; x_wconf 87' lang='lat' dir='ltr'><strong>aliis</strong></span> 
     </span>
     <span class='ocr_line' id='line_1_3' title="bbox 268 447 1801 516; baseline -0.001 -15"><span class='ocrx_word' id='word_1_16' title='bbox 268 451 601 504; x_wconf 80' lang='lat' dir='ltr'><strong>doctissimis</strong></span> <span class='ocrx_word' id='word_1_17' title='bbox 636 453 773 502; x_wconf 82' lang='lat' dir='ltr'><strong>viris</strong></span> <span class='ocrx_word' id='word_1_18' title='bbox 813 449 931 514; x_wconf 89' lang='lat' dir='ltr'><strong>(qui</strong></span> <span class='ocrx_word' id='word_1_19' title='bbox 965 451 1115 500; x_wconf 81' lang='lat' dir='ltr'><strong>infra</strong></span> <span class='ocrx_word' id='word_1_20' title='bbox 1139 447 1516 514; x_wconf 80' lang='lat' dir='ltr'><strong>nominantur)</strong></span> <span class='ocrx_word' id='word_1_21' title='bbox 1555 452 1801 516; x_wconf 85' lang='lat' dir='ltr'><strong>reiecta,</strong></span> 
     </span>
     <span class='ocr_line' id='line_1_4' title="bbox 269 534 1802 586; baseline -0.001 0"><span class='ocrx_word' id='word_1_22' title='bbox 269 552 337 586; x_wconf 85' lang='lat' dir='ltr'><strong>ac</strong></span> <span class='ocrx_word' id='word_1_23' title='bbox 372 551 519 586; x_wconf 87' lang='lat' dir='ltr'><strong>nunc</strong></span> <span class='ocrx_word' id='word_1_24' title='bbox 553 536 767 586; x_wconf 90' lang='lat' dir='ltr'><strong>demum</strong></span> <span class='ocrx_word' id='word_1_25' title='bbox 801 536 860 584; x_wconf 87' lang='lat' dir='ltr'><strong>in</strong></span> <span class='ocrx_word' id='word_1_26' title='bbox 894 535 1032 585; x_wconf 88' lang='lat' dir='ltr'><strong>urbe</strong></span> <span class='ocrx_word' id='word_1_27' title='bbox 1055 534 1303 585; x_wconf 88' lang='lat' dir='ltr'><strong>Romana</strong></span> <span class='ocrx_word' id='word_1_28' title='bbox 1340 550 1526 585; x_wconf 87' lang='lat' dir='ltr'><strong>coram</strong></span> <span class='ocrx_word' id='word_1_29' title='bbox 1549 537 1802 585; x_wconf 83' lang='lat' dir='ltr'><strong>sanetis·</strong></span> 
     </span>
     <span class='ocr_line' id='line_1_5' title="bbox 268 619 1798 686; baseline -0.001 -15"><span class='ocrx_word' id='word_1_30' title='bbox 268 623 405 671; x_wconf 82' lang='lat' dir='ltr'><strong>simo</strong></span> <span class='ocrx_word' id='word_1_31' title='bbox 460 636 627 686; x_wconf 86' lang='lat' dir='ltr'><strong>super</strong></span> <span class='ocrx_word' id='word_1_32' title='bbox 677 621 1133 671; x_wconf 79' lang='lat' dir='ltr'><strong>manifestissima</strong></span> <span class='ocrx_word' id='word_1_33' title='bbox 1174 619 1376 686; x_wconf 50' lang='lat' dir='ltr'><strong>,heresi</strong></span> <span class='ocrx_word' id='word_1_34' title='bbox 1420 619 1798 684; x_wconf 75' lang='lat' dir='ltr'><strong>pessimisque</strong></span> 
     </span>
     <span class='ocr_line' id='line_1_6' title="bbox 270 702 1799 769; baseline -0.003 -12"><span class='ocrx_word' id='word_1_35' title='bbox 270 708 548 757; x_wconf 85' lang='lat' dir='ltr'><strong>erroribus</strong></span> <span class='ocrx_word' id='word_1_36' title='bbox 599 710 729 756; x_wconf 86' lang='lat' dir='ltr'><strong>sunt</strong></span> <span class='ocrx_word' id='word_1_37' title='bbox 762 707 1032 756; x_wconf 83' lang='lat' dir='ltr'><strong>accusata</strong></span> <span class='ocrx_word' id='word_1_38' title='bbox 1071 708 1146 753; x_wconf 88' lang='lat' dir='ltr'><strong>.et</strong></span> <span class='ocrx_word' id='word_1_39' title='bbox 1166 718 1212 753; x_wconf 86' lang='lat' dir='ltr'><strong>c.</strong></span> <span class='ocrx_word' id='word_1_40' title='bbox 1283 702 1395 753; x_wconf 90' lang='lat' dir='ltr'><strong>Illa</strong></span> <span class='ocrx_word' id='word_1_41' title='bbox 1431 704 1580 752; x_wconf 85' lang='lat' dir='ltr'><strong>enim</strong></span> <span class='ocrx_word' id='word_1_42' title='bbox 1617 704 1799 769; x_wconf 89' lang='lat' dir='ltr'><strong>impu-</strong></span> 
     </span>
     <span class='ocr_line' id='line_1_7' title="bbox 268 786 1798 855; baseline -0.001 -15"><span class='ocrx_word' id='word_1_43' title='bbox 268 806 440 855; x_wconf 83' lang='lat' dir='ltr'><strong>gnare</strong></span> <span class='ocrx_word' id='word_1_44' title='bbox 484 806 595 840; x_wconf 88' lang='lat' dir='ltr'><strong>non</strong></span> <span class='ocrx_word' id='word_1_45' title='bbox 642 794 727 839; x_wconf 88' lang='lat' dir='ltr'><strong>est</strong></span> <span class='ocrx_word' id='word_1_46' title='bbox 770 788 927 840; x_wconf 91' lang='lat' dir='ltr'><strong>modo</strong></span> <span class='ocrx_word' id='word_1_47' title='bbox 971 789 1153 839; x_wconf 80' lang='lat' dir='ltr'><strong>nostri</strong></span> <span class='ocrx_word' id='word_1_48' title='bbox 1189 786 1393 850; x_wconf 83' lang='lat' dir='ltr'><strong>officii,</strong></span> <span class='ocrx_word' id='word_1_49' title='bbox 1439 786 1540 837; x_wconf 87' lang='lat' dir='ltr'><strong>sed</strong></span> <span class='ocrx_word' id='word_1_50' title='bbox 1576 788 1798 838; x_wconf 88' lang='lat' dir='ltr'><strong>theolo-</strong></span> 
     </span>
     <span class='ocr_line' id='line_1_8' title="bbox 272 872 1798 939; baseline -0.002 -16"><span class='ocrx_word' id='word_1_51' title='bbox 272 889 481 939; x_wconf 78' lang='lat' dir='ltr'><strong>gorum,</strong></span> <span class='ocrx_word' id='word_1_52' title='bbox 521 878 577 923; x_wconf 89' lang='lat' dir='ltr'><strong>et</strong></span> <span class='ocrx_word' id='word_1_53' title='bbox 611 874 670 923; x_wconf 90' lang='lat' dir='ltr'><strong>in</strong></span> <span class='ocrx_word' id='word_1_54' title='bbox 705 874 895 938; x_wconf 88' lang='lat' dir='ltr'><strong>primis</strong></span> <span class='ocrx_word' id='word_1_55' title='bbox 934 872 1082 923; x_wconf 87' lang='lat' dir='ltr'><strong>sedis</strong></span> <span class='ocrx_word' id='word_1_56' title='bbox 1108 872 1437 939; x_wconf 77' lang='lat' dir='ltr'><strong>apostolice,</strong></span> <span class='ocrx_word' id='word_1_57' title='bbox 1475 886 1584 939; x_wconf 78' lang='lat' dir='ltr'><strong>que</strong></span> <span class='ocrx_word' id='word_1_58' title='bbox 1614 888 1647 921; x_wconf 85' lang='lat' dir='ltr'><strong>a</strong></span> <span class='ocrx_word' id='word_1_59' title='bbox 1677 888 1798 922; x_wconf 89' lang='lat' dir='ltr'><strong>cor—</strong></span> 
     </span>
     <span class='ocr_line' id='line_1_9' title="bbox 254 956 1548 1023; baseline -0.002 -16"><span class='ocrx_word' id='word_1_60' title='bbox 254 973 399 1023; x_wconf 85' lang='lat' dir='ltr'><strong>pore</strong></span> <span class='ocrx_word' id='word_1_61' title='bbox 433 960 563 1009; x_wconf 81' lang='lat' dir='ltr'><strong>vivo</strong></span> <span class='ocrx_word' id='word_1_62' title='bbox 599 957 819 1023; x_wconf 81' lang='lat' dir='ltr'><strong>putrida</strong></span> <span class='ocrx_word' id='word_1_63' title='bbox 855 956 1217 1023; x_wconf 82' lang='lat' dir='ltr'><strong>proculdubio</strong></span> <span class='ocrx_word' id='word_1_64' title='bbox 1254 956 1548 1007; x_wconf 78' lang='lat' dir='ltr'><strong>resecabit.</strong></span> 
     </span>
    </p>
   </div>
   <div class='ocr_carea' id='block_1_3' title="bbox 262 1122 1805 2789">
    <p class='ocr_par' dir='ltr' id='par_1_3' title="bbox 262 1122 1805 2789">
     <span class='ocr_line' id='line_1_10' title="bbox 365 1122 1804 1195; baseline -0.001 -18"><span class='ocrx_word' id='word_1_65' title='bbox 365 1128 669 1191; x_wconf 88' lang='lat' dir='ltr'><strong>Postquam</strong></span> <span class='ocrx_word' id='word_1_66' title='bbox 703 1128 1084 1195; x_wconf 77' lang='lat' dir='ltr'><strong>prenominate</strong></span> <span class='ocrx_word' id='word_1_67' title='bbox 1121 1125 1558 1176; x_wconf 80' lang='lat' dir='ltr'><strong>consultationes</strong></span> <span class='ocrx_word' id='word_1_68' title='bbox 1595 1122 1682 1187; x_wconf 92' lang='lat' dir='ltr'><strong>(ut</strong></span> <span class='ocrx_word' id='word_1_69' title='bbox 1721 1126 1804 1175; x_wconf 88' lang='lat' dir='ltr'><strong>ad</strong></span> 
     </span>
     <span class='ocr_line' id='line_1_11' title="bbox 265 1209 1800 1280; baseline -0.001 -18"><span class='ocrx_word' id='word_1_70' title='bbox 265 1212 495 1280; x_wconf 75' lang='lat' dir='ltr'><strong>historie</strong></span> <span class='ocrx_word' id='word_1_71' title='bbox 534 1212 1010 1263; x_wconf 79' lang='lat' dir='ltr'><strong>continuationem</strong></span> <span class='ocrx_word' id='word_1_72' title='bbox 1043 1209 1408 1275; x_wconf 86' lang='lat' dir='ltr'><strong>revertamur)</strong></span> <span class='ocrx_word' id='word_1_73' title='bbox 1455 1224 1800 1276; x_wconf 74' lang='lat' dir='ltr'><strong>unaqueque</strong></span> 
     </span>
     <span class='ocr_line' id='line_1_12' title="bbox 264 1294 1799 1361; baseline -0.002 -14"><span class='ocrx_word' id='word_1_74' title='bbox 264 1312 515 1347; x_wconf 85' lang='lat' dir='ltr'><strong>seorsum</strong></span> <span class='ocrx_word' id='word_1_75' title='bbox 551 1297 623 1345; x_wconf 83' lang='lat' dir='ltr'><strong>ad</strong></span> <span class='ocrx_word' id='word_1_76' title='bbox 658 1297 1120 1361; x_wconf 79' lang='lat' dir='ltr'><strong>gratiosissimum</strong></span> <span class='ocrx_word' id='word_1_77' title='bbox 1154 1294 1431 1345; x_wconf 88' lang='lat' dir='ltr'><strong>dominum</strong></span> <span class='ocrx_word' id='word_1_78' title='bbox 1468 1294 1799 1359; x_wconf 87' lang='lat' dir='ltr'><strong>episcopum</strong></span> 
     </span>
     <span class='ocr_line' id='line_1_13' title="bbox 265 1377 1802 1445; baseline 0 -16"><span class='ocrx_word' id='word_1_79' title='bbox 265 1380 651 1445; x_wconf 82' lang='lat' dir='ltr'><strong>Moguntinum</strong></span> <span class='ocrx_word' id='word_1_80' title='bbox 683 1384 984 1444; x_wconf 82' lang='lat' dir='ltr'><strong>venerant,</strong></span> <span class='ocrx_word' id='word_1_81' title='bbox 1019 1379 1172 1430; x_wconf 82' lang='lat' dir='ltr'><strong>misit</strong></span> <span class='ocrx_word' id='word_1_82' title='bbox 1207 1377 1521 1441; x_wconf 83' lang='lat' dir='ltr'><strong>Coloniam,</strong></span> <span class='ocrx_word' id='word_1_83' title='bbox 1556 1379 1662 1437; x_wconf 78' lang='lat' dir='ltr'><strong>ubi</strong></span> <span class='ocrx_word' id='word_1_84' title='bbox 1695 1380 1802 1429; x_wconf 88' lang='lat' dir='ltr'><strong>ha·-</strong></span> 
     </span>
     <span class='ocr_line' id='line_1_14' title="bbox 267 1462 1800 1529; baseline 0 -16"><span class='ocrx_word' id='word_1_85' title='bbox 267 1463 415 1527; x_wconf 83' lang='lat' dir='ltr'><strong>bito,</strong></span> <span class='ocrx_word' id='word_1_86' title='bbox 454 1462 775 1527; x_wconf 79' lang='lat' dir='ltr'><strong>significans</strong></span> <span class='ocrx_word' id='word_1_87' title='bbox 811 1465 945 1513; x_wconf 88' lang='lat' dir='ltr'><strong>mihi</strong></span> <span class='ocrx_word' id='word_1_88' title='bbox 983 1464 1127 1527; x_wconf 87' lang='lat' dir='ltr'><strong>quod</strong></span> <span class='ocrx_word' id='word_1_89' title='bbox 1164 1480 1265 1529; x_wconf 82' lang='lat' dir='ltr'><strong>ego</strong></span> <span class='ocrx_word' id='word_1_90' title='bbox 1303 1462 1560 1513; x_wconf 85' lang='lat' dir='ltr'><strong>deberem</strong></span> <span class='ocrx_word' id='word_1_91' title='bbox 1596 1477 1687 1512; x_wconf 90' lang='lat' dir='ltr'><strong>me</strong></span> <span class='ocrx_word' id='word_1_92' title='bbox 1729 1463 1800 1513; x_wconf 86' lang='lat' dir='ltr'><strong>ad</strong></span> 
     </span>
     <span class='ocr_line' id='line_1_15' title="bbox 266 1545 1798 1611; baseline 0.001 -15"><span class='ocrx_word' id='word_1_93' title='bbox 266 1560 424 1596; x_wconf 79' lang='lat' dir='ltr'><strong>suam</strong></span> <span class='ocrx_word' id='word_1_94' title='bbox 458 1545 697 1611; x_wconf 79' lang='lat' dir='ltr'><strong>gratiam</strong></span> <span class='ocrx_word' id='word_1_95' title='bbox 734 1547 1016 1610; x_wconf 85' lang='lat' dir='ltr'><strong>conferre,</strong></span> <span class='ocrx_word' id='word_1_96' title='bbox 1051 1548 1245 1599; x_wconf 84' lang='lat' dir='ltr'><strong>volens</strong></span> <span class='ocrx_word' id='word_1_97' title='bbox 1281 1562 1366 1597; x_wconf 89' lang='lat' dir='ltr'><strong>me</strong></span> <span class='ocrx_word' id='word_1_98' title='bbox 1407 1562 1528 1597; x_wconf 91' lang='lat' dir='ltr'><strong>cum</strong></span> <span class='ocrx_word' id='word_1_99' title='bbox 1567 1548 1798 1598; x_wconf 87' lang='lat' dir='ltr'><strong>consul-</strong></span> 
     </span>
     <span class='ocr_line' id='line_1_16' title="bbox 266 1628 1796 1698; baseline 0.002 -19"><span class='ocrx_word' id='word_1_100' title='bbox 266 1630 573 1680; x_wconf 82' lang='lat' dir='ltr'><strong>tationibus</strong></span> <span class='ocrx_word' id='word_1_101' title='bbox 609 1628 725 1679; x_wconf 88' lang='lat' dir='ltr'><strong>illis</strong></span> <span class='ocrx_word' id='word_1_102' title='bbox 752 1629 823 1679; x_wconf 87' lang='lat' dir='ltr'><strong>ad</strong></span> <span class='ocrx_word' id='word_1_103' title='bbox 848 1629 1150 1698; x_wconf 73' lang='lat' dir='ltr'><strong>cesaream</strong></span> <span class='ocrx_word' id='word_1_104' title='bbox 1172 1632 1523 1682; x_wconf 85' lang='lat' dir='ltr'><strong>maiestatem</strong></span> <span class='ocrx_word' id='word_1_105' title='bbox 1547 1633 1796 1685; x_wconf 87' lang='lat' dir='ltr'><strong>mittere.</strong></span> 
     </span>
     <span class='ocr_line' id='line_1_17' title="bbox 268 1715 1803 1781; baseline 0.001 -17"><span class='ocrx_word' id='word_1_106' title='bbox 268 1718 325 1764; x_wconf 88' lang='lat' dir='ltr'><strong>et</strong></span> <span class='ocrx_word' id='word_1_107' title='bbox 362 1727 679 1778; x_wconf 82' lang='lat' dir='ltr'><strong>quanquam</strong></span> <span class='ocrx_word' id='word_1_108' title='bbox 713 1715 851 1765; x_wconf 91' lang='lat' dir='ltr'><strong>mihi</strong></span> <span class='ocrx_word' id='word_1_109' title='bbox 872 1715 970 1766; x_wconf 86' lang='lat' dir='ltr'><strong>illo</strong></span> <span class='ocrx_word' id='word_1_110' title='bbox 995 1720 1240 1781; x_wconf 86' lang='lat' dir='ltr'><strong>tempore</strong></span> <span class='ocrx_word' id='word_1_111' title='bbox 1267 1716 1483 1767; x_wconf 88' lang='lat' dir='ltr'><strong>omnino</strong></span> <span class='ocrx_word' id='word_1_112' title='bbox 1509 1716 1617 1767; x_wconf 91' lang='lat' dir='ltr'><strong>hoc</strong></span> <span class='ocrx_word' id='word_1_113' title='bbox 1642 1722 1803 1769; x_wconf 89' lang='lat' dir='ltr'><strong>esset</strong></span> 
     </span>
     <span class='ocr_line' id='line_1_18' title="bbox 265 1800 1801 1861; baseline 0.001 -10"><span class='ocrx_word' id='word_1_114' title='bbox 265 1800 682 1861; x_wconf 77' lang='lat' dir='ltr'><strong>inconveniens,</strong></span> <span class='ocrx_word' id='word_1_115' title='bbox 722 1812 845 1849; x_wconf 87' lang='lat' dir='ltr'><strong>eum</strong></span> <span class='ocrx_word' id='word_1_116' title='bbox 879 1814 1106 1851; x_wconf 88' lang='lat' dir='ltr'><strong>uxorem</strong></span> <span class='ocrx_word' id='word_1_117' title='bbox 1141 1803 1196 1849; x_wconf 86' lang='lat' dir='ltr'><strong>et</strong></span> <span class='ocrx_word' id='word_1_118' title='bbox 1230 1800 1435 1851; x_wconf 86' lang='lat' dir='ltr'><strong>liberos</strong></span> <span class='ocrx_word' id='word_1_119' title='bbox 1470 1816 1624 1853; x_wconf 86' lang='lat' dir='ltr'><strong>meos</strong></span> <span class='ocrx_word' id='word_1_120' title='bbox 1662 1801 1801 1853; x_wconf 89' lang='lat' dir='ltr'><strong>edu—</strong></span> 
     </span>
     <span class='ocr_line' id='line_1_19' title="bbox 268 1881 1802 1949; baseline 0.004 -17"><span class='ocrx_word' id='word_1_121' title='bbox 268 1898 397 1934; x_wconf 87' lang='lat' dir='ltr'><strong>care</strong></span> <span class='ocrx_word' id='word_1_122' title='bbox 434 1888 603 1948; x_wconf 87' lang='lat' dir='ltr'><strong>atque</strong></span> <span class='ocrx_word' id='word_1_123' title='bbox 640 1881 794 1933; x_wconf 83' lang='lat' dir='ltr'><strong>alere</strong></span> <span class='ocrx_word' id='word_1_124' title='bbox 832 1885 1180 1949; x_wconf 80' lang='lat' dir='ltr'><strong>conveniret,</strong></span> <span class='ocrx_word' id='word_1_125' title='bbox 1227 1885 1416 1935; x_wconf 86' lang='lat' dir='ltr'><strong>Etiam</strong></span> <span class='ocrx_word' id='word_1_126' title='bbox 1453 1900 1576 1935; x_wconf 91' lang='lat' dir='ltr'><strong>cum</strong></span> <span class='ocrx_word' id='word_1_127' title='bbox 1613 1902 1802 1938; x_wconf 86' lang='lat' dir='ltr'><strong>essem</strong></span> 
     </span>
     <span class='ocr_line' id='line_1_20' title="bbox 262 1970 1805 2039; baseline 0.003 -21"><span class='ocrx_word' id='word_1_128' title='bbox 262 1972 489 2035; x_wconf 87' lang='lat' dir='ltr'><strong>propter</strong></span> <span class='ocrx_word' id='word_1_129' title='bbox 507 1970 707 2039; x_wconf 76' lang='lat' dir='ltr'><strong>Iudeos</strong></span> <span class='ocrx_word' id='word_1_130' title='bbox 742 1972 803 2021; x_wconf 88' lang='lat' dir='ltr'><strong>in</strong></span> <span class='ocrx_word' id='word_1_131' title='bbox 838 1971 1102 2021; x_wconf 80' lang='lat' dir='ltr'><strong>continua</strong></span> <span class='ocrx_word' id='word_1_132' title='bbox 1139 1984 1272 2019; x_wconf 86' lang='lat' dir='ltr'><strong>cura</strong></span> <span class='ocrx_word' id='word_1_133' title='bbox 1307 1970 1417 2020; x_wconf 88' lang='lat' dir='ltr'><strong>mei</strong></span> <span class='ocrx_word' id='word_1_134' title='bbox 1453 1971 1708 2035; x_wconf 83' lang='lat' dir='ltr'><strong>corporis</strong></span> <span class='ocrx_word' id='word_1_135' title='bbox 1746 1977 1805 2023; x_wconf 89' lang='lat' dir='ltr'><strong>et</strong></span> 
     </span>
     <span class='ocr_line' id='line_1_21' title="bbox 263 2054 1800 2122; baseline 0.002 -17"><span class='ocrx_word' id='word_1_136' title='bbox 263 2056 399 2122; x_wconf 80' lang='lat' dir='ltr'><strong>vite,</strong></span> <span class='ocrx_word' id='word_1_137' title='bbox 434 2060 621 2107; x_wconf 86' lang='lat' dir='ltr'><strong>tamen</strong></span> <span class='ocrx_word' id='word_1_138' title='bbox 657 2056 716 2105; x_wconf 88' lang='lat' dir='ltr'><strong>in</strong></span> <span class='ocrx_word' id='word_1_139' title='bbox 751 2056 1014 2107; x_wconf 85' lang='lat' dir='ltr'><strong>honorem</strong></span> <span class='ocrx_word' id='word_1_140' title='bbox 1048 2054 1437 2119; x_wconf 87' lang='lat' dir='ltr'><strong>omnipotentis</strong></span> <span class='ocrx_word' id='word_1_141' title='bbox 1473 2054 1564 2104; x_wconf 89' lang='lat' dir='ltr'><strong>dei</strong></span> <span class='ocrx_word' id='word_1_142' title='bbox 1590 2059 1648 2105; x_wconf 88' lang='lat' dir='ltr'><strong>et</strong></span> <span class='ocrx_word' id='word_1_143' title='bbox 1670 2055 1800 2107; x_wconf 89' lang='lat' dir='ltr'><strong>lau—</strong></span> 
     </span>
     <span class='ocr_line' id='line_1_22' title="bbox 264 2138 1801 2205; baseline 0.003 -18"><span class='ocrx_word' id='word_1_144' title='bbox 264 2138 387 2189; x_wconf 85' lang='lat' dir='ltr'><strong>dem</strong></span> <span class='ocrx_word' id='word_1_145' title='bbox 420 2140 655 2202; x_wconf 79' lang='lat' dir='ltr'><strong>virginis</strong></span> <span class='ocrx_word' id='word_1_146' title='bbox 677 2138 876 2205; x_wconf 65' lang='lat' dir='ltr'><strong>Maris,</strong></span> <span class='ocrx_word' id='word_1_147' title='bbox 914 2144 971 2188; x_wconf 90' lang='lat' dir='ltr'><strong>et</strong></span> <span class='ocrx_word' id='word_1_148' title='bbox 1007 2139 1078 2190; x_wconf 83' lang='lat' dir='ltr'><strong>ad</strong></span> <span class='ocrx_word' id='word_1_149' title='bbox 1116 2155 1450 2191; x_wconf 89' lang='lat' dir='ltr'><strong>communem</strong></span> <span class='ocrx_word' id='word_1_150' title='bbox 1484 2139 1801 2191; x_wconf 83' lang='lat' dir='ltr'><strong>utilitatem</strong></span> 
     </span>
     <span class='ocr_line' id='line_1_23' title="bbox 270 2219 1802 2290; baseline 0.005 -21"><span class='ocrx_word' id='word_1_151' title='bbox 270 2220 589 2286; x_wconf 75' lang='lat' dir='ltr'><strong>Christiane</strong></span> <span class='ocrx_word' id='word_1_152' title='bbox 624 2219 778 2282; x_wconf 87' lang='lat' dir='ltr'><strong>fidei,</strong></span> <span class='ocrx_word' id='word_1_153' title='bbox 826 2219 1102 2285; x_wconf 86' lang='lat' dir='ltr'><strong>dereliqui</strong></span> <span class='ocrx_word' id='word_1_154' title='bbox 1143 2238 1370 2274; x_wconf 85' lang='lat' dir='ltr'><strong>uxorem</strong></span> <span class='ocrx_word' id='word_1_155' title='bbox 1417 2238 1537 2273; x_wconf 92' lang='lat' dir='ltr'><strong>cum</strong></span> <span class='ocrx_word' id='word_1_156' title='bbox 1574 2223 1802 2290; x_wconf 87' lang='lat' dir='ltr'><strong>liberis,</strong></span> 
     </span>
     <span class='ocr_line' id='line_1_24' title="bbox 266 2302 1798 2373; baseline 0.005 -20"><span class='ocrx_word' id='word_1_157' title='bbox 266 2318 373 2355; x_wconf 89' lang='lat' dir='ltr'><strong>nec</strong></span> <span class='ocrx_word' id='word_1_158' title='bbox 408 2304 609 2354; x_wconf 89' lang='lat' dir='ltr'><strong>timens</strong></span> <span class='ocrx_word' id='word_1_159' title='bbox 647 2302 777 2367; x_wconf 88' lang='lat' dir='ltr'><strong>quid</strong></span> <span class='ocrx_word' id='word_1_160' title='bbox 810 2304 946 2354; x_wconf 87' lang='lat' dir='ltr'><strong>mihi</strong></span> <span class='ocrx_word' id='word_1_161' title='bbox 981 2320 1018 2354; x_wconf 88' lang='lat' dir='ltr'><strong>a</strong></span> <span class='ocrx_word' id='word_1_162' title='bbox 1039 2305 1223 2373; x_wconf 77' lang='lat' dir='ltr'><strong>Iudeis</strong></span> <span class='ocrx_word' id='word_1_163' title='bbox 1247 2306 1366 2359; x_wconf 88' lang='lat' dir='ltr'><strong>fieri</strong></span> <span class='ocrx_word' id='word_1_164' title='bbox 1389 2308 1583 2373; x_wconf 85' lang='lat' dir='ltr'><strong>possit.</strong></span> <span class='ocrx_word' id='word_1_165' title='bbox 1655 2312 1798 2361; x_wconf 79' lang='lat' dir='ltr'><strong>veni</strong></span> 
     </span>
     <span class='ocr_line' id='line_1_25' title="bbox 264 2388 1795 2457; baseline 0.005 -20"><span class='ocrx_word' id='word_1_166' title='bbox 264 2389 437 2453; x_wconf 78' lang='lat' dir='ltr'><strong>igitur</strong></span> <span class='ocrx_word' id='word_1_167' title='bbox 474 2388 545 2437; x_wconf 86' lang='lat' dir='ltr'><strong>ad</strong></span> <span class='ocrx_word' id='word_1_168' title='bbox 568 2388 907 2454; x_wconf 87' lang='lat' dir='ltr'><strong>Episcopum</strong></span> <span class='ocrx_word' id='word_1_169' title='bbox 928 2388 1331 2455; x_wconf 76' lang='lat' dir='ltr'><strong>Moguntinum‚</strong></span> <span class='ocrx_word' id='word_1_170' title='bbox 1370 2394 1468 2455; x_wconf 89' lang='lat' dir='ltr'><strong>qui</strong></span> <span class='ocrx_word' id='word_1_171' title='bbox 1487 2396 1625 2457; x_wconf 86' lang='lat' dir='ltr'><strong>tunc</strong></span> <span class='ocrx_word' id='word_1_172' title='bbox 1649 2397 1795 2445; x_wconf 84' lang='lat' dir='ltr'><strong>tem-</strong></span> 
     </span>
     <span class='ocr_line' id='line_1_26' title="bbox 268 2472 1792 2541; baseline 0.005 -21"><span class='ocrx_word' id='word_1_173' title='bbox 268 2472 417 2533; x_wconf 85' lang='lat' dir='ltr'><strong>poris</strong></span> <span class='ocrx_word' id='word_1_174' title='bbox 456 2478 579 2521; x_wconf 82' lang='lat' dir='ltr'><strong>erat</strong></span> <span class='ocrx_word' id='word_1_175' title='bbox 610 2473 905 2541; x_wconf 77' lang='lat' dir='ltr'><strong>Moguncie</strong></span> <span class='ocrx_word' id='word_1_176' title='bbox 942 2476 1001 2523; x_wconf 89' lang='lat' dir='ltr'><strong>in</strong></span> <span class='ocrx_word' id='word_1_177' title='bbox 1038 2478 1220 2525; x_wconf 80' lang='lat' dir='ltr'><strong>castro</strong></span> <span class='ocrx_word' id='word_1_178' title='bbox 1258 2476 1474 2541; x_wconf 83' lang='lat' dir='ltr'><strong>angeli,</strong></span> <span class='ocrx_word' id='word_1_179' title='bbox 1514 2478 1573 2525; x_wconf 89' lang='lat' dir='ltr'><strong>in</strong></span> <span class='ocrx_word' id='word_1_180' title='bbox 1609 2480 1792 2527; x_wconf 88' lang='lat' dir='ltr'><strong>omni-</strong></span> 
     </span>
     <span class='ocr_line' id='line_1_27' title="bbox 263 2553 1791 2624; baseline 0.008 -23"><span class='ocrx_word' id='word_1_181' title='bbox 263 2553 367 2602; x_wconf 87' lang='lat' dir='ltr'><strong>bus</strong></span> <span class='ocrx_word' id='word_1_182' title='bbox 400 2553 542 2603; x_wconf 86' lang='lat' dir='ltr'><strong>bene</strong></span> <span class='ocrx_word' id='word_1_183' title='bbox 581 2556 877 2621; x_wconf 83' lang='lat' dir='ltr'><strong>animatus,</strong></span> <span class='ocrx_word' id='word_1_184' title='bbox 906 2562 974 2608; x_wconf 85' lang='lat' dir='ltr'><strong>&#39;et</strong></span> <span class='ocrx_word' id='word_1_185' title='bbox 1007 2558 1328 2623; x_wconf 77' lang='lat' dir='ltr'><strong>significans</strong></span> <span class='ocrx_word' id='word_1_186' title='bbox 1351 2560 1488 2609; x_wconf 84' lang='lat' dir='ltr'><strong>mihi</strong></span> <span class='ocrx_word' id='word_1_187' title='bbox 1513 2562 1791 2624; x_wconf 89' lang='lat' dir='ltr'><strong>quomodo</strong></span> 
     </span>
     <span class='ocr_line' id='line_1_28' title="bbox 263 2637 1799 2712; baseline 0.008 -27"><span class='ocrx_word' id='word_1_188' title='bbox 263 2637 656 2687; x_wconf 86' lang='lat' dir='ltr'><strong>universitates</strong></span> <span class='ocrx_word' id='word_1_189' title='bbox 694 2652 763 2687; x_wconf 85' lang='lat' dir='ltr'><strong>ac</strong></span> <span class='ocrx_word' id='word_1_190' title='bbox 795 2639 1042 2709; x_wconf 74' lang='lat' dir='ltr'><strong>heretice</strong></span> <span class='ocrx_word' id='word_1_191' title='bbox 1077 2643 1375 2707; x_wconf 84' lang='lat' dir='ltr'><strong>pravitatis</strong></span> <span class='ocrx_word' id='word_1_192' title='bbox 1398 2645 1666 2709; x_wconf 82' lang='lat' dir='ltr'><strong>magister</strong></span> <span class='ocrx_word' id='word_1_193' title='bbox 1692 2663 1799 2712; x_wconf 88' lang='lat' dir='ltr'><strong>per</strong></span> 
     </span>
     <span class='ocr_line' id='line_1_29' title="bbox 263 2718 1795 2789; baseline 0.008 -21"><span class='ocrx_word' id='word_1_194' title='bbox 263 2718 682 2784; x_wconf 81' lang='lat' dir='ltr'><strong>inspirationem</strong></span> <span class='ocrx_word' id='word_1_195' title='bbox 718 2724 901 2773; x_wconf 82' lang='lat' dir='ltr'><strong>sancti</strong></span> <span class='ocrx_word' id='word_1_196' title='bbox 924 2726 1152 2789; x_wconf 86' lang='lat' dir='ltr'><strong>spiritus</strong></span> <span class='ocrx_word' id='word_1_197' title='bbox 1175 2726 1256 2775; x_wconf 85' lang='lat' dir='ltr'><strong>ita</strong></span> <span class='ocrx_word' id='word_1_198' title='bbox 1280 2726 1632 2779; x_wconf 86' lang='lat' dir='ltr'><strong>uniformiter</strong></span> <span class='ocrx_word' id='word_1_199' title='bbox 1657 2744 1795 2781; x_wconf 85' lang='lat' dir='ltr'><strong>con-</strong></span> 
     </span>
    </p>
   </div>
  </div>
 </body>
</html>
