1942 3109
433 233 566 267 von.
608 233 647 266 1.
720 228 761 271 2.
798 230 1024 269 munus
1055 234 1406 271 manners.
1643 222 1676 271 7

160 354 283 387 011111
308 338 661 402 ignorantia:
698 340 757 386 et
778 338 1088 401 ignorantia
1113 344 1347 389 excusat
1368 344 1676 403 peccatum.

160 424 307 485 Quia
344 423 396 471 si
433 423 723 472 scivissem
758 422 905 485 quod
936 424 1176 473 fuissent
1207 422 1398 491 Iudei,.
1420 428 1474 474 et
1507 426 1678 475 fecis-

160 523 276 556 sem
314 508 397 557 eis
435 507 727 569 honorem,
765 511 897 557 tune
932 508 1160 558 fuissem
1195 507 1390 573 dignus
1429 508 1498 558 ad
1535 526 1678 559 com-

159 591 487 655 burendum,
522 592 659 655 qilia
696 598 841 642 esset
874 593 1100 660 heresis.
1159 592 1266 642 Sed
1289 608 1466 657 neque
1490 596 1680 657 verbu,

162 692 343 741 neque
382 693 569 741 opere,
606 678 755 727 sicut
790 678 897 727 scit
930 678 1080 741 deus,
1117 676 1332 741 aliquid
1365 681 1512 741 novi,
1547 680 1680 743 quia

162 764 363 825 putavi
398 762 544 825 quod
582 766 771 811 essent
804 763 1054 826 magistri
1089 765 1300 813 nostri'.
1371 764 1528 813 Tunc
1559 765 1680 828 ipse

162 846 325 909 dixit,
365 846 513 909 quod
544 850 733 896 tamen
769 851 854 896 est
888 846 1066 897 adhuc
1089 852 1396 911 peccatum,
1433 854 1489 897 ct
1513 848 1680 897 dixit:

165 930 305 995 ‘Ego
354 932 525 983 etiam
574 931 749 981 semel
792 932 869 981 ivi
913 946 1012 996 per
1056 932 1382 995 ecclesiam,
1427 933 1522 983 ubi
1567 936 1682 983 stat

162 1031 305 1065 unus
340 1014 547 1082 Iudeus
592 1016 813 1080 ligneus
849 1020 976 1067 ante
1013 1017 1376 1080 salvatorem,
1425 1020 1482 1067 ct
1515 1017 1684 1067 habet

164 1101 433 1149 malleum
470 1100 529 1149 in
562 1116 757 1162 manu3
798 1105 855 1149 et
888 1116 988 1166 ego
1025 1102 1220 1166 putavi
1256 1101 1400 1164 quod
1435 1105 1521 1151 est
1555 1116 1680 1151 81111·

171 1188 295 1233 ctus
328 1184 547 1248 Petrus,
588 1188 643 1234 et
676 1184 907 1235 haberet
942 1186 1156 1237 clavem
1187 1187 1244 1235 in
1267 1202 1450 1250 manu,
1477 1190 1534 1236 et
1555 1187 1684 1235 flexi

167 1285 369 1334 genua,
410 1273 465 1319 et
488 1269 721 1334 deposui
754 1270 1032 1321 birretum.
1103 1275 1236 1321 tunc
1271 1270 1385 1321 vidi
1421 1270 1564 1334 quod
1599 1276 1686 1321 est

165 1354 389 1421 Iudeus,
428 1358 487 1403 et
522 1354 691 1404 etiam
726 1356 965 1422 penituit
1000 1372 1101 1405 me.
1151 1360 1336 1407 tamen
1371 1357 1428 1405 in
1465 1356 1684 1405 confos-

166 1440 321 1489 sione
351 1454 475 1487 cum
500 1438 802 1491 confitebar
822 1441 881 1489 in
904 1441 1240 1491 monasterio
1263 1440 1683 1506 predicatorum,

166 1524 309 1573 dixit
364 1524 499 1574 mihi
547 1526 833 1575 confessor
876 1539 1030 1574 meus
1079 1524 1218 1587 quod
1266 1529 1352 1575 est
1395 1529 1684 1590 peccatum

168 1608 421 1672 mortale,
460 1610 595 1672 quia
629 1608 887 1659 debemus
923 1611 1226 1673 respicere;
1275 1613 1332 1659 et
1367 1609 1506 1659 dixit
1541 1610 1686 1673 quod

169 1710 291 1756 11011,
310 1698 507 1758 posset
540 1710 625 1743 me
662 1694 981 1756 absolvere,
1029 1694 1138 1743 11181
1174 1694 1404 1745 haberet
1438 1698 1682 1758 potesta·
1774 1720 1784 1733 ·

168 1784 277 1829 tem
324 1777 731 1843 episcopalem,
780 1778 913 1841 quia
949 1782 1098 1829 esset
1133 1794 1294 1827 casus
1331 1779 1682 1843 episcopalis.

172 1869 225 1912 et
260 1863 405 1912 dixit
444 1862 591 1926 quod
627 1864 675 1913 si
711 1864 948 1914 libenter
983 1863 1260 1926 fecissem,
1299 1866 1354 1913 et
1389 1879 1494 1913 11011
1532 1864 1682 1928 igno·

168 1952 385 2011 ranter,
432 1952 569 1997 tunc
613 1949 814 1997 fuisset
862 1963 1022 1998 casus
1071 1948 1309 2012 papalis.
1380 1947 1454 1997 Et
1487 1949 1568 1998 sic
1603 1950 1684 1998 fui

173 2032 491 2095 absolutus,
532 2033 665 2095 quia
698 2032 895 2083 habuit
928 2036 1256 2097 potestatem
1295 2033 1682 2098 episcopalem.

172 2118 245 2166 Et
286 2134 387 2182 per
422 2116 585 2167 (1011111
624 2132 723 2182 ego
762 2117 948 2181 cred0,
997 2116 1140 2181 quod
1175 2118 1224 2167 si
1256 2117 1427 2167 vultis
1463 2106 1708 2169 salvare'

173 2202 575 2253 conscientiam
612 2206 877 2266 vestram,
914 2206 1130 2267 oportet
1163 2202 1350 2252 facere
1387 2203 1686 2254 confessio-

175 2303 294 2337 nem
331 2286 570 2336 officiali
607 2288 933 2339 consistorii.
1005 2286 1078 2335 Et
1111 2287 1426 2351 ignorantia
1460 2303 1568 2339 non
1591 2304 1708 2353 po·-

174 2376 285 2421 test
338 2386 611 2421 excusare
665 2372 803 2421 illud
858 2376 1175 2436 peccatum,
1235 2372 1366 2434 quia
1411 2372 1688 2425 deberetis

177 2457 485 2522 respicere:
527 2460 581 2505 et
614 2455 771 2522 Iudei
804 2456 1012 2506 habent
1047 2472 1258 2521 semper
1291 2472 1456 2507 unum
1481 2458 1688 2521 gilvum

180 2542 447 2591 circulum
485 2544 614 2589 ante
650 2541 707 2589 in
742 2540 933 2607 pallio,
972 2556 1128 2604 quem
1163 2540 1436 2591 deberetis
1459 2542 1688 2604 vidisse,

180 2628 325 2675 sicut
362 2628 421 2674 et
458 2640 559 2688 ego
593 2624 737 2675 vidi:
774 2640 901 2689 ergo
938 2629 1024 2675 est
1057 2625 1374 2689 ignorantia
1411 2640 1600 2673 crassa
1638 2629 1693 2671 et

180 2726 289 2760 non
312 2708 471 2760 valet
498 2708 566 2758 ad
592 2692 994 2759 absosutionem
1020 2708 1273 2771 peccati'.
1325 2704 1418 2752 Sic
1442 2717 1539 2763 pro
1563 2707 1697 2747 tunc
