1942 3109
195 234 324 271 Ana.
341 238 393 271 n.
411 236 783 274 rnAmc‘rom’.
798 236 872 271 An
883 236 1047 273 cAnn.
1062 238 1109 273 s.
1124 232 1599 274 cnvc.16.uA1.1515.
1622 224 1716 273 151

333 344 546 390 uiarum
579 342 752 405 Regis
790 342 1101 392 consiliarii
1134 343 1343 410 scripte
1378 358 1411 391 a
1422 342 1456 391 d
1490 359 1585 395 ve·

333 425 640 477 nerabilem
675 425 718 474 C
735 425 928 477 ardin
943 427 1047 477 ale
1061 442 1112 475 m
1150 443 1175 477 s
1189 442 1271 477 an
1288 431 1394 495 cte
1434 426 1475 475 O
1490 444 1585 477 ru-

337 509 454 573 cis,
491 510 662 561 libros
699 511 966 563 videlicet
990 511 1219 563 Ioannis
1241 512 1517 563 Reuchlin
1554 530 1584 563 e

709 596 888 647 medio
921 594 1218 651 tollendos.

301 758 352 817 (I
386 767 866 819 Reverendissime
889 769 948 818 in
976 767 1197 818 Christo
1234 771 1395 831 pater
1430 772 1721 834 preceptor
1796 772 1799 775 ’

194 852 696 903 observandissime
757 856 884 917 post
941 852 1308 903 humillimam
1378 852 1721 904 commenda-

191 936 416 985 tionem.
491 934 881 986 Commendavi
914 937 1125 1001 pridem
1160 938 1495 1001 paternitati
1534 942 1721 1004 vestre

193 1018 675 1087 Reverendissime
724 1034 952 1070 causam
988 1020 1117 1071 fidei
1152 1036 1318 1085 quam
1353 1022 1531 1071 frater
1563 1021 1721 1071 Iaco-

192 1105 296 1154 bus
321 1103 388 1155 de
412 1104 790 1155 Hochstraten
827 1120 988 1173 sacre
1024 1106 1302 1174 theologie
1340 1106 1619 1172 professor
1654 1122 1721 1156 ex

193 1188 316 1239 zelo
365 1188 456 1239 (lei
499 1189 630 1239 istic
675 1192 1031 1253 prosequitur
1066 1206 1271 1256 rogans
1307 1195 1368 1240 ut
1404 1192 1462 1239 in
1498 1189 1721 1255 expedi·

189 1273 606 1339 tione'iusticie
645 1274 997 1338 assequenda
1033 1275 1225 1326 eadem
1270 1278 1583 1340 paternitas
1628 1289 1722 1324 ve·

191 1361 310 1408 stra
353 1358 836 1410 Reverendissima
888 1358 979 1409 illi
1034 1359 1427 1411 adiuvamento
1472 1373 1595 1409 esse
1640 1357 1722 1407 di·

189 1446 474 1507 gnaretur.
569 1442 946 1509 sperabamus
1018 1446 1165 1495 enim
1222 1445 1514 1510 negocium
1574 1442 1723 1493 sacri

189 1528 474 1591 generalis
539 1529 760 1580 consilii
823 1529 1229 1580 Lateranensis
1305 1528 1722 1606 diffinitoribus,

191 1626 419 1675 quorum
464 1613 786 1664 Paternitas
829 1616 1033 1665 Vestra
1076 1613 1560 1665 Reverendissima
1612 1612 1722 1661 dux

192 1699 249 1744 et
285 1696 482 1759 auriga
518 1701 604 1745 est
640 1699 987 1747 commissum
1022 1698 1107 1746 iri.
1152 1696 1159 1762 Ι
1200 1695 1309 1747 Sed
1352 1696 1561 1747 fefellit
1604 1712 1705 1745 nos
1724 1692 1856 1759 (fflb)

189 1780 382 1843 opinio
417 1782 476 1828 et
511 1780 916 1831 sollicitatione
953 1781 1233 1831 hominum
1256 1780 1419 1848 huius
1446 1780 1625 1846 seculi
1650 1795 1721 1828 ne

193 1861 250 1911 id
295 1862 516 1925 quidem
559 1866 888 1927 permissum
934 1868 1020 1915 est
1063 1868 1126 1915 ut
1158 1864 1483 1921 Paternitas
1518 1866 1721 1915 Vestra

191 1946 674 1996 Reverendissima
707 1963 780 1997 ex
815 1948 1203 1997 commissione
1239 1948 1553 2011 apostolica
1600 1962 1723 1997 cum

193 2031 326 2082 aliis
371 2032 682 2095 susciperet
727 2045 896 2099 cause
943 2026 1315 2096 cognitionem
1358 2026 1722 2081 decisionem-

191 2130 320 2179 que.
392 2114 602 2164 Scribit
636 2115 704 2166 ob
741 2114 798 2164 id
833 2116 890 2165 in
925 2116 1333 2183 presentiarum
1358 2114 1722 2165 Sanctissimo

191 2200 429 2249 Domino
462 2200 662 2251 Nostro
697 2216 844 2268 pape
879 2200 1289 2251 illustrissimus
1324 2200 1722 2265 Hispaniarum

191 2284 478 2349 princeps,
525 2282 776 2335 dominus
821 2300 1005 2348 meus,
1056 2290 1119 2335 ut
1152 2300 1335 2351 cause
1366 2285 1513 2341 *huic
1558 2298 1723 2347 quam

193 2367 480 2419 celerrime
525 2367 687 2419 finem
721 2370 928 2433 imponi
963 2369 1162 2419 faciat.
1232 2369 1440 2419 Precor
1476 2383 1579 2432 ego
1614 2368 1720 2417 Pa-

191 2453 512 2505 ternitatem
567 2454 826 2505 Vestram
893 2452 1430 2504 Reverendissimam
1502 2455 1560 2501 et
1626 2468 1748 2517 per*

191 2539 413 2591 viscera
467 2538 636 2590 Ihesu
691 2539 890 2589 christi
940 2538 1190 2589 obtestor
1240 2542 1303 2589 ut
1344 2538 1469 2601 ipsa
1512 2552 1722 2587 murum

193 2638 317 2673 sese
354 2628 602 2689 opponat
633 2639 734 2689 pro
770 2623 928 2675 domo
963 2621 1057 2673 dei
1091 2636 1269 2687 neque
1307 2623 1458 2671 sinat
1494 2636 1723 2673 oausam

193 2706 322 2757 fidei
358 2709 504 2773 apud
540 2708 726 2761 sedem
763 2708 1133 2775 apostolicam
1166 2711 1281 2757 tam
1306 2708 1469 2772 parvi
1491 2706 1629 2770 fieri,
1662 2710 1726 2755 ut
