1942 3109
241 244 344 297 406
395 263 468 298 ax
495 262 867 304 onscvnoavn
892 264 1149 301 vinoavx
1176 264 1412 302 cumve
1440 265 1764 304 cnmna'rvs

239 370 326 419 est
361 370 552 420 nescio
587 371 713 435 quis
752 370 1101 422 auriculatus
1138 374 1195 422 et
1230 370 1547 422 cucullatus
1582 353 1764 423 frater

237 452 304 502 de
330 453 541 505 Grandi
561 455 741 520 valle,
779 456 960 520 quint
992 455 1303 508 doctrinam
1340 470 1462 507 cum
1500 457 1767 522 eloquen-

234 538 315 587 tia
351 539 557 591 habere
595 541 949 591 coniunctam
984 540 1292 607 videretur,
1338 540 1553 593 studuit
1586 556 1763 607 quan-

235 625 349 674 tum
383 626 570 689 potuit
602 640 906 677 sermonem
941 640 1099 678 suum
1134 626 1445 692 phalerare.

338 723 448 760 uc.
488 724 690 763 ranna.
750 710 826 759 Et
858 726 1021 776 quem
1058 710 1313 761 adhibuit
1348 712 1594 763 cultum?

97 794 214 846 §.71.
335 808 591 845 amsuvs
637 810 762 845 no'r.
839 796 1173 848 Universam
1218 796 1536 863 apologiam
1578 797 1761 864 pinxit

229 878 498 944 perbelle.

332 978 445 1015 1Ac.
480 980 678 1017 mann.
740 966 956 1030 Quibus
992 966 1271 1018 coloribus
1306 967 1632 1019 rhetoricis?

333 1066 638 1103 nnvcnmn.
687 1052 1062 1103 Barbarismis
1090 1056 1147 1103 et
1178 1051 1539 1118 aoloecismiS,
1577 1053 1659 1103 ita
1693 1055 1757 1102 ut

227 1136 402 1201 prima
439 1150 659 1201 quoque
695 1136 876 1187 oratio
913 1137 1165 1187 authoris
1198 1136 1467 1202 ineptiam
1500 1138 1639 1188 satis
1666 1152 1753 1186 ar-

228 1224 388 1286 guat3
444 1222 567 1272 illic
622 1220 852 1272 infinitis
907 1237 1068 1287 paene
1119 1226 1175 1273 te
1220 1220 1475 1273 afficiunt
1518 1222 1753 1288 probris·

226 1304 530 1372 Propterea
565 1311 783 1358 oratum
819 1310 878 1357 te
909 1309 1189 1372 venimus,
1224 1311 1287 1357 ut
1322 1306 1394 1357 ad
1431 1321 1751 1372 expugnan-

225 1389 323 1441 dos
375 1390 689 1443 huiusmodi
739 1392 1048 1443 nebulones
1100 1392 1389 1443 nobiscum
1443 1396 1597 1443 ar'ma
1656 1406 1753 1441 ca·-

220 1489 433 1540 pessas.

88 1563 211 1615 §.72
334 1576 446 1613 uc.
483 1576 683 1613 unna.
753 1561 874 1629 Ego
918 1576 1108 1614 eorum
1148 1562 1325 1614 verba
1368 1560 1532 1612 nihili
1574 1561 1753 1626 facio,

221 1661 401 1712 neque
439 1648 660 1699 iniuriis
695 1648 831 1697 mihi
866 1662 1012 1697 curae
1050 1652 1136 1699 est
1169 1647 1523 1714 respondere.

321 1747 576 1785 anasuvs
613 1748 739 1783 nor.
797 1732 1031 1798 Impune
1065 1748 1195 1799 ergo
1231 1734 1339 1784 tibi
1373 1732 1700 1784 detrahent?

323 1832 416 1869 1Ac
453 1833 653 1872 mann.
712 1815 1009 1869 Mordeant
1052 1822 1115 1868 ut
1146 1816 1368 1872 volent:
1411 1816 1745 1885 respondere

219 1920 330 1956 non
354 1903 604 1969 decrevi,
643 1906 700 1954 et
733 1918 832 1955 vos
867 1904 1005 1968 ipsi,
1043 1905 1093 1954 si
1126 1903 1311 1955 verbis
1348 1904 1487 1954 meis
1526 1907 1582 1959 ct
1616 1916 1745 1952 con-

219 1991 347 2041 silio
383 1989 572 2043 velitis
611 1988 1005 2054 acquiescere,
1046 1987 1381 2052 relinquetis
1419 2002 1512 2039 eos
1548 1989 1607 2037 in
1638 2002 1745 2037 sua

217 2076 592 2140 loquacitate,
647 2088 827 2138 neque
880 2070 1426 2127 vanas‘’⁴·huiusmodi
1472 2071 1747 2123 curabitis

215 2161 478 2209 iniurias:
525 2160 685 2209 scitis
731 2160 1001 2224 scriptum
1047 2157 1171 2211 esse
1217 2156 1377 2207 ‘Mihi
1408 2156 1738 2220 vindictam,

218 2246 274 2295 et
311 2258 412 2310 ego
447 2243 786 2294 retribuam'.
1132 2286 1135 2290 Δ

77 2321 198 2373 ὕο73·
320 2342 626 2381 nnvcumu.
685 2326 879 2391 Certe,
915 2326 1173 2392 Erasme‚
1210 2330 1273 2379 ut
1307 2327 1505 2393 paucis
1538 2326 1745 2390 dicam,

213 2416 418 2480 optime
474 2414 610 2463 mihi
662 2412 881 2464 videtur
925 2402 1215 2465 consulere
1258 2414 1444 2464 Faber
1486 2410 1747 2462 doctissi-

211 2514 359 2549 mus:
405 2501 701 2563 propterea
747 2499 798 2549 si
838 2514 924 2548 me
961 2497 1150 2559 audis,
1196 2513 1291 2549 eos
1326 2498 1525 2548 missos
1561 2496 1743 2547 facie-

209 2596 356 2633 mus:
406 2586 658 2647 crepent,
714 2584 1031 2647 increpent,
1090 2582 1359 2646 clament,
1416 2581 1745 2645 reclament,

209 2668 352 2719 nihil
399 2667 471 2718 ad
516 2681 636 2719 nos,
717 2668 766 2717 si
811 2669 1181 2731 tacuerimus,
1226 2665 1439 2718 invidia
1483 2680 1745 2731 rumpen-

207 2755 312 2804 tur.
