1942 3109
291 240 392 293 302
467 254 756 293 aaaron:
783 256 1149 295 onscvnonvn
1176 257 1429 297 vmonvu
1452 258 1628 296 nova.

292 376 492 426 annos,
549 367 647 412 aut
699 361 834 413 duos
881 378 1003 413 eum
1044 363 1296 428 dimidie,
1350 364 1409 415 in
1451 363 1791 431 Magistrum:

291 450 347 497 et
403 447 486 497 sic
543 452 804 513 parentes
865 464 1051 499 eorum
1114 450 1339 500 fuerunt
1407 452 1675 515 contenti,
1740 456 1791 502 et

286 530 526 582 libenter
571 538 938 599 exposuerunt
992 536 1286 599 pecunias:
1344 535 1477 598 quia
1532 534 1791 587 videbant

289 616 432 679 quod
475 616 580 667 filii
621 618 710 668 sui
750 623 1023 683 venerunt
1068 617 1138 669 ad
1180 619 1430 669 honores.
1501 618 1609 670 Sed
1654 635 1793 669 nunc

285 702 574 767 supposita
625 702 821 753 volunt
877 702 1068 753 audire
1112 703 1405 769 Virgilium
1460 707 1516 754 et
1558 703 1791 756 Plinium

287 791 344 837 et
391 786 530 837 alios
586 800 756 838 novos
813 792 1061 838 autores:
1118 792 1173 839 et
1224 787 1361 839 licet
1415 787 1647 839 audiunt
1699 804 1793 855 per

285 871 526 935 quinque
580 871 800 937 Annos,
849 878 1040 924 tamen
1090 888 1200 923 non
1252 877 1665 939 promoventur:
1719 874 1793 924 Et

283 956 364 1005 sie
418 956 636 1021 quando
686 956 975 1009 revertunt
1024 961 1083 1009 in
1139 959 1403 1024 patriam,
1466 958 1655 1009 dicunt
1712 959 1791 1008 eis

282 1047 542 1107 parentes
579 1041 743 1107 ‘Quid
779 1046 888 1095 θεῖ»
924 1044 1278 1111 Respondent
1314 1043 1458 1108 quod
1483 1047 1610 1095 sunt
1632 1042 1791 1107 nihil,

281 1126 379 1177 sed
423 1127 750 1179 studuerunt
793 1130 852 1180 in
893 1130 1075 1181 Poesi.
1162 1131 1317 1180 Tune
1370 1133 1631 1195 parentes
1686 1142 1793 1177 non

280 1212 466 1262 sciunt
510 1211 641 1276 quid
683 1218 786 1264 est.
867 1216 943 1265 Et
990 1214 1207 1279 quando
1251 1213 1443 1265 vident
1486 1212 1631 1278 quod
1686 1228 1794 1264 non

279 1301 410 1347 sunt
444 1296 833 1361 Grammatici,
880 1301 1015 1347 tunc
1058 1302 1188 1348 sunt
1230 1298 1374 1349 male
1422 1300 1671 1349 contenti
1704 1314 1794 1349 su-

241 1405 252 1417 ·
278 1396 378 1447 per
409 1380 566 1431 illam
601 1382 1048 1447 universitatem,
1089 1386 1145 1432 et
1166 1382 1419 1449 penitent
1443 1382 1509 1433 de
1534 1384 1791 1448 pecunia.

278 1465 352 1514 Et
387 1465 577 1515 dieunt
611 1471 806 1531 postea
843 1466 1003 1516 aliis:
1051 1465 1189 1516 ‘Non
1234 1466 1471 1518 mittatis
1519 1467 1662 1519 filios
1698 1484 1790 1521 ve—

279 1553 422 1599 stros
449 1548 520 1599 ad
553 1550 1007 1611 universitatem,
1046 1549 1177 1613 quia
1212 1549 1353 1599 nihil
1388 1550 1635 1616 student,
1675 1559 1789 1605 tru-

278 1635 463 1685 fantes
500 1634 558 1683 in
591 1634 794 1700 plateis
829 1649 928 1700 per
963 1638 1197 1685 noctem.
1260 1639 1317 1685 et
1342 1638 1428 1685 est
1450 1635 1667 1687 inutilis
1694 1655 1791 1705 pe-

279 1718 444 1768 cunia
487 1733 592 1787 que
639 1718 801 1769 datur
856 1719 926 1769 ad
980 1718 1253 1770 studium'.
1332 1720 1407 1769 Et
1461 1720 1601 1771 dixit
1654 1723 1791 1772 mihi

277 1804 515 1869 amplius
560 1804 690 1854 talis
734 1804 1003 1870 Magister
1048 1803 1193 1868 quod
1236 1810 1478 1871 tempore
1524 1821 1622 1858 suo
1666 1808 1789 1857 fue-

273 1894 403 1939 runt
436 1888 577 1940 bene
613 1888 719 1938 duo
755 1888 931 1939 millia
968 1889 1255 1941 studentes
1290 1891 1349 1941 in
1382 1891 1683 1957 Liptzicgk
1732 1898 1793 1943 et

272 1972 530 2040 Erfordie
573 1972 823 2038 totidem,
873 1978 929 2025 et
961 1976 1178 2041 Vienne
1225 1981 1461 2040 quatuor
1504 1977 1683 2027 millia
1732 1980 1791 2029 et

274 2057 502 2125 Coloniq
539 2059 706 2110 etiam
739 2063 851 2124 tot,
891 2064 946 2111 et
980 2060 1065 2110 sie
1100 2060 1167 2110 de
1205 2059 1353 2114 aliis.
1413 2061 1571 2112 Nune
1597 2066 1786 2112 autem

179 2188 194 2195 -
269 2143 328 2193 in
372 2144 621 2194 omnibus
663 2146 1122 2196 universitatibus
1166 2159 1275 2195 non
1330 2150 1457 2196 sunt
1512 2150 1597 2196 tot
1654 2162 1788 2212 sup-

268 2228 452 2292 posita
499 2228 646 2277 sic-ut
687 2234 820 2279 tuno
864 2230 924 2278 in
965 2244 1079 2279 una
1125 2236 1223 2279 aut
1256 2228 1487 2281 duabus.
1557 2230 1632 2280 Et
1666 2246 1787 2281 ma·

268 2312 430 2377 gistri
472 2312 772 2377 Lipsenses
825 2328 971 2363 nuno
1025 2312 1190 2365 valde
1249 2319 1658 2379 conqueruntur
1712 2316 1785 2365 de

266 2397 550 2463 paucitate
585 2398 1005 2463 suppositorum.
1067 2400 1213 2462 Quia
1246 2405 1408 2465 poete
1445 2399 1661 2449 faciunt
1698 2400 1785 2450 eis

266 2481 539 2533 damnum.
596 2484 672 2533 Et
706 2482 924 2547 quando
947 2489 1206 2549 parentes
1229 2485 1455 2533 mittunt
1478 2481 1622 2531 filios
1647 2496 1783 2534 suos

265 2568 323 2617 in
356 2567 556 2617 bursas
601 2571 657 2617 et
703 2567 968 2633 collegia,
1015 2582 1123 2617 non
1165 2567 1361 2618 volunt
1406 2567 1484 2617 ibi
1529 2582 1779 2633 manere,

265 2650 361 2703 sed
393 2652 604 2703 vadunt
641 2650 711 2701 ad
743 2656 938 2716 poetas
977 2656 1033 2702 et
1068 2650 1290 2701 student
1322 2652 1625 2714 nequitias.
1699 2654 1779 2703 Et

263 2736 405 2787 dixit
439 2737 573 2786 mihi
608 2736 748 2801 quod
785 2737 902 2802 ipse
937 2735 1201 2801 Liptzigk
1236 2735 1367 2787 olim
1401 2736 1597 2789 habuit
1632 2753 1775 2803 qua-
