1942 3109
245 187 342 240 138
379 203 759 238 PEPmucomu
786 201 1028 238 DEFENS.
1044 201 1265 238 CONTRA
1288 201 1490 237 FAMos.
1508 201 1561 236 0..
1575 202 1638 237 V.
1654 204 1785 242 EPP.

240 309 442 360 inanis'
481 311 556 361 ,et
581 323 628 359 c.
698 307 821 375 Hec
857 311 914 358 et
957 307 1073 358 alia
1118 306 1293 356 multa
1336 307 1667 373 sepiuscule
1714 327 1785 361 ex

241 395 357 445 filio
416 393 738 460 intelligens
794 408 1054 460 magnam
1107 391 1469 457 proculdubio
1518 407 1685 457 spem
1731 399 1787 446 et

242 480 617 530 doctrinarum
654 482 712 528 et
747 478 1065 546 eloquentie
1083 471 1166 528 ‘de
1203 481 1317 528 tam
1351 479 1603 542 ingenuo
1654 480 1787 530 ado-

243 565 494 615 lescente
531 564 786 630 concepi,
822 565 906 615 ita
943 564 1112 614 etiam
1147 568 1210 613 ut
1244 577 1351 631 que
1388 577 1491 627 ego
1518 563 1785 614 indoctus

244 652 436 702 facere
463 653 573 700 non
597 665 843 714 possum,
868 651 990 714 ipse
1015 647 1238 699 tandem
1262 646 1535 713 perficiat.
1580 639 1640 698 ([
1668 651 1787 700 Non

243 740 428 786 errent
462 737 634 801 igitur
681 733 956 799 (obsecro)
1004 731 1213 784 diutius
1247 731 1645 802 Rcuchliniste
1696 737 1781 800 qui

243 821 421 870 indies
483 819 642 882 (licet
699 821 940 870 fortasse
1002 815 1346 883 ignoranter)
1400 816 1594 870 dicere
1660 836 1779 872 con-

243 911 544 956 sueverunt
578 919 662 954 me
701 904 912 966 absque
945 903 1335 968 magistrorum
1358 904 1685 954 nostrorum
1705 905 1778 954 in-

241 991 546 1056 stigatione
593 1003 785 1040 sacras
831 988 1053 1039 litteras
1112 989 1284 1038 citare
1340 1002 1452 1036 non
1508 991 1781 1053 potuisse.

241 1075 490 1126 Deleant
547 1089 764 1138 quoque
823 1089 1010 1124 omnes
1064 1072 1151 1122 illi
1207 1072 1302 1135 qui
1347 1071 1496 1122 falso
1546 1073 1782 1122 circum-

243 1159 518 1222 tulerunt,
558 1157 702 1222 quod
735 1161 960 1223 propter
983 1157 1380 1222 scripturarum
1406 1156 1775 1221 allegationes

244 1261 423 1295 meum
458 1242 718 1294 manuale
755 1242 1042 1309 speculum
1088 1243 1157 1292 ab
1206 1240 1413 1292 eisdem
1459 1241 1785 1298 doctoribus

244 1333 301 1380 et
339 1331 704 1394 compositum
743 1332 799 1380 et
833 1329 1197 1378 subornatum
1232 1326 1396 1378 foret.
1464 1326 1789 1378 Erubescat

245 1415 414 1464 etiam
453 1417 508 1462 et
541 1415 600 1462 in
639 1416 890 1480 eternum
923 1412 1261 1477 ingemiscat
1294 1411 1537 1461 Ioannes
1564 1411 1786 1464 Reueh-

244 1498 356 1559 lin,
403 1497 498 1560 qui
543 1497 603 1545 in
649 1510 751 1544 sua
797 1495 1145 1546 defensione'
1170 1493 1263 1558 (ex
1308 1510 1418 1558 qua
1464 1495 1627 1546 mille
1668 1514 1784 1564 pro-

246 1583 422 1631 fluunt
443 1577 757 1643 mendacia)
785 1579 841 1628 in
866 1578 1058 1630 littera
1082 1578 1129 1632 23
1156 1579 1293 1630 folio
1319 1580 1495 1644 primo
1523 1580 1785 1631 columna

249 1666 426 1732 prima
463 1665 684 1715 mentiri
720 1679 830 1713 non
868 1663 1091 1714 erubuit
1126 1668 1182 1714 et
1207 1665 1327 1714 sine
1352 1664 1791 1729 probationibus

246 1752 434 1803 dicere
462 1749 608 1815 quod
632 1748 889 1801 doctores
913 1752 1088 1800 nostri
1112 1750 1171 1798 in
1196 1748 1389 1800 eodem
1410 1747 1559 1800 libro
1592 1751 1793 1798 multis

248 1854 370 1888 eum
406 1837 670 1906 lesissent
705 1834 1019 1886 calumniis.
1086 1835 1226 1884 Nam
1258 1837 1321 1884 ut
1344 1835 1534 1884 omnia
1558 1833 1797 1900 probem

251 1921 590 1984 rationibus,
629 1920 826 1972 Testor
860 1918 1021 1969 deum
1058 1921 1115 1970 ct
1152 1919 1559 1969 conscientiam
1596 1923 1661 1969 et
1701 1921 1797 1972 ad-

249 2009 370 2059 iuro
395 2006 557 2061 deum
579 2006 795 2070 vivum,
835 2003 981 2068 quod
1003 2002 1263 2054 manuale
1289 2018 1469 2052 meum
1492 2005 1799 2067 speculum

253 2093 341 2156 (de
381 2108 488 2156 quo
525 2107 656 2158 sepe
694 2087 841 2155 apud
875 2088 1070 2141 doctos
1106 2089 1214 2139 fuit
1250 2087 1561 2150 contentio)
1602 2105 1790 2162 neque

253 2178 611 2242 compositum
657 2175 730 2223 sit
766 2173 996 2238 Colonie
1040 2188 1219 2237 neque
1255 2173 1602 2238 impressum.
1688 2175 1805 2225 Ubi

252 2263 415 2326 ergo?
472 2275 556 2308 me
615 2257 738 2319 quis
785 2258 960 2320 roget.
1040 2257 1329 2325 Moguntie
1372 2257 1627 2320 inquam.
1728 2260 1807 2309 Et

253 2345 376 2410 quis
423 2345 529 2394 tibi
577 2345 660 2391 tot
705 2340 1079 2407 allegationes
1135 2342 1536 2407 scripturarum
1592 2342 1805 2394 dedit?

250 2429 348 2480 Illi
380 2430 630 2495 profecto
667 2430 780 2478 tres
831 2426 1179 2478 celeberrimi
1224 2425 1635 2490 iustissimique
1689 2431 1809 2480 viri

189 2533 200 2539 -
253 2513 318 2562 de
367 2513 566 2574 quibus
612 2512 822 2561 dictum
869 2516 954 2562 est
998 2528 1193 2578 supra,
1251 2513 1346 2575 qui
1402 2527 1470 2560 ex
1514 2513 1805 2564 mandato

253 2596 592 2644 serenissimi
637 2596 987 2660 imperatoris
1036 2596 1273 2646 omnium
1319 2594 1561 2644 consilia
1598 2600 1809 2659 perlu-

255 2682 498 2728 strantes
535 2679 710 2728 solam
747 2679 922 2742 ipsius
947 2679 1168 2728 Fumuli
1206 2678 1685 2730 consultationem
1714 2699 1811 2733 re—
