1942 3109
259 234 360 286 294
425 247 714 283 musrouz
751 246 1120 283 onscvnonvu
1142 246 1396 283 vntonvu
1420 246 1596 283 novas.

259 351 542 403 formando
565 351 904 417 Argumenta
931 354 1151 416 contra,
1190 355 1245 402 et
1280 352 1537 403 solvendo
1574 356 1774 417 postea

259 442 316 489 et
353 437 624 488 eliciendo
651 435 987 499 Corollaria3
1026 435 1123 487 sed
1154 437 1479 502 simpliciter
1501 438 1772 503 procedit.

256 523 331 573 Et
378 538 507 588 ergo
552 522 743 586 miror,
793 520 938 586 quod
982 520 1221 572 libenter
1256 520 1485 573 audiant
1518 522 1771 591 predica·

257 608 436 659 tiones
471 608 592 659 eius
607 645 622 672 ‚
659 622 779 657 cum
803 610 989 657 tamen
1010 621 1120 656 non
1146 610 1231 657 est
1254 606 1565 657 artificialis
1590 609 1772 676 predi-

261 696 444 743 cator:
484 708 584 757 ego
613 691 975 757 consyderavi
996 694 1055 740 in
1080 690 1287 742 duobus
1312 692 1571 756 passibus
1586 732 1599 757 ,
1626 694 1771 758 quod

257 793 366 827 non
402 780 488 829 est
519 778 660 827 bene
695 777 1103 827 intentionatus
1138 791 1269 841 erga
1304 776 1613 843 religiosos.
1673 777 1770 829 Se·

257 862 364 913 mel
401 860 616 926 quando
652 862 944 927 incepistis
979 876 1079 913 vos
1106 860 1462 913 colonienses
1496 877 1607 913 una
1644 878 1768 913 cum

258 946 448 997 ordine
465 950 652 998 nostro
680 947 1075 1017 universaliter
1098 948 1263 997 istam
1282 946 1617 998 laudabilem
1636 962 1764 996 con-

257 1019 562 1083 tentionem
599 1036 792 1083 contra
827 1032 1127 1083 Iohannem
1160 1032 1460 1083 Reuchlin:
1497 1036 1628 1082 tunc
1664 1047 1764 1097 ego

257 1118 479 1185 portavi
515 1118 566 1167 ei
602 1132 768 1167 unam
804 1117 1151 1182 schedulam,
1198 1118 1257 1167 in
1302 1132 1411 1181 qua
1460 1120 1581 1167 erat
1614 1131 1765 1166 man-

255 1202 445 1253 datum
501 1205 694 1252 contra
747 1202 1050 1253 Iohannem
1100 1202 1372 1252 Reuchlin
1428 1201 1572 1265 quod
1626 1200 1769 1253 liber

255 1302 386 1338 suus
421 1287 649 1338 deberet
685 1287 926 1336 comburi
967 1292 1023 1336 et
1058 1288 1177 1350 ipse
1216 1286 1381 1337 debet
1415 1286 1541 1351 cogi
1576 1285 1648 1335 ad
1680 1302 1767 1337 re-

253 1372 621 1422 vocationem.
689 1370 764 1420 Et
807 1369 923 1419 dixi
969 1370 1023 1421 ei
1066 1370 1211 1419 sicut
1252 1370 1389 1419 mihi
1424 1370 1768 1421 commissum

255 1472 290 1507 a
334 1456 667 1521 provinciali
710 1458 902 1505 nostro
949 1453 1179 1504 ‘Eximie
1234 1452 1448 1505 domine
1495 1453 1770 1520 Magister

253 1544 470 1603 noster,
509 1540 600 1588 hic
635 1540 806 1589 habet
839 1537 1127 1587 eximietas
1163 1541 1351 1588 vestra
1398 1553 1565 1587 unum
1609 1555 1765 1591 man-

255 1624 443 1675 datum
479 1623 623 1687 quod
645 1622 915 1673 Reuchlin
953 1628 1039 1673 est
1073 1622 1349 1688 hereticus
1387 1626 1443 1673 et
1476 1622 1619 1673 liber
1646 1626 1767 1677 eius

254 1710 419 1760 debet
473 1709 734 1760 comburi.
811 1708 959 1773 Ergo
1014 1708 1203 1759 velitis
1256 1708 1543 1773 publicare
1601 1725 1766 1775 super

255 1793 553 1845 cancellis:
593 1796 649 1844 et
685 1810 806 1844 cum
842 1794 947 1844 hoc
982 1808 1237 1859 rogamus
1273 1809 1371 1844 vos
1408 1793 1552 1857 quod
1576 1794 1761 1846 velitis

253 1883 403 1931 stare
461 1879 746 1929 nobiscum
809 1882 1001 1930 contra
1058 1878 1365 1945 predictum
1423 1879 1763 1947 hereticum'.

253 1965 409 2015 Tunc
441 1964 561 2029 ipse
596 1964 736 2030 legit
768 1964 1085 2014 mandatum
1106 1964 1181 2014 Et
1202 1968 1397 2029 postea
1430 1964 1603 2014 dixit:
1642 1963 1764 2029 ‘ego

253 2066 363 2101 non
395 2050 556 2101 video
591 2050 701 2099 nisi
737 2049 882 2113 quod
919 2053 1005 2099 est
1038 2048 1355 2099 mandatum
1381 2047 1527 2113 quod
1554 2047 1760 2113 Specu-

252 2136 364 2187 lum
403 2134 640 2185 Oculare
685 2150 795 2185 non
849 2134 1015 2185 debet
1065 2134 1230 2185 vendi
1284 2134 1532 2200 publice,
1588 2148 1765 2197 usque

255 2219 324 2269 ad
363 2218 730 2284 cognitionem
767 2221 823 2269 et
857 2217 1192 2268 decisionem
1233 2217 1430 2284 Cause.
1500 2219 1618 2283 Ego
1654 2234 1765 2269 non

251 2304 507 2368 intelligo
563 2302 708 2367 quod
749 2301 1024 2353 Reuchlin
1076 2302 1241 2353 debet
1292 2302 1405 2352 diei
1449 2304 1763 2369 hereticus&

250 2376 557 2454 Respondi,
605 2386 749 2451 quod
792 2388 1125 2453 presumitur
1172 2402 1239 2437 ex
1276 2402 1381 2451 quo
1428 2388 1763 2453 prohibitum

255 2478 339 2525 est
373 2472 516 2537 quod
551 2473 692 2524 liber
727 2487 858 2523 suus
895 2487 1004 2523 non
1042 2470 1205 2523 debet
1235 2472 1427 2536 vendi,
1478 2476 1535 2523 et
1571 2473 1766 2539 rogavi

254 2574 376 2611 eum
411 2557 556 2621 quod
588 2557 711 2608 vult
748 2572 971 2608 causam
1006 2560 1250 2608 nostram
1288 2556 1665 2609 commendare
1702 2559 1763 2608 in

255 2642 539 2693 cancellis.
608 2642 938 2708 Responditz
985 2642 1345 2693 ‘Permittetis
1378 2656 1463 2691 me
1498 2642 1557 2691 in
1591 2658 1761 2707 pace:

253 2745 354 2796 ego
399 2744 516 2779 sum
561 2727 651 2779 hic
698 2728 841 2793 quod
877 2728 1049 2779 debeo
1084 2726 1356 2779 seminare
1390 2726 1617 2777 verbum
1652 2726 1760 2792 dei,
