1942 3109
319 231 452 266 vot..
481 233 520 266 1.
593 227 656 266 ιι.
696 231 977 266 connsnn
1016 201 1473 266 rnuns‘rnxmcis.
1599 213 1659 266 31

127 335 506 399 fundissim03‚
541 341 604 385 ut
629 340 760 386 sunt
781 336 1041 400 magistri
1066 337 1277 385 nostri?
1312 335 1411 386 sed
1435 337 1541 400 ipsi
1572 351 1661 386 su-

125 421 388 483 perbiunt
411 425 636 485 propter
659 437 760 471 sua
784 425 983 472 metra.
1054 421 1177 486 Ego
1217 422 1385 470 etiam
1421 424 1539 470 scio
1574 421 1660 470 fa-

128 521 256 554 cere
293 509 472 554 metra
508 511 564 554 et
587 504 910 569 dictamina,
949 506 1085 568 quia
1120 506 1233 570 legi
1270 507 1437 556 etiam
1462 521 1661 556 novum

123 590 365 639 latinum
399 590 602 640 idioma
637 591 898 655 Magistri
943 591 1241 640 Laurentii
1278 589 1530 654 Corvini,
1602 597 1659 640 et

119 677 546 737 grammaticam
569 675 912 736 Brassicani,
939 679 997 724 et
1020 675 1307 726 Valetium
1338 675 1653 738 Maximum,

123 764 182 807 et
207 759 356 808 alios
379 765 592 822 poetas.
640 759 714 807 Et
741 759 1043 823 compilavi
1078 775 1253 823 nuper
1278 761 1334 807 in
1358 760 1453 810 via
1478 761 1655 811 eundo

123 859 292 892 unum
319 843 598 894 dictamen
633 845 924 893 metricum
950 847 1149 893 contra
1175 844 1313 893 istos
1339 844 1443 900 hoc
1468 845 1653 894 modo:

191 928 337 976 Sunt
371 928 662 994 Magantie
699 930 759 977 in
793 929 1025 993 publica
1064 926 1299 991 Corona,

189 1013 256 1060 In
293 1028 406 1075 qua
441 1029 618 1076 nuper
651 1013 886 1062 dormivi
923 1014 979 1061 in
1018 1013 1245 1078 propria
1281 1030 1537 1078 persona,

189 1097 320 1144 Duo
359 1097 644 1146 indiscreti
679 1099 919 1147 bufones

193 1179 262 1228 In
289 1181 579 1244 magistros
604 1187 822 1232 nostros
849 1183 1303 1232 irreverentiales
1328 1184 1649 1249 nebuloneS,

139 1267 302 1328 5Qui
348 1265 554 1316 audent
597 1267 1002 1332 reprehendere
1039 1269 1335 1331 magistros
1379 1270 1435 1317 in
1472 1269 1649 1319 Theo-

835 1353 1009 1417 logia,

186 1437 460 1498 Quamvis
495 1437 603 1500 ipsi
625 1453 734 1486 non
759 1441 890 1486 sunt
913 1439 1148 1501 promoti
1173 1437 1228 1486 in
1253 1437 1647 1502 Philosophia3

185 1521 306 1569 Nec
345 1521 531 1568 sciunt
566 1523 624 1569 in
659 1521 866 1570 scholis
904 1522 1214 1572 formaliter
1248 1523 1549 1587 disputare,

183 1604 264 1651 Et
309 1620 378 1654 ex
423 1620 535 1653 una
585 1605 939 1656 conclusione
986 1606 1161 1655 multa
1201 1608 1497 1657 corollaria
1534 1609 1645 1658 for-

831 1705 1013 1750 mare3

185 1773 266 1823 Ut
299 1773 468 1822 docet
499 1773 997 1838 fundamentaliter
1030 1773 1219 1824 doctor
1255 1777 1506 1826 subtilis:

115 1869 164 1907 ιο
185 1859 300 1920 Qui
340 1860 642 1907 contemnit
679 1875 801 1908 eum
839 1864 924 1908 est
960 1859 1187 1908 multum
1224 1860 1382 1910 vilis:

181 1942 262 1991 Ut
310 1941 648 1992 concludunt
695 1943 1020 2005 quodlibeta
1065 1943 1305 1994 doctor-is
1342 1945 1641 2010 irrefraga-

825 2027 979 2088 bilis,

180 2112 294 2172 Qui
331 2115 418 2161 est
451 2112 508 2160 in
543 2113 799 2160 scientiis
837 2125 946 2160 non
984 2113 1403 2178 expugnabilis:

178 2195 256 2242 Et
289 2211 396 2244 non
435 2196 622 2244 sciunt
659 2195 790 2258 quid
829 2200 916 2244 est
952 2194 1143 2245 doctor
1179 2197 1535 2260 Seraphicus,

177 2277 314 2328 Sine
352 2295 458 2342 quo
494 2281 682 2330 nullus
721 2279 782 2328 fit
816 2280 993 2328 bonus
1028 2279 1315 2331 Phisicus:

109 2373 158 2412 15
177 2363 252 2411 Et
288 2365 385 2427 qui
419 2365 700 2414 veraciter
735 2363 962 2425 scribit,
1002 2363 1193 2414 doctor
1226 2369 1476 2429 sanctum,

171 2447 240 2496 In
275 2447 582 2498 Aristotele
621 2452 678 2496 et
713 2446 1021 2510 Porphyrio
1055 2452 1265 2511 tantus,

175 2531 334 2593 Quod
367 2532 523 2582 solus
559 2537 712 2582 recte
751 2532 979 2594 exponit
1002 2534 1243 2595 quinque
1270 2535 1637 2593 universalia,

175 2617 296 2683 Que
330 2617 598 2666 dicuntur
635 2618 806 2665 etiam
846 2616 1091 2679 quinque
1127 2617 1523 2682 predicabilis:

175 2699 406 2764 O-quam
426 2702 602 2750 breve
631 2701 926 2748 continuat
946 2698 1122 2747 libros
1140 2695 1648 2761 predicamentales
