1942 3109
333 219 463 254 vot..
505 219 546 252 1.
619 213 690 252 22.
731 216 1033 252 anianum
1075 215 1465 254 sculnnuenn.
1600 202 1665 253 61

231 322 574 372 Honorande
608 323 726 385 vir,
762 321 993 372 notifico
1028 322 1191 373 vobis
1229 321 1371 386 qued
1404 338 1512 374 non
1546 337 1667 374 sum

137 408 372 459 libenter
405 408 523 470 hie,
564 411 622 458 et
654 407 873 474 penitet
905 423 997 458 me
1036 405 1185 471 quod
1218 423 1327 457 non
1358 411 1537 459 mansi
1562 409 1665 459 Co—

135 493 280 560 lonie
305 491 455 558 apud
475 507 602 556 vos,
629 493 728 542 ubi
747 493 906 557 potui
926 491 1131 542 melius
1155 492 1437 557 proficere.
1470 494 1546 543 Et
1565 510 1669 544 vos

131 578 456 642 potuissetis
501 593 592 626 me
637 577 830 626 facere
865 578 1073 628 bonum
1114 577 1347 642 loieum,
1394 581 1451 629 et
1496 580 1665 630 etiam

131 678 225 727 pro
260 667 422 727 parte
459 666 707 727 poetam.
777 661 852 711 Et
883 665 944 711 in
982 661 1219 712 Colonia
1254 666 1383 712 sunt
1416 662 1667 714 homines

130 748 344 812 devoti,
393 751 452 797 et
489 747 734 797 libenter
767 747 1005 799 visitant
1040 747 1341 810 eeclesias,
1390 750 1444 796 et
1477 748 1537 796 in
1572 747 1666 798 do-

131 834 338 882 minica
374 832 593 882 vadunt
629 830 702 880 ad
737 847 1061 882 sermonem.
1134 832 1209 883 Et
1242 847 1353 882 non
1386 837 1473 882 est
1508 837 1667 882 tanta

129 917 400 982 superbia
447 917 599 966 sieut
643 915 754 964 hie.
827 915 1133 982 Supposita
1170 931 1281 966 non
1326 917 1543 968 faciunt
1576 933 1665 968 re-

129 1003 446 1053 verentiam
480 1001 788 1065 magistris,
827 1005 882 1051 et
913 1001 1171 1066 magistri
1203 1015 1311 1050 non
1334 1001 1545 1054 habent
1570 1002 1667 1052 ad·

128 1088 472 1138 vei-tentiam
507 1085 576 1134 ad
609 1085 920 1150 supposita,
965 1091 1025 1136 et
1058 1087 1283 1136 mittunt
1305 1103 1398 1136 eos
1422 1088 1505 1136 ire
1530 1101 1665 1148 quo-

137 1170 298 1220 modo
321 1170 542 1221 volunt:
579 1175 634 1220 et
659 1187 774 1221 non
797 1173 1028 1236 portant
1054 1171 1297 1234 caputia.
1346 1170 1421 1220 Et
1445 1171 1664 1236 quando

134 1260 264 1306 sunt
295 1256 356 1306 in
391 1256 580 1305 zechis
617 1255 691 1305 ad
725 1256 930 1319 vinum,
969 1261 1105 1306 tune
1140 1256 1326 1306 iurant
1359 1272 1459 1322 per
1480 1256 1661 1319 deum,

135 1346 190 1391 et
207 1341 610 1406 blasphemant
645 1343 701 1389 et
723 1340 946 1390 faciunt
968 1339 1144 1390 multa
1168 1341 1455 1391 seandala.
1504 1340 1665 1390 Sicut

131 1439 310 1490 nuper
351 1439 499 1474 unus
535 1423 676 1473 dixit
709 1423 854 1488 quod
889 1439 1001 1474 non
1038 1424 1214 1475 eredit
1236 1462 1249 1488 ,
1288 1424 1433 1488 quod
1468 1425 1665 1474 tunica

131 1510 338 1558 domini
373 1509 434 1558 in
467 1507 731 1558 Treveris
769 1513 916 1558 esset
948 1509 1143 1559 tunica
1167 1509 1388 1574 domini,
1426 1509 1525 1562 sed
1548 1524 1661 1560 una

133 1593 370 1656 antiqua
405 1597 461 1643 et
483 1591 809 1656 pediculosa
833 1594 1037 1644 vestis:
1074 1597 1132 1644 et
1153 1609 1265 1645 non
1290 1593 1467 1645 eredit
1488 1596 1661 1645 etiam

133 1677 280 1742 quod
329 1677 500 1726 erinis
534 1678 701 1743 beate
734 1678 972 1742 virginis
1010 1682 1097 1728 est
1135 1677 1314 1728 adhue
1346 1680 1407 1728 in
1441 1677 1659 1728 mundo.

127 1763 204 1812 Et
235 1777 380 1812 unus
407 1760 551 1810 alter
574 1759 732 1825 dixit,
769 1761 914 1826 quod
939 1762 1211 1828 possibile
1236 1768 1340 1828 est,
1379 1761 1525 1827 quod
1548 1767 1663 1812 tres

127 1861 292 1912 reges
327 1847 388 1894 in
425 1843 658 1894 Colonia
692 1850 820 1895 sunt
841 1850 956 1896 tres
982 1846 1183 1897 rustici
1206 1863 1274 1898 ex
1296 1846 1659 1911 Vestphalia;

131 1937 188 1981 et
221 1930 371 1994 quod
404 1929 626 1994 gladius
663 1933 718 1980 et
754 1929 970 1995 clipeus
1010 1932 1193 1981 saneti
1215 1931 1513 1992 Michaelis
1550 1945 1663 1980 non

131 2019 260 2065 sunt
297 2013 368 2064 ad
407 2017 664 2064 sanetum
695 2010 1049 2065 Michaelem.
1118 2015 1305 2064 Etiam
1340 2015 1481 2065 dixit
1516 2015 1663 2080 quod

131 2098 306 2162 vellet
347 2098 600 2150 merdare
650 2113 816 2163 super
849 2097 1499 2164 indulgentias'fratrum
1532 2115 1661 2166 pre—

132 2183 454 2248 dicatorum,
483 2183 619 2247 quia
639 2183 750 2249 ipsi
773 2187 962 2234 essent
984 2183 1238 2254 bufones,
1266 2187 1321 2234 et
1338 2181 1663 2250 deciperent

133 2269 390 2319 mulieres
427 2271 486 2318 et
508 2268 764 2318 rusticos.
835 2267 997 2316 Tune
1020 2281 1123 2332 ego
1148 2265 1289 2316 dixi:
1328 2266 1431 2316 ‘Ad
1452 2269 1658 2334 ignem,

137 2352 208 2402 sd
237 2353 422 2418 ignem
461 2366 590 2400 eum
619 2353 726 2402 isto
761 2350 1060 2418 heretieo':
1098 2353 1155 2400 et
1190 2351 1308 2416 ipse
1334 2349 1529 2402 derisit
1550 2368 1655 2404 me.

131 2435 249 2502 Ego
282 2452 420 2488 vero
457 2435 602 2485 dixi:
639 2435 718 2487 ‘tu
751 2433 1001 2497 ribaldo,
1036 2439 1097 2484 tu
1130 2433 1361 2484 deberes
1396 2437 1539 2488 talia
1572 2437 1657 2485 di-

135 2536 287 2584 cere,
335 2519 488 2584 quod
527 2521 796 2584 magister
828 2522 1017 2569 noster
1049 2518 1423 2569 Hoehstratus
1458 2521 1517 2570 in
1552 2519 1660 2568 Co-

131 2604 286 2655 lonia
321 2603 576 2666 audiret,
609 2603 706 2666 qui
741 2606 825 2652 est
857 2603 1159 2666 inquisitor
1190 2603 1436 2669 heretice
1472 2602 1658 2667 pravi-

136 2690 308 2740 tatis’.
381 2689 545 2738 Tunc
592 2685 762 2734 dixit:
803 2685 1197 2734 ‘Hoehstratus
1244 2689 1335 2732 est
1374 2698 1489 2731 una
1535 2691 1667 2727 exe⁸
