1942 3109
389 242 509 277 vor„
545 245 582 278 1.
653 241 718 280 16.
757 245 1057 280 aurnum
1102 242 1505 278 autumnans.
1652 229 1719 282 43

190 345 294 394 bite
336 347 459 396 mihi
503 353 685 398 tamen
720 354 963 414 propter
1012 347 1185 396 deum
1220 347 1483 409 quomodo
1522 351 1718 402 statis:

181 446 276 480 vos
310 432 492 480 facitis
524 433 658 482 mihi
693 449 972 499 magnam
1011 434 1339 496 angustiam
1362 441 1419 482 et
1440 449 1549 484 non
1572 435 1713 486 indi-

178 517 334 579 getis.
403 515 508 566 Sed
540 533 640 581 pro
677 534 834 568 nunc
873 516 1203 568 commendo
1227 531 1327 566 vos
1350 516 1567 569 domino
1592 519 1714 569 deo.

177 599 366 649 Valete
399 602 457 650 in
493 601 737 654 Christo.
811 604 1033 652 Datum
1068 601 1497 668 Franckfurdie.

900 818 999 876 16.

405 920 839 1000 Mattheus
884 918 1479 986 Mellilambius

735 1039 989 1090 Salutem
1027 1039 1165 1089 dicit

461 1141 814 1206 Magistro
855 1141 1142 1192 Ortvino
1181 1141 1435 1191 Gratio.

263 1277 784 1340 Quoniamquidem
843 1293 1058 1340 semper
1116 1277 1201 1326 fui
1260 1279 1469 1329 amicus
1529 1285 1717 1348 vestre

151 1361 574 1412 dominationis
615 1366 670 1410 et
705 1362 1005 1425 procuravi
1037 1365 1281 1412 vestrum
1316 1364 1549 1413 bonum:
1587 1381 1719 1429 ergo

159 1446 337 1496 etiam
398 1462 558 1497 nunc
603 1445 732 1496 volo
777 1460 877 1496 vos
925 1446 987 1494 in
1030 1447 1236 1497 vestris
1284 1446 1719 1498 adversitatibus

159 1531 470 1593 cavinam,
518 1533 576 1580 et
619 1529 747 1580 volo
792 1530 850 1578 in
892 1536 1086 1582 vestra
1132 1531 1355 1581 fortuna
1391 1549 1513 1583 esse
1551 1533 1719 1600 letus,

161 1616 224 1662 et
269 1614 334 1662 in
383 1615 694 1664 infortunio
740 1615 946 1666 tristis:
998 1615 1132 1678 quia
1179 1630 1277 1666 vos
1325 1618 1459 1666 estis
1506 1619 1720 1666 amicus

161 1713 362 1761 meus,
413 1702 474 1748 et
507 1713 632 1747 cum
667 1698 860 1748 amicis
895 1699 1163 1749 debemus
1198 1715 1323 1752 esse
1357 1701 1463 1768 leti
1498 1700 1721 1765 quando

163 1782 462 1850 letantur,
519 1787 580 1832 et
635 1783 957 1833 contristari
1006 1781 1223 1846 quando
1268 1786 1599 1848 tristantur,
1658 1790 1722 1834 ut

167 1869 383 1918 scribit
417 1867 667 1930 Tullius,
715 1869 970 1931 quamvis
1018 1871 1105 1916 est
1151 1868 1382 1933 gentilis
1429 1872 1486 1918 et
1530 1873 1717 1934 poeta.

170 1951 364 2016 Igitur
411 1953 710 2002 manifesto
754 1953 918 2003 vobis
967 1951 1113 2015 quod
1156 1952 1249 2002 hic
1294 1953 1517 2004 habetis
1552 1967 1721 2003 unum

171 2035 466 2088 inimicum
499 2036 665 2086 valde
701 2037 1063 2099 malitiosum,
1102 2037 1197 2100 qui
1221 2036 1359 2085 dicit
1380 2037 1556 2087 multa
1574 2039 1721 2088 vitu-

169 2124 338 2184 peria
375 2125 582 2172 contra·
607 2121 1043 2171 dominationem
1079 2123 1351 2183 vestram3
1401 2125 1459 2170 et
1490 2137 1721 2189 presup-

175 2209 338 2269 ponit
369 2207 550 2256 multa
585 2205 866 2258 extollens
903 2220 966 2254 se
991 2205 1050 2254 in
1072 2206 1333 2270 superbia
1357 2221 1476 2271 sua,
1504 2212 1561 2257 et
1584 2205 1723 2256 dicit

177 2305 370 2341 coram
403 2291 660 2342 omnibus
699 2287 848 2354 quod
885 2289 1023 2339 estis
1058 2292 1305 2354 spurius,
1344 2294 1401 2340 et
1422 2295 1602 2342 mater
1624 2307 1721 2341 ve-

177 2379 296 2426 stra
320 2380 406 2428 est
422 2375 707 2438 meretriX‚
743 2378 802 2424 et
820 2375 985 2437 pater
1002 2379 1187 2424 vester
1205 2376 1513 2448 presbyter.
1560 2378 1719 2426 Tunc

179 2477 284 2526 ego
309 2462 450 2511 steti
468 2477 570 2524 pro
596 2460 779 2521 vobis,
819 2461 874 2508 et
898 2457 1039 2507 dixi:
1078 2457 1311 2509 ‘domine
1337 2459 1721 2518 hamalant-ie,

177 2546 270 2596 vel
313 2545 566 2610 qualiter
613 2544 751 2592 estis
790 2542 1176 2606 qualificatus,
1229 2559 1330 2594 vos
1367 2545 1503 2594 estis
1542 2544 1724 2594 adhuc

180 2630 404 2680 iuvenis
451 2633 512 2678 et
559 2643 673 2676 non
717 2625 996 2678 deberetis
1040 2629 1361 2691 vituperare
1406 2628 1723 2689 magistros.

185 2715 360 2780 Quia,
408 2717 475 2764 ut
523 2711 791 2776 scriptum
825 2710 1063 2762 habetur
1098 2712 1158 2760 iu
1194 2709 1519 2773 evangelio:
1572 2701 1734 2762 „Non
