1942 3109
609 235 676 279 28.
701 238 1026 277 stannum
1054 240 1261 279 annu.
1586 226 1687 279 249

176 347 329 397 bruni
369 345 464 408 qui
499 345 822 395 intitulatur
853 345 1105 413 Epistola
1132 347 1498 399 Obscurorum
1532 348 1678 399 viro-

175 448 320 495 rum,
359 434 415 480 et
448 430 684 480 multum
718 428 958 481 delectat
991 447 1077 482 me
1114 432 1329 497 quando
1366 432 1516 499 lego,
1551 434 1685 499 quia

109 575 117 581 Α
175 520 258 567 est
279 514 612 567 notabiliter
637 515 808 567 bonus
825 552 840 577 ,
865 515 1074 567 habens
1100 518 1158 567 in
1181 532 1239 569 se
1264 517 1332 567 de
1358 516 1543 567 multis
1568 534 1681 569 ma·

174 600 330 651 tei-iis
365 598 702 650 hincinde’'.’
736 599 910 666 Ergo,
955 601 1224 667 Magister
1261 602 1517 664 Ortvine‚
1552 617 1682 667 rogo

169 685 493 736 Dominatio
528 686 723 743 vestra,
749 685 887 736 velit
906 702 991 736 me
1009 684 1212 737 habere
1234 684 1683 750 commendatum,

171 771 300 835 quia
348 785 473 820 sum
516 769 788 819 mirabilis
831 771 1019 821 fautor
1062 774 1269 836 vester,
1318 774 1375 821 et
1419 787 1538 822 amo
1584 786 1685 822 vos

170 853 594 905 incredibiliter.
671 854 857 904 Etiam
901 855 1116 906 debetis
1168 872 1253 907 me
1308 856 1683 908 commendare

167 939 404 990 Iohanni
439 938 790 1007 Pfefferkorn
837 938 1109 1004 qnondam
1151 940 1349 1009 ludeo,
1397 940 1493 991 sed
1537 956 1683 991 nunc

165 1024 416 1074 feliciter
463 1022 520 1071 in
557 1022 776 1073 Christo
821 1024 1131 1087 baptizato,
1198 1024 1371 1075 Liber
1416 1040 1545 1075 suus
1590 1026 1685 1089 qui

164 1107 492 1160 intitulatur
537 1106 826 1158 ‘Defensio
873 1106 1136 1159 Iohannis
1169 1108 1519 1160 Pfefferkorn
1556 1124 1683 1159 con-

163 1198 250 1244 tra
285 1194 575 1243 Famosas’
613 1196 698 1243 est
733 1192 867 1241 mihi
901 1196 1155 1257 portatus
1193 1210 1259 1243 ex
1294 1192 1579 1258 Almania‚
1627 1198 1685 1245 et

163 1279 279 1345 legi
318 1292 444 1329 eum
477 1292 576 1342 per
599 1280 801 1341 totum,
841 1280 898 1328 et
921 1278 1141 1344 signavi
1163 1279 1434 1331 notabilia
1459 1284 1515 1330 et
1539 1278 1679 1330 Con-

161 1364 511 1415 tinuationes
555 1363 616 1411 in
658 1364 926 1429 margine.
1006 1363 1079 1413 Et
1128 1364 1361 1415 multum
1402 1368 1567 1415 teneo
1613 1362 1679 1413 de

164 1448 274 1501 tali
310 1448 472 1499 libro.
543 1445 652 1497 Sed
695 1446 910 1498 debetis
955 1448 1011 1499 ei
1056 1448 1239 1501 dicero
1286 1448 1431 1513 quod
1468 1452 1555 1501 est
1586 1448 1679 1499 hic

163 1550 308 1585 unus
334 1531 612 1583 officialis
639 1534 790 1597 clrie
815 1534 912 1596 qui
936 1537 1021 1583 est
1042 1534 1519 1600 singularissimus
1554 1534 1677 1587 fau-

163 1624 252 1669 tor
282 1617 552 1669 Iohannis
573 1616 862 1667 Reuchlin.
920 1618 1047 1683 Ipse
1086 1618 1313 1684 collegit
1346 1618 1565 1683 aliquos
1590 1634 1677 1669 ar-

163 1703 374 1753 ticulos
419 1718 486 1750 ex
538 1700 644 1751 tali
696 1700 838 1752 libro
880 1701 1145 1753 Iohannis
1188 1702 1561 1765 Pfeffsrkorn,
1622 1707 1681 1755 ct

159 1788 292 1840 vult
337 1787 567 1850 probare
615 1786 758 1850 quod
801 1787 861 1836 in
903 1786 1113 1839 talibus
1170 1786 1423 1837 articulis
1476 1789 1678 1851 partim

165 1874 262 1922 est
292 1870 528 1937 heresis,
562 1875 773 1937 partem
812 1870 1033 1923 Crimen
1066 1872 1183 1939 19³9
1216 1872 1551 1923 maiestatis.
1604 1872 1679 1921 Et

163 1956 312 2007 dicit
355 1954 498 2019 quod
537 1954 662 2007 vult
703 1954 848 2020 quod
893 1956 995 2007 fiat
1036 1957 1325 2021 inquisitio
1364 1960 1556 2008 contra
1588 1958 1675 2009 Io-

166 2056 370 2092 annem
413 2040 759 2091 Pfefferkorn
805 2040 872 2091 de
917 2040 1103 2107 heresi
1156 2045 1211 2091 et
1265 2038 1505 2091 Crimine
1556 2041 1673 2107 lese

163 2124 510 2177 Maiestatis.
578 2124 740 2175 Mitto
785 2126 943 2177 vobis
996 2125 1086 2175 hic
1140 2139 1305 2176 unam
1356 2122 1675 2175 schedulam

164 2214 222 2262 in
269 2225 388 2273 qua
431 2209 746 2261 scribuntur
780 2210 866 2261 illi
903 2210 1146 2275 articuli,
1182 2214 1239 2261 et
1275 2215 1677 2275 consequenter

166 2300 366 2347 contra
390 2294 539 2358 ipsos
567 2292 882 2346 Solutiones
907 2310 1045 2359 quas
1071 2311 1173 2361 ego
1207 2295 1504 2361 replicavi:
1544 2298 1675 2359 quia

165 2379 451 2447 disputavi
487 2393 608 2429 cum
641 2378 740 2429 illo
777 2378 1025 2431 officiali
1060 2384 1116 2431 et
1158 2378 1382 2431 defendi
1415 2378 1675 2433 Ioannem

165 2462 516 2517 Pfefferkorn
549 2477 650 2527 pro
691 2478 852 2527 posse
894 2478 1033 2515 meo.
1102 2462 1175 2513 Et
1218 2463 1301 2513 sie
1343 2462 1531 2513 valete
1576 2464 1673 2515 ha-

165 2550 303 2601 bens
347 2563 436 2598 me
481 2562 578 2611 pro
625 2551 756 2597 noto
793 2553 848 2601 et
882 2547 1071 2601 Amico
1106 2551 1309 2600 vestro.
1377 2548 1583 2601 Datum
1618 2550 1675 2605 in

166 2633 338 2686 Curia
371 2634 638 2683 Romana.
669 2686 674 2691 ,
