1942 3109
260 225 328 278 76
513 237 804 278 nris-roms
839 241 1207 278 onscvnonvn
1243 237 1515 276 vmonvu.

260 362 531 410 rumores,
577 347 710 412 quia
744 346 939 396 dieunt
974 347 1119 421 quod
1160 348 1363 398 fratres
1398 338 1791 415 predicatores

259 436 556 498 propterea
601 433 902 497 impetrant
946 433 1079 482 illas
1114 433 1493 499 indulgentias
1528 433 1589 482 in
1626 434 1792 484 curia

259 533 515 582 romana,
567 517 712 581 quod
760 533 882 567 cum
925 517 1031 568 illa
1074 519 1315 584 pecunia
1348 517 1545 571 volunt
1576 529 1792 569 vexare

260 605 440 670 ipsum
475 602 756 654 doctorem
792 607 848 653 et
882 604 1153 654 tribulare
1188 617 1313 656 eum
1347 605 1406 654 in
1432 619 1601 654 causa
1626 603 1790 656 fidei:

261 692 320 739 et
355 687 500 752 quod
543 688 792 740 homines
837 703 947 739 non
989 688 1196 740 debent
1240 689 1324 740 eis
1369 689 1501 740 dare
1548 689 1793 754 aliquid,

261 775 319 824 in
356 788 685 839 quocunque
722 777 874 824 statu
896 774 1126 837 fuerint,
1164 774 1285 824 sive
1310 774 1427 826 alto
1441 775 1571 833 ⁸sive
1595 774 1790 839 basem,

262 859 384 910 sive
421 856 812 910 ecclesiastico
837 859 956 910 sive
981 857 1275 910 mundano.
1346 859 1535 924 Nuper
1558 859 1643 909 fui
1666 855 1791 910 Mo-

251 945 456 1012 -guntie
491 945 552 995 in
589 948 722 994 actu
755 945 857 996 illo
895 958 1057 1010 quem
1082 945 1507 996 celebraverunt
1529 945 1793 1010 magistri

263 1031 441 1080 nostri
484 1031 681 1080 contra
725 1030 1026 1081 Reuchlinz
1082 1027 1217 1080 tunc
1278 1031 1364 1081 est
1420 1029 1501 1094 ibi
1561 1029 1791 1094 quidam

265 1115 580 1183 predicator
626 1117 684 1165 in
729 1129 938 1166 summo
986 1115 1083 1180 qui
1128 1117 1214 1166 est
1270 1109 1537 1182 magister
1593 1117 1795 1166 noster

263 1203 544 1266 promotus
587 1201 646 1249 in
679 1199 1073 1266 Heydelberga
1119 1203 1175 1250 et
1218 1203 1453 1251 vocatur
1495 1200 1795 1252 Bartholo-

263 1301 416 1352 meus
461 1284 768 1349 Zeheaner,
817 1284 995 1336 latine
1039 1284 1416 1337 Decimarius:
1461 1285 1558 1336 ille
1604 1286 1795 1351 publi-

267 1373 418 1422 cavit
449 1371 507 1420 in
543 1371 776 1421 ambone
813 1367 956 1434 quod
992 1371 1239 1421 homines
1288 1371 1551 1422 deberent
1584 1385 1793 1424 conve-

263 1458 380 1508 nire
419 1455 490 1506 ad
525 1457 846 1519 sequentem
881 1453 1029 1506 diem
1064 1457 1121 1506 et
1142 1455 1331 1507 videre
1357 1453 1623 1520 quomodo
1650 1455 1794 1523 Spe-

266 1542 450 1592 culum
484 1540 711 1592 oculare
749 1541 1187 1591 combureretur:
1226 1541 1357 1605 quia
1390 1541 1512 1606 ipse
1546 1543 1794 1606 putabat

265 1627 409 1691 quod
443 1642 553 1677 non
591 1627 738 1676 esset
771 1625 1069 1690 possibile,
1108 1626 1253 1690 quod
1286 1625 1479 1678 doctor
1512 1624 1795 1677 Reuchlin

263 1715 456 1778 posset
501 1711 753 1762 invenire
788 1725 955 1760 unam
991 1711 1286 1763 fallaciam
1322 1712 1467 1776 quod
1502 1710 1642 1761 illud
1672 1727 1794 1764 non

263 1795 447 1848 fieret:
494 1799 628 1846 tunc
675 1810 814 1846 unus
851 1797 1039 1847 socius
1086 1798 1183 1862 qui
1218 1800 1303 1848 est
1349 1797 1457 1862 ibi,
1506 1799 1562 1848 et
1597 1796 1795 1847 dicunt

265 1881 410 1946 quod
447 1885 533 1932 est
566 1883 762 1946 poeta,
811 1883 1127 1933 circumivit
1170 1887 1228 1934 et
1276 1882 1574 1933 seminavit
1608 1883 1791 1947 pessi-

263 1983 380 2018 mos
417 1980 695 2018 sermones
735 1970 928 2018 contra
963 1967 1271 2034 predictum
1318 1967 1646 2033 magistrum
1690 1983 1792 2018 no-

263 2055 452 2116 strum,
492 2055 548 2102 et
583 2050 802 2115 quando
840 2053 1091 2104 obviavit
1126 2053 1197 2115 ei,
1234 2055 1368 2102 tunc
1406 2053 1629 2118 aspexit
1665 2069 1794 2104 eum

266 2139 500 2202 aspectu
543 2136 837 2188 draconico
889 2141 944 2188 et
990 2151 1288 2188 venenoso.
1359 2135 1434 2186 Et
1490 2137 1631 2188 dicit
1688 2151 1791 2204 pu-

261 2223 438 2273 blice:
485 2221 618 2273 ‘Iste
661 2223 980 2290 predicator
1013 2237 1122 2272 non
1160 2225 1245 2272 est
1278 2221 1476 2288 dig-nus
1510 2221 1660 2287 quod
1694 2223 1791 2275 de·

261 2310 359 2360 bet
393 2306 582 2358 sedere
617 2308 678 2358 in
712 2323 904 2358 mensa
937 2307 1037 2358 ubi
1069 2305 1265 2357 sedent
1299 2307 1458 2372 probi
1488 2308 1618 2371 viri,
1654 2306 1794 2372 quia

261 2408 486 2460 possum
531 2393 765 2459 probare
803 2391 948 2457 quod
984 2393 1071 2444 est
1104 2407 1345 2456 nequam
1382 2395 1439 2442 et
1472 2393 1790 2458 pultronus,

264 2481 397 2544 quia
446 2479 504 2528 in
551 2479 782 2530 ambone
820 2479 878 2528 in
913 2477 1159 2530 ecclesia
1190 2483 1383 2530 vestra
1420 2491 1605 2529 coram
1639 2481 1793 2530 omni

263 2565 468 2631 populo
503 2563 768 2615 mentitus
807 2567 892 2615 est
929 2567 1121 2616 contra
1156 2564 1362 2614 famam
1396 2563 1562 2614 unius
1598 2563 1791 2616 excel-

264 2649 433 2701 lentis
477 2647 617 2711 viri,
677 2651 734 2699 et
775 2649 916 2699 dixit
957 2649 1063 2699 illa
1109 2663 1216 2716 que
1262 2665 1371 2700 non
1416 2648 1547 2699 sunt
1590 2649 1791 2700 facta'.

261 2735 336 2786 Et
369 2733 714 2803 pretenditur
749 2733 890 2786 dici:
937 2733 1026 2786 ‘ex
1060 2733 1273 2786 invidia
1308 2733 1585 2786 tribulant
1616 2735 1791 2786 istum
