1942 3109
230 216 295 268 16
364 228 742 269 rsrnmconm
768 230 1241 270 nst-nuscowrsa
1269 230 1472 268 ricinos.
1489 232 1755 270 0.v.131=1².

226 340 284 387 et
316 336 557 389 dedecus
590 342 780 407 nostre
816 338 966 403 fidei,
1015 352 1312 403 omnesque
1355 337 1500 388 tales
1536 336 1758 403 (tamen

223 424 283 471 in
318 439 387 473 eo
421 424 546 475 loco
584 440 705 475 cum
744 438 1044 488 consensu,
1093 425 1326 477 consilio
1361 428 1420 474 et
1453 424 1756 488 providen—

222 509 307 559 tia
341 511 603 575 pastoris,
640 510 809 561 etiam
844 509 1074 560 duorum
1110 527 1140 560 e
1176 514 1394 573 senatu,
1429 510 1523 560 vel
1545 510 1758 561 saltem

222 593 445 644 illorum
490 594 687 647 habita
742 594 1102 661 auctorItate)
1159 595 1358 646 tollere
1415 598 1474 645 et
1529 596 1758 661 suppri-

222 694 389 731 mere.
466 671 519 729 Ιῖ
554 680 733 747 Super
766 682 871 749 hec
904 682 1016 730 iam
1062 682 1481 749 prenominatus
1515 680 1751 745 Peperi-

226 780 423 817 cornus
460 767 601 817 facit
635 782 737 817 nos
776 766 1070 829 certiores,
1121 780 1227 829 quo
1274 770 1442 831 pacto
1489 766 1609 831 ipse
1659 782 1755 816 se·

226 850 459 900 eundum
513 854 758 903 tenorem
803 854 994 919 nostre
1042 852 1444 903 commissionis
1490 854 1546 900 et
1589 864 1752 901 man-—

222 934 341 987 (lati
366 951 489 987 rem
522 936 703 1001 ipsam
738 939 1039 1002 inceperit,
1077 940 1134 987 et
1169 937 1461 1005 presertim
1495 936 1750 986 Franck-

221 1019 399 1090 fordie
438 1021 649 1073 auxilio
688 1023 937 1074 civitatis
976 1027 1034 1073 et
1080 1022 1322 1089 ecclesie
1369 1021 1544 1072 libros
1578 1021 1750 1089 Iude—

218 1122 373 1157 orum
428 1108 884 1173 expostulaverit.
970 1099 1024 1157 (I
1082 1105 1190 1158 sed
1247 1110 1542 1172 postquam
1581 1104 1753 1172 Iudei

218 1190 565 1244 rebellarunt
608 1194 724 1245 suis
773 1192 1055 1259 aliquibus
1099 1192 1320 1243 illicitis
1378 1189 1746 1256 sermonibus,

220 1294 315 1327 eos
354 1277 532 1330 adhuc
568 1280 626 1328 in
660 1283 854 1331 nostra
890 1294 1037 1345 pena
1075 1282 1131 1330 et
1163 1277 1376 1327 mulcta
1411 1277 1746 1327 retinemus=

216 1366 405 1413 tamen
427 1364 729 1414 secundum
752 1369 1000 1416 tenorem
1023 1362 1271 1414 mandati
1291 1363 1470 1413 nostri
1490 1362 1744 1412 Franck-

216 1446 503 1497 fordenses
558 1446 900 1515 acceperunt
943 1450 1132 1517 Iudeis
1192 1452 1399 1500 certum
1451 1462 1770 1499 numerum-

215 1531 497 1594 librorum,
534 1530 703 1581 sicuti
740 1534 821 1583 eis
844 1532 1118 1585 indicavit
1139 1534 1560 1600 Pepericornus‚
1597 1546 1743 1596 quos

214 1616 562 1666 retinuerunt
586 1617 643 1665 et
668 1617 1067 1668 custodierunt.
1137 1620 1466 1683 Quanquam
1489 1632 1620 1683 ergo
1643 1618 1744 1667 In-

217 1700 308 1767 dei
343 1700 413 1750 ad
446 1714 547 1750 nos
584 1700 837 1752 miserint
872 1702 939 1753 de
977 1704 1083 1754 hoc
1119 1705 1381 1771 negocio,
1428 1718 1540 1753 non
1575 1718 1744 1753 secus

218 1800 286 1833 ac
322 1785 372 1835 si
408 1786 649 1836 Ioannes
684 1786 1090 1851 Pepericornus
1126 1790 1183 1838 in
1218 1789 1325 1840 hoc
1361 1787 1593 1853 negocio
1628 1802 1748 1837 non

218 1872 369 1919 esset
392 1867 589 1919 doctus
614 1873 671 1919 et
706 1876 984 1938 expertus,
1023 1874 1300 1938 etiamque
1325 1872 1472 1937 quod
1496 1871 1606 1923 sibi
1627 1887 1748 1921 non

216 1954 394 2005 solum
442 1955 811 2024 prenominati
854 1957 988 2010 libri
1032 1957 1129 2010 sed
1183 1958 1434 2023 plerique
1491 1957 1591 2008 alii
1643 1958 1750 2021 qui

215 2054 394 2106 neque
444 2045 637 2093 contra
683 2048 951 2112 precepta
986 2044 1168 2110 Moysi
1213 2057 1394 2108 neque
1441 2042 1746 2108 propheta·

214 2140 334 2175 rum
388 2141 567 2191 neque
623 2128 681 2176 in
738 2128 1127 2179 contumeliam
1173 2126 1303 2178 fidei
1345 2131 1534 2195 nostre
1581 2125 1746 2177 Chri—

126 2276 131 2279 ·
215 2210 400 2283 stiane
436 2213 654 2271 essent,
700 2216 755 2259 et
778 2212 908 2261 ‘sibi
950 2212 1251 2263 seeundum
1285 2216 1533 2264 tenorem
1566 2210 1752 2276 privi-

213 2290 484 2359 legiorum
530 2306 749 2343 suorum
798 2294 1052 2360 admissi,
1111 2296 1224 2347 sint
1280 2298 1488 2350 ablati:
1545 2299 1748 2347 tamen

218 2393 340 2428 cum
375 2378 739 2444 intelligimus
777 2380 923 2445 quod
944 2369 1460 2433 Franckfordenses
1499 2396 1622 2431 oum
1643 2396 1742 2430 ec·

200 2464 557 2531 -clesiasticis
592 2466 990 2534 prenominatis
1015 2464 1306 2533 Iudeorum
1330 2450 1627 2531 privilegia
1651 2466 1746 2516 vi·

215 2545 398 2596 derint
434 2553 491 2595 et
514 2551 974 2614 examinaverint,
1012 2554 1256 2601 nostrum
1279 2550 1601 2601 mandatum
1623 2564 1746 2600 non

216 2642 339 2677 esse
378 2634 570 2680 contra
606 2631 763 2696 illos,
810 2635 1063 2685 volumus
1109 2633 1255 2698 quod
1298 2638 1494 2685 nostra
1537 2632 1744 2685 volun—

213 2716 303 2763 tas
340 2715 626 2778 teneatur,
676 2720 731 2764 et
774 2719 835 2765 in
876 2720 1067 2783 vigore
1111 2722 1355 2769 maneam
1427 2723 1617 2769 tamen
1661 2734 1742 2769 ne
