1942 3109
113 261 476 304 exeuntum
495 261 572 300 An
591 257 938 300 svuu.rom.
963 259 1209 300 nuvae.
1223 259 1501 300 uiuum.
1542 247 1638 300 173

116 374 174 421 et
215 373 390 421 totam
431 368 803 422 universalem
847 366 1147 420 ecelesiam
1192 367 1357 424 nimis
1402 365 1637 418 seanda-

114 455 240 506 loze
285 452 600 519 offenderit,
655 451 712 504 id
769 451 916 518 quod
961 451 1217 504 omnibus
1262 452 1481 503 iniuriis
1528 467 1635 519 que

116 539 426 591 hominibus
479 538 734 590 accidere
787 541 1047 603 possunt,
1108 535 1275 602 longe
1334 539 1422 588 est
1480 541 1637 588 ante-

112 624 437 689 ponendum.
472 622 774 676 Audiamus
797 637 928 688 ergo
953 625 1012 672 et
1034 637 1181 672 nune
1206 619 1276 672 ad
1300 622 1639 686 propositum

112 713 356 762 nostrum
401 708 670 775 quomodo
715 723 818 775 ego
865 723 987 760 sum
1022 707 1175 774 lesus
1210 706 1327 758 illis
1362 705 1639 771 epistolis,

109 800 172 846 ut
207 800 328 848 tota
363 795 610 848 eeclesia
647 792 896 844 iudicare
931 791 1111 857 possit
1144 806 1230 842 me
1266 792 1469 843 iustam
1506 807 1637 842 eau-

112 895 229 932 sam
256 873 334 931 'et
375 881 584 932 habere
631 881 687 929 et
729 878 999 930 habuisse
1043 876 1191 927 hano
1234 891 1413 928 meam
1448 875 1639 928 defen·

109 967 320 1016 sionem
345 963 558 1015 edendi.
617 963 746 1028 Ipse
781 963 928 1012 enim
965 977 1207 1014 summus
1241 962 1494 1026 pontifex
1528 978 1639 1014 non

108 1050 272 1100 nobis
317 1047 495 1099 solum
539 1047 751 1098 duobus
805 1046 1091 1098 silentium
1144 1045 1215 1097 ad
1268 1049 1485 1111 tempus
1537 1049 1635 1097 im-

107 1134 324 1200 posuit,
379 1133 478 1186 sed
521 1133 776 1184 omnibus
829 1133 900 1184 ab
952 1137 1193 1196 utraque
1245 1135 1433 1196 parte,
1488 1133 1639 1184 sieut

109 1219 367 1284 superius
393 1222 480 1268 est
503 1221 840 1268 enarratum.
898 1216 966 1268 In
1002 1215 1245 1282 epistola
1280 1217 1453 1281 igitur
1485 1219 1635 1268 viee·

107 1305 252 1355 sima
300 1303 472 1353 tertia
515 1306 573 1354 et
614 1303 899 1354 tricesima
954 1304 1153 1368 quinta
1212 1298 1297 1366 (ut
1339 1301 1635 1367 plerasque

109 1389 350 1440 aliarum
393 1388 688 1440 illusiones
735 1392 792 1438 et
837 1386 1205 1440 contumelias
1239 1386 1513 1454 omittam)
1550 1389 1634 1440 in-

103 1477 312 1528 famem
345 1488 432 1524 me
468 1473 658 1526 faeere
695 1475 995 1536 conantur,
1031 1473 1207 1524 multa
1234 1473 1479 1526 enormia
1503 1473 1639 1524 mihi

103 1560 326 1612 seelera
361 1561 735 1625 imponentes,
784 1573 892 1626 que
941 1573 1045 1623 ego
1090 1561 1337 1624 tempore
1368 1558 1635 1610 Iudaismi

10 1657 12 1686 1
103 1649 240 1696 ante
285 1645 620 1708 baptismum
663 1647 1073 1708 perpetrassem
1118 1647 1175 1693 et
1206 1642 1310 1694 illa
1346 1659 1406 1696 se
1442 1643 1637 1695 dieunt

102 1745 175 1782 ex
211 1727 400 1795 Iudeis
435 1728 752 1792 accepisse,
791 1743 860 1778 ex
895 1741 1126 1792 quorum
1160 1725 1487 1791 perfidorum
1509 1744 1631 1781 ver·

10 1877 12 1888 ¹
99 1817 196 1866 bis
230 1813 366 1862 boni
387 1811 698 1862 Christiani
731 1811 922 1862 faeere
956 1812 1332 1864 testimonium
1365 1828 1475 1864 non
1508 1829 1637 1877 pos-

10 1893 12 1908 '
101 1899 267 1959 sunt,
305 1896 417 1946 nisi
447 1897 690 1948 fortasse
725 1896 906 1961 magis
933 1895 1267 1948 eredendum
1286 1897 1359 1947 sit
1382 1893 1462 1962 (id
1488 1897 1634 1962 quod

10 1965 14 1996 ⁷
101 1997 234 2037 esse
291 1994 571 2044 nunquam
628 1979 836 2044 potest)
889 1981 1131 2030 inimicis
1188 1981 1369 2031 erucis
1424 1981 1633 2032 Christi

8 2051 13 2084 s
101 2081 276 2135 quam
313 2077 524 2116 summo
547 2063 870 2129 imperatori
895 2079 962 2114 ae
988 2064 1317 2128 primatibus
1340 2064 1631 2133 Alemanie

10 2141 13 2170 ³
103 2152 418 2214 multisque
436 2148 566 2202 aliis
587 2147 938 2213 Christianis,
959 2153 1074 2198 tam
1097 2147 1443 2214 principibus
1468 2165 1633 2216 quam

102 2237 410 2288 civitatum
463 2234 774 2286 rectoribus
831 2235 927 2299 qui
967 2250 1091 2303 mee
1133 2235 1427 2301 probitatis
1472 2238 1630 2288 testi-

10 2329 12 2336 '
97 2321 296 2376 monia
339 2320 666 2385 patentibus
706 2320 822 2370 suis
855 2318 1063 2372 litteris
1098 2323 1157 2370 et
1190 2320 1499 2385 sigillorum
1534 2339 1631 2389 ap—

91 2407 378 2480 pensione
411 2404 537 2457 luce
576 2404 784 2456 elarius
821 2408 1239 2469 expresserunt,
1287 2419 1427 2468 quas
1462 2409 1635 2460 etiam

92 2508 282 2564 penes
335 2507 422 2543 me
477 2491 658 2544 habeo
713 2495 774 2546 et
823 2491 1106 2542 salvatore
1158 2493 1346 2544 nostro
1402 2495 1633 2560 auspice

91 2579 348 2650 posteris
392 2579 532 2630 meis
577 2591 697 2630 sum
739 2576 1055 2630 relicturus.
1141 2567 1192 2628 (l
1236 2576 1357 2644 Ego
1410 2595 1631 2644 quoque

91 2670 346 2732 ingenue
392 2665 602 2729 fateor,
655 2680 740 2716 me
793 2678 1077 2728 nunquam
1131 2667 1231 2714 aut
1285 2670 1629 2728 accusatum,

89 2755 206 2806 aut
241 2750 302 2800 in
337 2750 426 2802 ius
457 2754 718 2804 vocatum
753 2751 928 2804 fuisse
965 2751 1035 2802 ob
1074 2749 1303 2816 aliquod
1348 2755 1627 2815 patratum
