1942 3109
213 233 434 274 cou'mu
459 232 776 270 nnvcnnuu
810 230 1321 270 consvn'n‘nomw
1356 231 1531 266 NOTAE.
1635 216 1699 266 71

179 343 379 408 ipsius.
465 341 584 403 Quo
633 353 756 388 cum
801 337 1105 401 venissem,
1168 352 1251 388 me
1310 335 1701 389 humanissime

181 426 452 477 tractavit
499 428 554 476 et
597 424 664 476 de
709 439 830 476 meo
879 422 1122 475 adventu
1164 422 1393 488 gavisus
1453 421 1589 484 fuit,
1649 425 1705 470 et

185 509 331 576 quod
369 509 604 576 amplius
630 513 732 573 est,
767 524 854 560 me
889 507 1178 571 instruxit,
1216 505 1481 571 quidnam
1514 506 1705 556 facere

185 597 440 648 deberem
477 593 624 660 apud
656 594 1073 658 imperatorem,
1124 592 1271 644 sicut
1314 592 1491 657 ipsius
1528 590 1705 642 chiro-

183 681 392 746 grapho
427 680 666 745 probare
691 693 933 744 possum.
991 675 1209 728 Deinde
1234 680 1423 728 tamen
1449 675 1707 728 callidius

183 784 252 818 ex
285 782 371 817 me
407 765 574 816 rebus
609 763 864 816 omnibus
901 763 971 814 ab
1012 779 1077 812 eo
1110 761 1419 814 intellectis
1442 761 1576 812 mihi
1600 759 1708 812 dis-

181 849 514 904 simulanter
562 849 818 913 promisit
861 863 922 898 se
967 847 1321 898 sanctissime
1356 847 1706 912 scripturum.

188 937 310 997 Quo
346 933 570 982 minime
607 937 828 984 servato
863 931 999 982 mihi
1034 930 1181 995 apud
1207 930 1507 999 cesaream
1538 932 1709 983 maie·

186 1021 393 1070 statem
440 1020 634 1068 contra
679 1015 866 1066 datam
910 1015 1069 1066 fidem
1124 1016 1447 1080 impiissime
1506 1017 1564 1066 in
1608 1031 1711 1066 sua

189 1102 602 1154 consultatione
639 1100 900 1165 detraxit,
936 1105 999 1150 ut
1034 1103 1191 1165 patet
1222 1100 1281 1150 in
1316 1099 1545 1166 speculo
1580 1115 1709 1150 ocu-

185 1188 322 1249 lari,
384 1191 440 1236 et
487 1187 572 1236 sic
615 1202 702 1238 me
751 1184 982 1236 tradidit
1026 1185 1175 1236 sicut
1208 1184 1374 1236 Iudas
1412 1184 1710 1248 Christum,

189 1273 248 1320 et
283 1269 455 1322 multo
505 1270 692 1334 peius,
752 1271 884 1334 quia
929 1269 1024 1320 hic
1069 1269 1321 1334 publice,
1378 1268 1479 1320 ille
1526 1273 1712 1320 autem

187 1354 428 1406 occulte.
508 1355 632 1406 Hoc
676 1355 774 1406 ubi
820 1353 1140 1406 incredulus
1194 1354 1465 1420 legeram,
1526 1354 1712 1405 iustis-

187 1439 386 1490 simam
420 1438 592 1490 habui
627 1439 1009 1490 occassionem
1044 1437 1325 1490 scribendi
1358 1442 1553 1490 contra
1590 1455 1711 1490 eum

189 1524 602 1576 consultatione
639 1523 842 1578 saltem
877 1524 1056 1590 ipsius
1090 1539 1371 1589 nunquam
1406 1526 1709 1576 nominata.

185 1609 262 1660 Et
307 1609 433 1659 ideo
478 1609 630 1673 prior
675 1625 761 1659 me
807 1609 966 1675 lesit,
1026 1623 1137 1660 non
1184 1625 1285 1675 ego
1335 1609 1509 1660 illum.
1580 1609 1711 1658 Per·

187 1691 328 1742 fidus
364 1693 538 1758 igitur
569 1692 814 1744 Ioannes
846 1691 1121 1746 Reuchlin
1158 1693 1620 1757 condemnandus,
1658 1697 1715 1744 et

188 1792 292 1840 ego
341 1773 427 1840 (ut
474 1777 714 1842 ingenue
761 1775 968 1843 fatear)
1016 1777 1075 1828 in
1118 1779 1273 1830 nullo
1310 1777 1713 1843 reprehenden-

189 1857 318 1922 dus,
365 1860 510 1922 quod
565 1876 732 1925 quam
764 1878 958 1914 verum
1001 1864 1105 1928 sit,
1162 1863 1511 1928 sapientibus
1556 1866 1713 1928 patet

187 1955 516 2008 semperque
549 1946 786 2010 patebit.

710 2081 883 2134 Nota
921 2082 1192 2146 Quinto.

298 2188 350 2247 {s
395 2198 520 2251 Alio
555 2214 707 2250 nunc
749 2201 930 2253 medio
976 2205 1107 2254 utar
1154 2205 1210 2252 et
1253 2217 1385 2255 vero
1430 2215 1539 2266 quo
1584 2202 1708 2254 luce

191 2281 400 2332 clarius
417 2283 712 2349 videbitur,
739 2285 884 2349 quod
905 2287 1027 2351 ipse
1045 2291 1270 2351 propter
1288 2301 1467 2337 meum
1489 2287 1709 2350 librum,

185 2367 294 2418 hoc
319 2373 406 2420 est
427 2371 718 2434 speculum
740 2370 1019 2435 manuale,
1044 2385 1155 2422 non
1178 2370 1439 2422 habuerit
1461 2372 1711 2422 occasio-

185 2467 315 2502 nem
373 2452 726 2516 imPrimendi
781 2469 938 2505 suam
988 2455 1481 2520 consultationem,
1540 2455 1711 2506 Immo

189 2537 384 2602 etiam,
421 2536 570 2601 quod
594 2539 846 2601 quamvis
873 2555 906 2590 a
930 2555 1017 2592 me
1054 2539 1205 2608 lesus
1241 2540 1443 2592 fuisset
1474 2540 1535 2591 in
1568 2540 1712 2592 libro

185 2634 308 2670 meo
353 2627 786 2688 prememorato,
841 2625 924 2674 uti
967 2625 1348 2688 supradictum
1394 2628 1507 2687 est,
1568 2624 1712 2688 quod

191 2707 382 2754 tamen
417 2721 530 2758 non
560 2706 856 2773 debuerat,
893 2721 1075 2770 neque
1114 2709 1285 2758 etiam
1321 2706 1401 2771 (id
1437 2706 1579 2769 quod
1616 2722 1712 2756 no-
