1942 3109
206 292 304 345 102
340 307 718 345 Pnrnmconm
744 306 984 343 DEFENS.
1007 304 1222 343 CONTRA
1251 302 1741 341 nummatum&

204 414 445 465 litteras.
470 415 536 465 V.
564 414 633 463 D.
660 412 838 477 pridie
898 427 998 476 per
1054 411 1379 476 magistrum
1425 408 1742 475 Georgium

204 498 273 549 de
296 499 625 563 Nurnberga
662 497 877 562 accepi,
914 511 1054 546 unas
1091 494 1291 559 quibus
1328 491 1616 558 signifieat
1639 493 1743 545 do-

204 584 435 633 minatio
482 587 673 633 vestra
718 580 850 645 quid
894 579 961 631 de
999 578 1194 630 libello
1229 577 1506 628 Reucblin
1543 580 1740 627 aetum

205 670 280 717 sit
316 671 375 717 et
409 666 624 733 gaudeo
659 667 1017 717 vehementer
1052 679 1175 714 esse
1210 664 1363 713 viros
1410 662 1590 711 bonos
1636 676 1740 726 pro

204 753 463 803 veritatis
500 750 823 802 defensione
860 748 1236 809 decertantes,
1273 760 1344 797 ne
1380 746 1538 811 impii
1577 746 1734 812 Iudei

206 836 273 886 de
309 840 501 886 nostra
537 835 811 900 religione
848 835 1020 884 risum
1055 831 1312 882 deeetero
1347 834 1412 880 ut
1457 831 1725 881 haetenus

206 922 462 971 fecerunt
494 923 757 971 moveant
792 920 939 983 Quia
987 917 1287 967 manifeste
1322 915 1616 965 nobiseum
1649 912 1732 963 di-

207 1008 408 1056 xerunt
443 1003 589 1069 quod
624 1003 877 1056 dominus
910 1017 1196 1068 nunquam
1226 998 1597 1062 dereliquerit
1623 1014 1742 1065 eos,

208 1090 306 1140 sed
366 1104 585 1154 semper
642 1104 815 1140 novos
873 1089 1064 1137 mittat
1119 1084 1460 1136 defensores.
1541 1082 1743 1152 Alter-e

208 1173 399 1241 littere
436 1176 597 1224 erant
635 1174 792 1241 copie
828 1172 1144 1223 litterarum
1165 1168 1492 1231 Reuehlins,
1528 1168 1592 1217 in
1620 1169 1738 1232 qui·

207 1258 310 1309 bus
348 1260 487 1309 satis
522 1272 582 1309 se
618 1256 896 1308 humiliat.
964 1258 1181 1306 utinam
1213 1254 1321 1305 hoe
1359 1256 1526 1303 antea
1565 1253 1746 1303 fecis-

210 1347 323 1408 set,
370 1344 694 1408 priusquam
740 1343 893 1393 virus
942 1341 1049 1391 hoo
1084 1341 1143 1389 in
1178 1338 1508 1403 religionem
1546 1341 1608 1387 et
1646 1353 1750 1387 eu-

210 1428 389 1477 riosos
440 1427 777 1476 christianos
827 1423 1114 1476 effudisset
1152 1426 1227 1473 ,et
1254 1438 1302 1473 e.
1371 1421 1576 1484 Valete
1625 1436 1752 1473 me-

212 1524 319 1573 que
364 1498 439 1558 ut'
470 1512 717 1559 vestrum
764 1507 1004 1571 diligite.
1077 1509 1283 1558 Datum
1328 1504 1756 1576 Franekfordie

210 1596 267 1641 in
323 1591 411 1641 die
462 1590 815 1657 Scholastiee
866 1592 1121 1657 virginis.
1194 1591 1353 1641 Anno
1404 1593 1477 1640 ‚et
1499 1604 1544 1637 e.
1597 1588 1758 1641 duo-

210 1677 444 1726 decimo.
1086 1660 1092 1665 ⁸

918 1761 1116 1812 Petrus
1149 1777 1337 1827 meyer
1369 1761 1676 1812 Franefor-

916 1846 1168 1897 densium
1203 1846 1494 1911 plebanum

316 2010 368 2071 ΙΙ
414 2019 919 2072 verumenimvero.
994 2018 1126 2081 quia
1170 2016 1412 2068 Ioannes
1455 2015 1752 2068 Reuehlin

210 2103 360 2155 ultra
394 2104 713 2154 mandatum
760 2102 1173 2168 imperatorium
1224 2099 1308 2165 (ut
1355 2104 1488 2151 ante
1524 2101 1750 2151 dietum

214 2189 321 2250 est)
368 2202 569 2239 novum
614 2186 869 2236 libellum
916 2187 1190 2236 famosum
1227 2184 1401 2235 edidit
1434 2185 1492 2233 in
1528 2186 1754 2237 malum

212 2270 521 2335 exemplum
556 2270 796 2319 omnium
832 2270 1112 2320 hominum
1150 2268 1267 2333 (eui
1291 2274 1378 2320 est
1400 2284 1603 2320 nomen
1639 2269 1750 2321 de-

211 2353 415 2419 fensio)
473 2354 571 2405 sed
617 2354 801 2419 potius
848 2353 1111 2418 offensio,
1172 2352 1416 2421 Cesarea
1464 2353 1759 2406 maiestas

211 2441 356 2489 iuste
392 2443 699 2504 provocata
736 2437 982 2489 secunda
1017 2440 1170 2503 viee,
1223 2438 1515 2488 alterum
1550 2452 1758 2489 man-

210 2522 438 2571 datum
486 2524 669 2571 emisit
711 2539 810 2587 per
856 2528 1033 2573 totum
1078 2522 1368 2587 imperium
1409 2525 1610 2572 eontra
1647 2522 1755 2573 Io-

214 2605 375 2653 annis
410 2603 685 2654 Reuehlin
718 2606 963 2655 viciosos
1000 2606 1202 2668 libros,
1247 2606 1354 2653 hoe
1403 2609 1489 2655 est
1537 2610 1757 2657 eontra

211 2687 437 2737 oculare
491 2686 776 2751 speculum
834 2692 891 2737 et
935 2688 1110 2751 ipsius
1155 2687 1537 2737 defensionem
1587 2690 1756 2741 iniu-

211 2772 355 2817 stam
392 2770 475 2817 sie
512 2784 738 2818 sonans.
