1942 3109
532 211 575 255 9.
598 214 865 252 munitm
890 213 1280 252 scumuurr.
1579 197 1674 251 197

251 321 366 372 Ubi
402 335 528 370 cum
564 319 879 383 ambulavi,
983 319 1138 370 visus
1176 323 1262 369 est
1293 317 1427 368 mihi
1460 320 1520 368 in
1542 319 1676 368 navi

154 415 229 455 170
262 407 475 457 Doctor
516 405 761 456 Thomas
806 404 1056 469 Mamer,
1160 403 1366 455 ordinis
1407 405 1673 454 minorum

962 491 1186 554 Frater,

264 575 367 638 Qui
400 575 544 625 dixit
583 573 718 624 ‘nisi
748 590 1034 640 parcerem
1136 579 1358 640 propter
1391 589 1568 625 meam
1593 573 1672 624 di-

964 661 1264 727 gustantem,

254 745 462 796 Statim
498 760 681 797 coram
726 746 981 797 omnibus
1081 747 1296 797 iaceres
1339 745 1432 795 hic
1477 746 1534 796 in
1577 745 1678 794 flu·

966 831 1186 882 ctibus’.

255 915 542 984 Respondi
560 914 747 980 ‘quare
768 916 873 968 hoc
883 919 926 966 *Ρ
1031 916 1188 966 Tune
1209 916 1350 966 dixit
1370 914 1672 981 ‘Schvzeyg¹

962 1001 1038 1051 du
1070 1001 1396 1052 holtzbock:

264 1086 349 1136 Es
382 1085 540 1150 leygt
568 1087 665 1137 mir
686 1087 832 1138 noch
868 1087 943 1136 im
977 1087 1066 1136 sin
1175 1085 1322 1150 quod
1354 1086 1544 1136 fecisti
1565 1085 1678 1135 Do·

969 1171 1110 1222 ctori
1141 1171 1448 1222 Reuchlin’.

154 1266 235 1308 175
270 1254 369 1308 Sic
392 1256 473 1308 ivi
496 1255 567 1307 ad
592 1255 905 1322 Coloniam,
1012 1261 1068 1308 et
1091 1257 1500 1310 inveni·bonam
1529 1273 1687 1327 com-¹

966 1343 1218 1408 puniam,

265 1427 535 1490 Quamvis
578 1427 709 1477 mihi
753 1427 1030 1492 Buschius
1130 1443 1254 1478 cum
1299 1429 1412 1482 suis
1461 1425 1672 1478 audito-

967 1512 1135 1576 ribus¹

256 1598 337 1646 Et
357 1597 633 1649 Iohannes
661 1596 957 1662 Caesarius,
1064 1597 1158 1662 qui
1179 1597 1318 1662 legit
1339 1598 1420 1648 ibi
1437 1598 1674 1662 Plinius,

258 1683 539 1732 Facerem:
580 1682 911 1732 instantias:
1017 1684 1145 1747 quia
1179 1698 1288 1732 non
1325 1685 1516 1734 curavi
1550 1683 1672 1741 has,

263 1765 379 1816 Sed
412 1769 540 1818 steti
578 1783 700 1817 cum
726 1767 1050 1832 TheologiS,
1155 1772 1212 1820 et
1233 1767 1348 1819 vixi
1370 1769 1428 1816 in
1451 1767 1671 1832 leudis,

154 1861 239 1902 180
274 1849 402 1900 Und
434 1853 539 1917 gab
576 1853 661 1902 nit
696 1853 784 1902 ein
819 1852 924 1902 har
1025 1852 1142 1904 auff
1171 1851 1276 1904 den
1321 1852 1520 1918 grafen
1564 1867 1672 1902 von

962 1953 1156 1990 newen
1190 1937 1294 2002 Ar,

260 2023 523 2086 Quamvis
560 2023 637 2074 sit
669 2022 955 2088 poeticus:
1060 2023 1194 2086 quiaL
1225 2023 1604 2086 Pepercornus

258 2107 333 2156 In
364 2109 475 2158 suis
506 2107 909 2158 dictaminibus
1011 2105 1146 2156 dicit
1179 2105 1244 2156 de
1279 2105 1586 2171 nobilibus,

266 2190 426 2254 Quod
456 2193 709 2257 quamvis
746 2194 877 2242 sunt
914 2190 1082 2256 clari,
1181 2207 1289 2243 non
1324 2197 1554 2259 pessunt
1579 2210 1671 2244 ex·

637 2339 639 2342 ,
970 2279 1181 2342 cusari,

250 2361 329 2414 Et
346 2363 556 2416 debent
576 2363 691 2414 sibi
714 2360 935 2412 solvere
1035 2377 1130 2426 pro
1167 2377 1267 2412 sua
1293 2362 1670 2414 obscuritate.

148 2459 241 2498 185·
259 2450 333 2500 Et
366 2451 449 2500 sic
487 2453 577 2500 est
612 2447 766 2496 finis:
872 2451 1102 2511 propter
1144 2446 1402 2496 honorem
1437 2447 1672 2500 Univer-

969 2531 1172 2580 sitatis.
