1942 3109
193 266 294 319 238
371 280 660 318 nmeromc
686 282 1055 317 onsovnonvx
1080 280 1335 315 vrnonvu
1353 280 1539 329 novin.

909 472 994 521 24.

310 592 361 650 (i
403 586 798 671 Magister
841 584 1277 671 Philippus
1320 585 1595 650 Mesue

481 692 816 757 Magistro
855 690 1144 757 Ortvino
1182 690 1425 739 Gratio

194 810 488 861 Humilem·
507 809 906 859 subiectio-nem
929 808 1054 857 loco
1082 807 1311 857 Salutis.
1372 808 1711 858 venerabilis

194 894 488 957 Magister:
537 891 1025 955 quoniamquidem
1064 893 1292 956 promisi
1334 893 1495 943 vobis
1532 893 1719 941 omnia

195 977 438 1027 scribere
465 991 572 1043 que
599 978 764 1027 audio
789 980 846 1027 et
866 975 1029 1028 video
1054 978 1113 1026 in
1152 990 1323 1025 causa
1356 979 1569 1037 vestra,
1608 990 1715 1042 que

194 1064 390 1129 merito
433 1064 670 1111 vocatur
715 1060 902 1109 Causa
945 1059 1099 1123 fidei,
1144 1061 1277 1123 quia
1322 1059 1719 1111 universaliter

198 1148 484 1195 concernit
518 1144 676 1195 fidem
711 1144 1119 1215 Christianam:
1158 1145 1304 1209 Ergo
1342 1144 1535 1194 sciatis
1573 1144 1717 1207 quod

195 1230 369 1292 primo
409 1228 628 1291 quando
661 1232 793 1279 veni
827 1229 961 1291 huc,
1000 1232 1135 1277 tunc
1168 1228 1427 1292 Magistri
1462 1227 1721 1278 dixerunt

195 1312 358 1361 mihi:
395 1310 560 1373 ‘Quid
583 1312 742 1375 novi,
759 1310 911 1374 quid
935 1313 1093 1373 novi,
1130 1312 1395 1376 magister
1417 1312 1719 1377 Philippo?

199 1395 343 1457 Quid
367 1396 500 1445 novi
525 1394 592 1445 dc
623 1394 856 1445 Colonia.
867 1396 909 1444 ‘P’
944 1394 1227 1459 Respondi
1252 1395 1397 1459 quod
1420 1396 1560 1445 nihil
1584 1397 1717 1447 novi

197 1480 314 1529 scio
359 1481 471 1528 nisi
517 1478 662 1541 qnod
705 1478 922 1528 noviter
963 1479 1188 1529 Domini
1234 1480 1483 1544 theologi
1526 1484 1583 1529 et
1627 1481 1719 1530 In-

199 1562 433 1625 quisitor
477 1562 722 1629 heretice
768 1563 1068 1625 pravitatis
1112 1563 1181 1613 de
1218 1563 1425 1613 Ordine
1470 1563 1717 1631 predica-

197 1650 376 1695 torum
433 1647 850 1696 combusserunt
895 1662 1063 1696 unum
1109 1647 1310 1696 librum
1357 1648 1721 1715 hereticalem

199 1731 296 1794 qui
361 1729 680 1779 intitulatur
749 1729 1068 1796 ‘Speculum
1140 1731 1385 1781 Oculare
1454 1731 1717 1781 Iohannis

195 1814 502 1864 Rcuchlin'.
593 1814 899 1878 Respondit
965 1814 1237 1879 Magister
1300 1816 1577 1866 Ecbertus
1648 1815 1717 1865 de

195 1898 449 1960 Harlem,
489 1899 586 1960 qui
621 1902 708 1947 est
741 1898 829 1947 vir
863 1898 1059 1947 doctus
1098 1901 1156 1947 et
1190 1898 1421 1963 probuS,
1462 1903 1519 1949 et
1553 1899 1717 1950 debe-

195 1983 270 2031 tis
313 1981 448 2031 mihi
494 1981 716 2031 credere
763 1980 910 2045 quod
955 1998 1064 2031 non
1112 1985 1199 2031 est
1248 1983 1536 2047 partialis,
1596 1984 1715 2047 ipse

195 2065 362 2115 dixit:
416 2066 558 2117 bene
613 2065 924 2117 audivimus
965 2066 1059 2114 hic
1108 2066 1252 2129 quod
1300 2068 1718 2117 combusserunt

191 2150 352 2199 illum
399 2149 626 2210 librum3
683 2149 781 2200 sed
835 2150 1006 2201 etiam
1060 2149 1373 2200 audivimus
1417 2150 1561 2213 quod
1605 2166 1755 2201 non.

196 2232 380 2283 debite
419 2236 476 2281 et
507 2233 652 2282 iusto
688 2232 844 2283 modo
881 2234 1273 2298 processerunt
1310 2235 1369 2283 in
1391 2235 1493 2284 illa
1521 2250 1713 2297 causa,

195 2321 252 2367 et
287 2316 672 2365 commiserunt
703 2318 998 2368 maximum
1034 2316 1389 2381 scandalum,
1434 2320 1567 2382 quia
1612 2334 1713 2369 nos

193 2400 285 2448 hic
323 2401 491 2449 etiam
524 2400 764 2451 vidimus
797 2401 974 2451 talem
1009 2401 1243 2464 librum,
1280 2405 1339 2452 et
1360 2418 1471 2453 non
1492 2402 1715 2453 videtur

193 2482 352 2533 nobis
399 2483 543 2546 quod
588 2484 840 2551 heretica
884 2486 1139 2547 pravitas
1184 2486 1350 2535 inest.
1424 2485 1530 2536 Sed
1566 2486 1713 2549 quod

185 2569 281 2629 ‚est
315 2566 522 2629 maine,
558 2566 826 2632 Theologi
861 2567 1129 2618 dederunt
1154 2568 1498 2619 Sententiam
1536 2584 1711 2633 quan—

193 2648 261 2697 do
309 2664 480 2699 causa
524 2650 802 2713 pendebat
843 2651 902 2700 in
939 2650 1109 2701 Curia
1143 2652 1421 2717 Romana,
1468 2656 1523 2703 et
1570 2652 1709 2703 San-

195 2733 470 2783 ctissimus
529 2736 802 2784 commisit
855 2734 1013 2784 illam
1058 2733 1268 2786 duobus
1318 2734 1709 2788 Cardinalibus
