1942 3109
281 219 374 269 162
453 235 744 270 EPISTOLAE
769 236 1138 271 oBscvssonvu
1162 237 1415 271 vmonvu
1440 235 1620 271 NOVAE.

277 352 442 401 quam
475 340 734 405 legerunt
777 339 1069 403 hincinde,
1116 343 1251 390 tunc
1296 341 1443 391 movi
1486 353 1657 389 unum
1707 339 1803 388 du-

275 423 428 472 bium
460 423 678 474 dicens:
728 423 972 475 ‘Domini
1006 425 1145 486 mei,
1186 423 1316 488 quid
1348 423 1570 474 videtur
1603 425 1801 474 vobis?

279 507 462 568 Quare
487 513 674 560 tamen
697 509 968 574 Magister
994 509 1259 560 Ortvinus
1284 507 1601 559 intitulavit
1638 508 1802 558 istum
1897 513 1898 516 ’

274 591 478 642 librum
515 593 806 660 „Epistole
844 593 1219 643 Obscurorum
1242 593 1571 645 Virorum''?
1610 593 1800 658 appel-

277 675 402 726 lans
439 680 648 727 amicos
685 693 814 728 suos
852 682 909 728 et
935 677 1262 744 coherentes
1289 676 1572 728 Obscuros
1596 678 1800 728 viros?

279 761 436 810 Tunc
489 761 774 827 respondit
830 778 971 812 unus
1022 760 1293 812 Sacerdos
1341 762 1436 825 qui
1482 764 1571 810 est
1612 761 1802 811 Mona·
1896 785 1898 794 ,

279 846 568 896 steriensis
604 850 662 895 et
699 852 785 896 est
818 847 995 897 bonus
1031 847 1266 909 Iurista,
1306 845 1451 910 quod
1488 847 1802 896 obscuritas

279 929 667 994 multipliciter
713 932 962 997 capitur,
1022 935 1083 979 ut
1128 931 1187 978 in
1230 931 1267 979 l.
1315 931 1405 979 Ita
1449 929 1579 980 fidei
1629 929 1702 980 .ff.
1741 929 1804 978 de

279 1013 389 1062 Iur.
443 1015 618 1080 Fisci,
675 1031 940 1082 responso
994 1015 1167 1080 primo
1222 1015 1282 1063 in
1334 1012 1461 1065 fine.
1540 1013 1616 1063 Et
1669 1015 1808 1064 dixit

283 1099 429 1162 quod
462 1099 649 1164 potest
685 1115 808 1151 esse
844 1115 1044 1150 nomen
1078 1098 1357 1164 proprium
1396 1099 1640 1148 alicuius
1685 1114 1806 1163 pro-

282 1184 485 1247 geniei.
547 1185 692 1246 Quia
717 1186 984 1235 scribitur
1019 1183 1162 1248 quod
1185 1182 1577 1248 Diocletianus
1616 1187 1675 1234 et
1711 1184 1811 1234 alii

283 1267 504 1328 quidam
549 1283 708 1332 reges
754 1269 981 1317 fuerunt
1016 1267 1138 1319 nati
1173 1267 1424 1324 obscuris
1461 1269 1808 1332 parentibus.

282 1349 440 1400 Tunc
465 1367 566 1415 ego
591 1352 756 1417 tetigi
792 1367 914 1402 eum
952 1355 1009 1402 et
1044 1349 1185 1400 dixi:
1225 1349 1381 1421 ‘Cum
1414 1351 1681 1417 licentia,
1719 1352 1807 1402 do·

292 1436 465 1500 mine,
513 1436 666 1486 Nihil
712 1437 782 1486 ad
827 1435 1205 1502 propositum'.
1286 1436 1362 1485 Et
1408 1441 1811 1500 consequenter
1896 1433 1898 1490 ἶ

287 1520 630 1584 interrogavi
685 1536 852 1571 unum
911 1521 1254 1585 Theologum
1310 1521 1647 1585 notabilem,
1722 1522 1813 1584 qui
1896 1499 1898 1542 {

283 1604 428 1654 bibit
463 1604 766 1655 nobiscum.
837 1604 965 1669 Ipse
1016 1607 1103 1654 est
1147 1605 1213 1654 de
1251 1605 1441 1656 ordine
1480 1604 1809 1656 Carmelita-

288 1704 423 1752 rum,
463 1693 519 1738 et
543 1692 708 1738 natus
735 1704 804 1738 ex
828 1689 1170 1752 Brabantia,
1209 1693 1266 1738 et
1289 1689 1431 1740 dixit
1458 1705 1583 1740 cum
1606 1706 1809 1756 magna
1897 1681 1898 1686 ¹

286 1775 595 1838 gravitate:
653 1772 887 1826 ‘Eximie
943 1775 1032 1825 vir
1087 1772 1305 1824 domine
1361 1774 1809 1837 Prothonotarie,

287 1859 587 1922 Quoniam,
635 1863 698 1908 ut
741 1857 878 1907 dicit
910 1857 1277 1922 Aristoteles,
1323 1858 1393 1908 de
1440 1859 1682 1924 singulis
1717 1858 1811 1909 du-

283 1943 466 1994 bitare
512 1957 622 1992 non
671 1945 756 1990 est
799 1942 1029 1992 inutile:
1086 1959 1217 2008 ergo
1262 1943 1573 2014 Eximiepas
1621 1947 1809 1995 vestra
1897 1951 1898 1958 ’

285 2029 598 2093 assignavit
641 2025 777 2075 mihi
821 2041 987 2076 uuam
1034 2029 1410 2094 questionem:
1468 2042 1645 2090 quare
1690 2027 1807 2076 Ma-

284 2113 459 2176 gister
495 2112 760 2162 Ortvinus
807 2111 1026 2161 faciens
1073 2111 1385 2176 imprimere
1432 2126 1636 2162 novum
1680 2113 1811 2177 Epi·
1896 2143 1898 2180 ς

285 2197 522 2259 stolare,
569 2194 882 2244 intitulavit
927 2195 1070 2245 illud
1106 2195 1397 2263 „Epistole
1435 2196 1811 2247 Obscurorum
1897 2213 1898 2252 ς

284 2280 592 2331 Virorum”.
655 2277 790 2329 Cum
823 2279 990 2331 venia
1014 2281 1246 2330 istorum
1270 2279 1649 2346 Domino'rum,
1688 2280 1811 2332 dico

285 2365 598 2430 opinionem
632 2379 838 2428 meam,
887 2364 1032 2428 quod
1064 2363 1338 2430 Magister
1374 2365 1670 2430 Ortvinus,
1718 2353 1815 2430 qui

287 2454 374 2500 est
395 2450 481 2501 vir
502 2449 665 2500 valde
692 2447 997 2514 profundus
1034 2453 1089 2499 et
1124 2449 1535 2515 speculativus,
1573 2451 1813 2516 mystice

287 2533 600 2600 appellavit
641 2533 862 2584 Amicos
917 2548 1047 2584 suos
1096 2533 1377 2586 Obscuros
1422 2535 1617 2588 Viros:
1676 2535 1815 2599 quia

285 2619 458 2668 semel
493 2618 606 2683 legi
641 2634 808 2670 unam
845 2620 1257 2685 auctoritatem,
1296 2619 1441 2684 quod
1475 2621 1693 2670 veritas
1729 2620 1813 2670 la-

287 2707 368 2752 tet
391 2704 448 2752 in
475 2702 760 2755 Obscuris.
821 2705 894 2752 Et
919 2719 1049 2768 ergo
1086 2703 1227 2753 dixit
1260 2704 1389 2757 Iob:
1428 2703 1557 2768 ‘Qui
1590 2704 1816 2758 revelat
