1942 3109
337 221 440 274 224
483 235 956 276 mutu-umorem
992 237 1295 277 essenon,
1320 238 1516 275 vmon.
1545 224 1853 294 [vn-raus]

335 345 586 394 mortuus
613 343 872 396 exclusus
897 345 975 396 sit
999 344 1119 412 celo
1153 359 1254 410 per
1276 343 1525 395 Petrum.
1565 345 1848 402 Audieram

335 429 450 479 ism
483 428 694 495 pridem
727 429 1042 482 huiusmodi
1074 430 1327 483 fabulam
1351 433 1545 480 actam
1572 433 1640 482 in
1665 434 1847 494 Gallia,

334 513 673 566 ubi-talium
715 531 985 582 nugarum
1028 514 1323 567 immodica
1364 514 1615 570 lieentia
1664 535 1847 588 semper

334 599 457 651 fuit.
527 599 670 651 Eam
706 601 901 666 opinor
947 601 1154 667 anquis
1190 602 1246 650 in
1282 600 1526 650 latinum
1564 617 1845 657 sermonem

334 685 644 737 transtulit.
688 687 943 738 Demiror
967 685 1099 752 quid
1130 685 1255 737 istis
1288 685 1349 736 in
1382 690 1639 740 mentem
1660 694 1863 751 veniat·

334 785 456 820 eum
489 771 574 821 sic
610 772 790 822 ocium
828 776 884 824 et
918 785 1142 838 operam
1176 765 1431 836 perdunt.
1464 770 1746 836 {Ceterum
1762 772 1839 824 ad—

331 855 496 905 miror
551 870 673 907 esse
730 856 826 922 qui
880 857 1234 923 suspicentur
1284 860 1401 908 tam
1452 856 1741 925 insignem
1778 862 1843 910 in-

331 939 539 1004 eptiam
593 957 627 992 a
681 956 764 993 me
821 942 1159 1008 profectam,
1227 942 1421 1008 opinor
1477 943 1552 994 ob
1609 945 1671 996 id
1726 944 1843 1012 quod

329 1040 506 1076 sermo
542 1025 788 1078 fortasse
823 1028 899 1078 sit
931 1025 1101 1093 paulo
1145 1025 1391 1078 latinior.
1462 1025 1608 1078 Lusi
1644 1031 1844 1094 quidem

326 1111 388 1158 in
422 1110 630 1176 Moris,
676 1111 773 1163 sed
808 1111 1127 1175 incruente,
1173 1110 1382 1161 nullius
1430 1111 1633 1162 famam
1679 1117 1875 1166 nomi-J

327 1196 505 1246 natim
548 1196 874 1262 perstrinxit
933 1198 992 1247 in
1033 1211 1215 1247 mores
1264 1193 1549 1247 hominum
1588 1193 1874 1262 Iasium&

327 1296 438 1332 non
498 1283 557 1330 in
609 1282 815 1334 famam
867 1282 1163 1332 hominum.
1236 1281 1358 1348 Que
1420 1283 1469 1332 si
1526 1297 1667 1333 vera
1724 1284 1847 1334 mihi

325 1351 615 1418 nunciavit
657 1367 930 1418 famulus:
986 1365 1225 1418 nondum
1279 1366 1427 1416 enim
1468 1365 1615 1417 satis
1668 1369 1843 1421 credo:

328 1465 497 1518 queso
542 1455 624 1513 te,
672 1452 760 1502 vir
805 1453 1038 1516 optime,
1082 1457 1145 1502 ut
1190 1450 1505 1502 istiusmodi
1540 1467 1731 1520 nugas
1758 1455 1838 1502 im-
1873 1465 1874 1492 ἐ

223 1545 252 1586 ιι
277 1534 446 1599 5pias
491 1547 589 1599 pro
635 1529 662 1602 ΙΙ
705 1538 803 1585 tua
847 1536 1001 1586 virili
1046 1535 1375 1600 premendas
1430 1550 1632 1604 cures,
1685 1539 1844 1604 prius·
1858 1537 1875 1580 ἱ

327 1632 516 1683 quam
538 1618 909 1685 excudentur,
967 1635 1081 1672 non
1138 1620 1284 1686 quod
1336 1620 1434 1672 isti
1493 1619 1667 1688 digni
1716 1625 1874 1704 sunt-

325 1704 526 1770 quibus
559 1703 667 1756 hoc
699 1708 979 1774 prestetur
1001 1705 1275 1770 beneficii,
1312 1705 1409 1757 sed
1436 1706 1587 1771 quod
1614 1713 1848 1760 nostrum
1873 1747 1874 1792 1

325 1794 428 1856 est,
453 1790 679 1862 publice
713 1791 1015 1844 studiorum
1037 1789 1324 1843 honestati
1350 1791 1675 1857 consulere,
1700 1807 1874 1866 quam

323 1877 418 1930 isti
453 1874 664 1928 talibus
697 1877 912 1929 lusibus
947 1875 1173 1942 indigne
1212 1877 1614 1926 contaminant.
1694 1877 1845 1929 Porro
1873 1879 1874 1888 ’

323 1959 468 2026 quod
516 1960 586 2013 ad
631 1977 716 2013 me
762 1962 1032 2029 pertinet,
1081 1963 1200 2013 scio
1237 1951 1515 2011 neminem
1558 1960 1728 2025 fore,
1778 1959 1875 2023 quii,

215 2040 406 2106 &ime
441 2051 621 2113 norit,
667 2049 801 2114 quin
839 2048 980 2098 satis
1019 2045 1329 2112 intelligat,
1376 2045 1725 2114 istiusmoldi
1766 2060 1855 2109 ne-

320 2133 444 2184 nias
479 2133 617 2184 mihi
650 2148 819 2197 supra
855 2130 1072 2184 modum
1107 2129 1483 2198 displicuisse,
1526 2133 1748 2198 quippe
1774 2128 1874 2178 ‘in-1

319 2216 516 2282 dignas
573 2215 804 2267 eruditis
835 2223 930 2266 'ac
984 2217 1175 2282 probis
1228 2215 1381 2267 viris.
1414 2283 1419 2289 ᾗ
1452 2211 1681 2268 Iacobo
1728 2201 1874 2270 Hor-3

317 2301 481 2356 nensi
512 2299 744 2352 multam
782 2316 850 2352 ex
883 2315 970 2352 me
1008 2301 1243 2353 salutem
1278 2298 1481 2362 dicito,
1537 2302 1720 2353 cuius
1762 2271 1874 2364 epi}

316 2385 464 2442 stola
499 2387 613 2443 dici
645 2403 756 2440 non
790 2391 977 2455 potest
1011 2390 1353 2452 quantopere
1380 2383 1484 2434 sim
1508 2377 1875 2446 delectatus-⁴!

314 2472 402 2523 De
440 2473 748 2537 composita
781 2473 882 2524 lite
905 2471 1271 2524 Reuchlinica
1307 2469 1522 2520 utinam
1545 2484 1709 2541 vera
1734 2477 1874 2536 nun-3

319 2553 450 2605 cies.
515 2555 824 2608 Nun'ciavit
868 2543 1021 2607 mihi
1050 2553 1272 2620 quidam
1315 2553 1780 2622 AlcmariensiS,
1826 2559 1859 2602 te

317 2636 528 2688 alteras
564 2639 634 2686 ad
669 2655 768 2688 nos
804 2639 1023 2690 dedisse
1056 2639 1278 2704 literas,
1324 2651 1515 2689 verum
1566 2653 1687 2691 eas
1740 2654 1863 2692 non-

315 2717 441 2766 dum
509 2722 721 2784 accepi.
799 2719 954 2774 Bene
1010 2723 1171 2788 vale,
1238 2723 1559 2773 doctissime
1642 2724 1874 2792 equari-⁴
