1942 3109
658 250 926 289 vonvxnu
963 247 1231 285 vnn-nvn.
1602 228 1705 283 435

924 524 977 575 8.

371 643 980 711 AntusCantus
1023 638 1529 705 Hornantius

256 750 388 801 olim
424 751 482 801 in
516 748 816 816 praesentia
851 746 1081 798 duorum
1116 745 1343 797 testium
1369 740 1645 793 Caesariee

697 836 976 886 castratus
1008 833 1205 897 Poeta,

477 935 626 969 nune
659 918 838 969 lector
872 919 1143 967 minorum
1178 916 1424 981 gentium

692 1016 858 1053 aureo
893 1015 993 1051 suo
1027 1000 1227 1063 amicO,

499 1086 779 1137 Domino
805 1084 1114 1137 Inflanto
1138 1083 1414 1147 Baeei0,

341 1170 613 1238 Magistro
648 1171 845 1223 maiori
880 1172 939 1221 in
974 1168 1227 1221 omnibus
1264 1166 1573 1219 literaturis

199 1260 258 1306 et
298 1254 594 1307 benedicto
641 1272 710 1306 ex
754 1256 860 1306 hoe
903 1270 1051 1305 nunc
1099 1257 1156 1304 et
1200 1266 1377 1317 usque
1421 1252 1482 1301 in
1524 1250 1719 1305 secula

199 1339 511 1393 seculorum
546 1339 737 1408 Amen,
774 1341 971 1392 iterum
1008 1337 1250 1391 secundo
1286 1335 1720 1390 versificatoriae

728 1425 967 1479 salutem
1004 1428 1189 1491 optat:

265 1547 576 1615 Perseripsi
601 1561 778 1614 nuper
800 1545 1191 1613 perpulchram
1216 1543 1287 1597 ad
1310 1547 1368 1597 te
1392 1543 1721 1611 Epistulam,

335 1634 472 1695 Quae
503 1632 641 1683 mihi
671 1648 782 1683 non
817 1647 1014 1697 parum
1046 1632 1159 1683 ista.
1192 1630 1405 1683 laboris
1441 1630 1608 1691 feeit3

268 1714 343 1767 Et
379 1730 480 1782 ego
515 1716 828 1783 sperabam,
866 1719 921 1765 te
956 1730 1085 1765 mox
1120 1729 1243 1767 esse
1278 1727 1687 1779 responsurum,

336 1798 474 1853 Cum
509 1800 628 1852 s'cio
663 1799 997 1866 permultum
1030 1803 1087 1851 te
1122 1798 1329 1850 habere
1365 1813 1534 1863 super
1568 1813 1683 1849 me:

272 1880 382 1931 Sed
419 1898 544 1933 eum
577 1885 794 1936 surrexi
825 1883 1011 1947 hodie,
1045 1899 1157 1933 non
1190 1881 1427 1933 nihilum
1460 1882 1576 1935 vidi

342 1964 501 2028 Quod
534 1963 866 2030 respondere
899 1967 963 2013 tu
995 1965 1227 2017 voluisti
1260 1966 1415 2027 mihi,

281 2049 426 2115 Quid
462 2048 568 2101 tibi
601 2045 940 2115 persuades?
979 2062 1053 2097 an
1085 2034 1171 2096 ine
1206 2051 1270 2097 tu
1291 2045 1510 2099 iudicas
1534 2047 1730 2113 Anser,

341 2132 466 2198 Cui,
491 2132 712 2198 quando
737 2131 1015 2196 clamitat,
1033 2146 1193 2184 nemo
1216 2130 1514 2201 respondet
1535 2132 1730 2187 homo?

273 2215 425 2268 Inter
459 2232 562 2269 nos
597 2220 813 2283 quanta
847 2216 1018 2270 fuerit
1052 2218 1307 2271 amicitia
1342 2233 1577 2289 semper,

347 2300 566 2368 Optime
604 2306 668 2355 tu
700 2301 869 2367 nosti,
906 2303 958 2354 si
990 2302 1149 2355 modo
1184 2303 1331 2357 scire
1365 2305 1537 2357 velis:

274 2386 406 2439 Non
429 2391 654 2454 poteras
689 2386 872 2452 edere,
896 2404 1007 2442 non
1029 2390 1471 2455 poterasbibere
1498 2390 1600 2443 abs
1622 2404 1729 2457 me,

341 2471 572 2539 Semper
607 2488 713 2540 ego·
745 2473 804 2525 in
839 2474 1038 2539 eculin,
1076 2488 1293 2539 semper
1326 2474 1385 2525 in
1408 2474 1601 2541 lingua
1626 2476 1728 2526 fui.

271 2554 502 2610 Memini
533 2573 634 2611 nos
671 2558 960 2625 quondam,
982 2572 1094 2609 non
1128 2557 1316 2612 multis
1354 2559 1559 2613 abhinc
1592 2560 1730 2611 lieet

815 2658 978 2697 amus

344 2724 694 2781 obdormisse
729 2727 908 2793 Ketae,
943 2725 1275 2792 invigilasse
1313 2726 1493 2777 Ketoe.

1316 2808 1429 2859 28*
