<?xml version="1.0" encoding="UTF-8"?>
<!DOCTYPE html PUBLIC "-//W3C//DTD XHTML 1.0 Transitional//EN"
    "http://www.w3.org/TR/xhtml1/DTD/xhtml1-transitional.dtd">
<html xmlns="http://www.w3.org/1999/xhtml" xml:lang="en" lang="en">
 <head>
  <title>
</title>
<meta http-equiv="Content-Type" content="text/html;charset=utf-8" />
  <meta name='ocr-system' content='tesseract 3.04.00' />
  <meta name='ocr-capabilities' content='ocr_page ocr_carea ocr_par ocr_line ocrx_word'/>
</head>
<body>
  <div class='ocr_page' id='page_1' title='image "./epistolaeobscur00huttgoog_0528.png"; bbox 0 0 1942 3109; ppageno 0'>
   <div class='ocr_carea' id='block_1_1' title="bbox 246 224 1726 278">
    <p class='ocr_par' dir='ltr' id='par_1_1' title="bbox 246 224 1726 278">
     <span class='ocr_line' id='line_1_1' title="bbox 246 224 1726 278; baseline -0.003 0"><span class='ocrx_word' id='word_1_1' title='bbox 246 239 463 278; x_wconf 69' lang='lat' dir='ltr'>CONTRA</span> <span class='ocrx_word' id='word_1_2' title='bbox 489 238 801 275; x_wconf 70' lang='lat' dir='ltr'>RBVGRLIM</span> <span class='ocrx_word' id='word_1_3' title='bbox 836 236 1342 275; x_wconf 67' lang='lat' dir='ltr'><strong>consvn‘rA&#39;rtouEM</strong></span> <span class='ocrx_word' id='word_1_4' title='bbox 1380 238 1556 278; x_wconf 71' lang='lat' dir='ltr'><strong>NOTAE.</strong></span> <span class='ocrx_word' id='word_1_5' title='bbox 1659 224 1726 275; x_wconf 76' lang='grc'><strong>67</strong></span> 
     </span>
    </p>
   </div>
   <div class='ocr_carea' id='block_1_2' title="bbox 194 342 1728 1853">
    <p class='ocr_par' dir='ltr' id='par_1_2' title="bbox 194 342 1728 1853">
     <span class='ocr_line' id='line_1_2' title="bbox 210 342 1728 410; baseline -0.002 -11"><span class='ocrx_word' id='word_1_6' title='bbox 210 346 467 410; x_wconf 81' lang='lat' dir='ltr'><strong>veritati,</strong></span> <span class='ocrx_word' id='word_1_7' title='bbox 506 344 683 407; x_wconf 80' lang='lat' dir='ltr'>Quale</span> <span class='ocrx_word' id='word_1_8' title='bbox 722 342 1002 410; x_wconf 82' lang='lat' dir='ltr'><strong>(obsecro)</strong></span> <span class='ocrx_word' id='word_1_9' title='bbox 1039 344 1257 410; x_wconf 85' lang='lat' dir='ltr'><strong>signum</strong></span> <span class='ocrx_word' id='word_1_10' title='bbox 1293 348 1380 393; x_wconf 87' lang='lat' dir='ltr'><strong>est</strong></span> <span class='ocrx_word' id='word_1_11' title='bbox 1411 345 1544 409; x_wconf 86' lang='lat' dir='ltr'><strong>hoc,</strong></span> <span class='ocrx_word' id='word_1_12' title='bbox 1582 344 1728 409; x_wconf 85' lang='lat' dir='ltr'><strong>quod</strong></span> 
     </span>
     <span class='ocr_line' id='line_1_3' title="bbox 210 428 1724 494; baseline -0.001 -13"><span class='ocrx_word' id='word_1_13' title='bbox 210 430 485 481; x_wconf 82' lang='lat' dir='ltr'><strong>Reuchlin</strong></span> <span class='ocrx_word' id='word_1_14' title='bbox 528 444 637 479; x_wconf 92' lang='lat' dir='ltr'><strong>non</strong></span> <span class='ocrx_word' id='word_1_15' title='bbox 684 428 926 481; x_wconf 83' lang='lat' dir='ltr'><strong>audebat</strong></span> <span class='ocrx_word' id='word_1_16' title='bbox 983 430 1090 480; x_wconf 90' lang='lat' dir='ltr'><strong>sibi</strong></span> <span class='ocrx_word' id='word_1_17' title='bbox 1145 430 1256 494; x_wconf 89' lang='lat' dir='ltr'><strong>ipsi</strong></span> <span class='ocrx_word' id='word_1_18' title='bbox 1305 428 1574 479; x_wconf 90' lang='lat' dir='ltr'><strong>confidere</strong></span> <span class='ocrx_word' id='word_1_19' title='bbox 1619 446 1724 479; x_wconf 83' lang='lat' dir='ltr'><strong>nec</strong></span> 
     </span>
     <span class='ocr_line' id='line_1_4' title="bbox 212 514 1726 581; baseline -0.001 -15"><span class='ocrx_word' id='word_1_20' title='bbox 212 516 344 566; x_wconf 82' lang='lat' dir='ltr'><strong>dare</strong></span> <span class='ocrx_word' id='word_1_21' title='bbox 379 514 439 564; x_wconf 89' lang='lat' dir='ltr'><strong>in</strong></span> <span class='ocrx_word' id='word_1_22' title='bbox 472 514 651 565; x_wconf 89' lang='lat' dir='ltr'><strong>lucem</strong></span> <span class='ocrx_word' id='word_1_23' title='bbox 687 530 786 581; x_wconf 90' lang='lat' dir='ltr'><strong>per</strong></span> <span class='ocrx_word' id='word_1_24' title='bbox 818 514 1100 580; x_wconf 82' lang='lat' dir='ltr'><strong>publicam</strong></span> <span class='ocrx_word' id='word_1_25' title='bbox 1125 514 1544 579; x_wconf 80' lang='lat' dir='ltr'>impressionem</span> <span class='ocrx_word' id='word_1_26' title='bbox 1571 528 1726 564; x_wconf 78' lang='lat' dir='ltr'><strong>suam</strong></span> 
     </span>
     <span class='ocr_line' id='line_1_5' title="bbox 214 597 1726 663; baseline -0.001 -12"><span class='ocrx_word' id='word_1_27' title='bbox 214 600 671 651; x_wconf 74' lang='lat' dir='ltr'><strong>consultationem</strong></span> <span class='ocrx_word' id='word_1_28' title='bbox 740 600 861 650; x_wconf 87' lang='lat' dir='ltr'><strong>sine</strong></span> <span class='ocrx_word' id='word_1_29' title='bbox 930 597 1432 663; x_wconf 84' lang='lat' dir='ltr'><strong>declarationibus,</strong></span> <span class='ocrx_word' id='word_1_30' title='bbox 1505 599 1726 661; x_wconf 76' lang='lat' dir='ltr'><strong>qualem</strong></span> 
     </span>
     <span class='ocr_line' id='line_1_6' title="bbox 209 683 1726 752; baseline -0.001 -17"><span class='ocrx_word' id='word_1_31' title='bbox 209 687 361 752; x_wconf 87' lang='lat' dir='ltr'><strong>prius</strong></span> <span class='ocrx_word' id='word_1_32' title='bbox 392 686 513 751; x_wconf 87' lang='lat' dir='ltr'><strong>ipse</strong></span> <span class='ocrx_word' id='word_1_33' title='bbox 538 685 741 735; x_wconf 86' lang='lat' dir='ltr'><strong>nudam</strong></span> <span class='ocrx_word' id='word_1_34' title='bbox 768 683 1050 735; x_wconf 80' lang='lat' dir='ltr'><strong>ediderat?</strong></span> <span class='ocrx_word' id='word_1_35' title='bbox 1106 684 1210 734; x_wconf 86' lang='lat' dir='ltr'><strong>Est</strong></span> <span class='ocrx_word' id='word_1_36' title='bbox 1231 684 1484 749; x_wconf 83' lang='lat' dir='ltr'><strong>profecto</strong></span> <span class='ocrx_word' id='word_1_37' title='bbox 1510 685 1726 749; x_wconf 86' lang='lat' dir='ltr'><strong>signum</strong></span> 
     </span>
     <span class='ocr_line' id='line_1_7' title="bbox 207 768 1725 837; baseline -0.004 -14"><span class='ocrx_word' id='word_1_38' title='bbox 207 770 535 837; x_wconf 84' lang='lat' dir='ltr'><strong>pessimum,</strong></span> <span class='ocrx_word' id='word_1_39' title='bbox 590 770 735 834; x_wconf 89' lang='lat' dir='ltr'><strong>quod</strong></span> <span class='ocrx_word' id='word_1_40' title='bbox 781 770 959 835; x_wconf 89' lang='lat' dir='ltr'><strong>ipsius</strong></span> <span class='ocrx_word' id='word_1_41' title='bbox 1007 770 1221 835; x_wconf 83' lang='lat' dir='ltr'><strong>scripta</strong></span> <span class='ocrx_word' id='word_1_42' title='bbox 1264 768 1444 835; x_wconf 84' lang='lat' dir='ltr'><strong>magis</strong></span> <span class='ocrx_word' id='word_1_43' title='bbox 1493 782 1725 820; x_wconf 82' lang='lat' dir='ltr'><strong>excusa·</strong></span> 
     </span>
     <span class='ocr_line' id='line_1_8' title="bbox 204 855 1725 921; baseline -0.002 -15"><span class='ocrx_word' id='word_1_44' title='bbox 204 856 452 907; x_wconf 83' lang='lat' dir='ltr'><strong>tionibus</strong></span> <span class='ocrx_word' id='word_1_45' title='bbox 510 855 867 921; x_wconf 80' lang='lat' dir='ltr'><strong>indiguerunt</strong></span> <span class='ocrx_word' id='word_1_46' title='bbox 922 868 1088 919; x_wconf 85' lang='lat' dir='ltr'><strong>quam</strong></span> <span class='ocrx_word' id='word_1_47' title='bbox 1146 868 1252 921; x_wconf 73' lang='lat' dir='ltr'><strong>que</strong></span> <span class='ocrx_word' id='word_1_48' title='bbox 1302 855 1372 905; x_wconf 87' lang='lat' dir='ltr'><strong>ab</strong></span> <span class='ocrx_word' id='word_1_49' title='bbox 1419 855 1549 905; x_wconf 87' lang='lat' dir='ltr'><strong>aliis</strong></span> <span class='ocrx_word' id='word_1_50' title='bbox 1591 858 1725 903; x_wconf 86' lang='lat' dir='ltr'><strong>tunc</strong></span> 
     </span>
     <span class='ocr_line' id='line_1_9' title="bbox 207 930 1724 1003; baseline 0.001 -15"><span class='ocrx_word' id='word_1_51' title='bbox 207 940 468 1003; x_wconf 89' lang='lat' dir='ltr'><strong>temporis</strong></span> <span class='ocrx_word' id='word_1_52' title='bbox 494 941 703 1003; x_wconf 85' lang='lat' dir='ltr'><strong>scripta</strong></span> <span class='ocrx_word' id='word_1_53' title='bbox 728 940 903 989; x_wconf 85' lang='lat' dir='ltr'><strong>fuere.</strong></span> <span class='ocrx_word' id='word_1_54' title='bbox 944 930 997 988; x_wconf 72' lang='lat' dir='ltr'><strong>(l</strong></span> <span class='ocrx_word' id='word_1_55' title='bbox 1023 938 1084 987; x_wconf 81' lang='lat' dir='ltr'><strong>Si</strong></span> <span class='ocrx_word' id='word_1_56' title='bbox 1107 940 1314 1002; x_wconf 87' lang='lat' dir='ltr'><strong>aliquis</strong></span> <span class='ocrx_word' id='word_1_57' title='bbox 1337 940 1724 990; x_wconf 86' lang='lat' dir='ltr'><strong>Reuchlinista</strong></span> 
     </span>
     <span class='ocr_line' id='line_1_10' title="bbox 208 1021 1722 1096; baseline 0 -23"><span class='ocrx_word' id='word_1_58' title='bbox 208 1023 478 1073; x_wconf 88' lang='lat' dir='ltr'><strong>obiecerit</strong></span> <span class='ocrx_word' id='word_1_59' title='bbox 524 1021 939 1073; x_wconf 82' lang='lat' dir='ltr'><strong>‘Necessarium</strong></span> <span class='ocrx_word' id='word_1_60' title='bbox 995 1026 1118 1074; x_wconf 89' lang='lat' dir='ltr'><strong>erat</strong></span> <span class='ocrx_word' id='word_1_61' title='bbox 1151 1021 1582 1096; x_wconf 56' lang='lat' dir='ltr'><strong>{declarationes</strong></span> <span class='ocrx_word' id='word_1_62' title='bbox 1629 1022 1722 1093; x_wconf 83' lang='lat' dir='ltr'><strong>ad-</strong></span> 
     </span>
     <span class='ocr_line' id='line_1_11' title="bbox 206 1098 1722 1174; baseline 0.001 -16"><span class='ocrx_word' id='word_1_63' title='bbox 206 1109 375 1158; x_wconf 89' lang='lat' dir='ltr'><strong>iicere</strong></span> <span class='ocrx_word' id='word_1_64' title='bbox 410 1111 637 1173; x_wconf 84' lang='lat' dir='ltr'><strong>propter</strong></span> <span class='ocrx_word' id='word_1_65' title='bbox 672 1110 821 1173; x_wconf 89' lang='lat' dir='ltr'><strong>ipsos</strong></span> <span class='ocrx_word' id='word_1_66' title='bbox 858 1108 1166 1174; x_wconf 82' lang='lat' dir='ltr'><strong>theologos,</strong></span> <span class='ocrx_word' id='word_1_67' title='bbox 1205 1098 1301 1171; x_wconf 86' lang='lat' dir='ltr'><strong>qui</strong></span> <span class='ocrx_word' id='word_1_68' title='bbox 1323 1110 1532 1173; x_wconf 86' lang='lat' dir='ltr'><strong>scripta</strong></span> <span class='ocrx_word' id='word_1_69' title='bbox 1568 1108 1722 1159; x_wconf 90' lang='lat' dir='ltr'><strong>illius</strong></span> 
     </span>
     <span class='ocr_line' id='line_1_12' title="bbox 202 1192 1722 1259; baseline 0.001 -18"><span class='ocrx_word' id='word_1_70' title='bbox 202 1192 525 1243; x_wconf 86' lang='lat' dir='ltr'><strong>theutonica</strong></span> <span class='ocrx_word' id='word_1_71' title='bbox 548 1193 695 1241; x_wconf 87' lang='lat' dir='ltr'><strong>male</strong></span> <span class='ocrx_word' id='word_1_72' title='bbox 720 1193 1154 1256; x_wconf 84' lang='lat' dir='ltr'><strong>intellexerunt&#39;‚</strong></span> <span class='ocrx_word' id='word_1_73' title='bbox 1185 1193 1530 1259; x_wconf 86' lang='lat' dir='ltr'><strong>Respondeo‚</strong></span> <span class='ocrx_word' id='word_1_74' title='bbox 1565 1194 1722 1243; x_wconf 79' lang='lat' dir='ltr'><strong>illam</strong></span> 
     </span>
     <span class='ocr_line' id='line_1_13' title="bbox 199 1265 1722 1347; baseline 0 -20"><span class='ocrx_word' id='word_1_75' title='bbox 199 1265 573 1327; x_wconf 59' lang='lat' dir='ltr'><strong>‘obiectionem</strong></span> <span class='ocrx_word' id='word_1_76' title='bbox 598 1276 930 1341; x_wconf 88' lang='lat' dir='ltr'><strong>simpliciter</strong></span> <span class='ocrx_word' id='word_1_77' title='bbox 956 1292 1080 1347; x_wconf 77' lang='lat' dir='ltr'><strong>esse</strong></span> <span class='ocrx_word' id='word_1_78' title='bbox 1105 1278 1317 1328; x_wconf 84' lang='lat' dir='ltr'><strong>nullam</strong></span> <span class='ocrx_word' id='word_1_79' title='bbox 1353 1281 1410 1328; x_wconf 89' lang='lat' dir='ltr'><strong>et</strong></span> <span class='ocrx_word' id='word_1_80' title='bbox 1445 1278 1722 1343; x_wconf 85' lang='lat' dir='ltr'><strong>frivolam,</strong></span> 
     </span>
     <span class='ocr_line' id='line_1_14' title="bbox 204 1362 1722 1427; baseline 0.001 -16"><span class='ocrx_word' id='word_1_81' title='bbox 204 1362 337 1425; x_wconf 84' lang='lat' dir='ltr'><strong>quia</strong></span> <span class='ocrx_word' id='word_1_82' title='bbox 372 1366 505 1412; x_wconf 88' lang='lat' dir='ltr'><strong>tunc</strong></span> <span class='ocrx_word' id='word_1_83' title='bbox 540 1363 803 1427; x_wconf 81' lang='lat' dir='ltr'><strong>temporis</strong></span> <span class='ocrx_word' id='word_1_84' title='bbox 846 1362 1006 1413; x_wconf 89' lang='lat' dir='ltr'><strong>nulla</strong></span> <span class='ocrx_word' id='word_1_85' title='bbox 1049 1379 1113 1414; x_wconf 90' lang='lat' dir='ltr'><strong>se·</strong></span> <span class='ocrx_word' id='word_1_86' title='bbox 1159 1362 1338 1413; x_wconf 87' lang='lat' dir='ltr'><strong>adhuc</strong></span> <span class='ocrx_word' id='word_1_87' title='bbox 1383 1364 1722 1414; x_wconf 78' lang='lat' dir='ltr'><strong>universitas</strong></span> 
     </span>
     <span class='ocr_line' id='line_1_15' title="bbox 202 1445 1720 1513; baseline 0.003 -17"><span class='ocrx_word' id='word_1_88' title='bbox 202 1445 291 1496; x_wconf 89' lang='lat' dir='ltr'><strong>illi</strong></span> <span class='ocrx_word' id='word_1_89' title='bbox 325 1448 559 1512; x_wconf 82' lang='lat' dir='ltr'><strong>negocio</strong></span> <span class='ocrx_word' id='word_1_90' title='bbox 582 1447 996 1513; x_wconf 80' lang='lat' dir='ltr'><strong>interposuerat</strong></span> <span class='ocrx_word' id='word_1_91' title='bbox 1030 1463 1211 1513; x_wconf 88' lang='lat' dir='ltr'><strong>neque</strong></span> <span class='ocrx_word' id='word_1_92' title='bbox 1247 1448 1400 1499; x_wconf 85' lang='lat' dir='ltr'><strong>illius</strong></span> <span class='ocrx_word' id='word_1_93' title='bbox 1439 1448 1720 1501; x_wconf 86' lang='lat' dir='ltr'><strong>consulta·</strong></span> 
     </span>
     <span class='ocr_line' id='line_1_16' title="bbox 200 1531 1719 1601; baseline 0.003 -20"><span class='ocrx_word' id='word_1_94' title='bbox 200 1531 409 1583; x_wconf 88' lang='lat' dir='ltr'><strong>tionem</strong></span> <span class='ocrx_word' id='word_1_95' title='bbox 430 1531 667 1583; x_wconf 84' lang='lat' dir='ltr'><strong>viderat.</strong></span> <span class='ocrx_word' id='word_1_96' title='bbox 727 1532 801 1582; x_wconf 88' lang='lat' dir='ltr'><strong>Et</strong></span> <span class='ocrx_word' id='word_1_97' title='bbox 824 1537 885 1583; x_wconf 85' lang='lat' dir='ltr'><strong>ut</strong></span> <span class='ocrx_word' id='word_1_98' title='bbox 908 1534 1016 1584; x_wconf 90' lang='lat' dir='ltr'><strong>hoc</strong></span> <span class='ocrx_word' id='word_1_99' title='bbox 1043 1534 1358 1600; x_wconf 83' lang='lat' dir='ltr'><strong>adiungam,</strong></span> <span class='ocrx_word' id='word_1_100' title='bbox 1394 1536 1719 1601; x_wconf 81' lang='lat' dir='ltr'><strong>priusquam</strong></span> 
     </span>
     <span class='ocr_line' id='line_1_17' title="bbox 194 1617 1721 1684; baseline 0.003 -19"><span class='ocrx_word' id='word_1_101' title='bbox 194 1617 521 1679; x_wconf 84' lang='lat' dir='ltr'><strong>impressum</strong></span> <span class='ocrx_word' id='word_1_102' title='bbox 566 1618 769 1668; x_wconf 85' lang='lat' dir='ltr'><strong>fuisset</strong></span> <span class='ocrx_word' id='word_1_103' title='bbox 802 1621 873 1670; x_wconf 84' lang='lat' dir='ltr'><strong>ab</strong></span> <span class='ocrx_word' id='word_1_104' title='bbox 912 1618 1230 1670; x_wconf 84' lang='lat' dir='ltr'><strong>adversario</strong></span> <span class='ocrx_word' id='word_1_105' title='bbox 1266 1620 1554 1684; x_wconf 84' lang='lat' dir='ltr'><strong>speculum</strong></span> <span class='ocrx_word' id='word_1_106' title='bbox 1589 1636 1721 1671; x_wconf 87' lang='lat' dir='ltr'><strong>ocu-</strong></span> 
     </span>
     <span class='ocr_line' id='line_1_18' title="bbox 196 1700 1718 1764; baseline 0.004 -15"><span class='ocrx_word' id='word_1_107' title='bbox 196 1700 345 1764; x_wconf 87' lang='lat' dir='ltr'><strong>lare,</strong></span> <span class='ocrx_word' id='word_1_108' title='bbox 394 1716 428 1749; x_wconf 85' lang='lat' dir='ltr'><strong>a</strong></span> <span class='ocrx_word' id='word_1_109' title='bbox 463 1701 653 1751; x_wconf 88' lang='lat' dir='ltr'><strong>multis</strong></span> <span class='ocrx_word' id='word_1_110' title='bbox 698 1704 809 1751; x_wconf 87' lang='lat' dir='ltr'><strong>iam</strong></span> <span class='ocrx_word' id='word_1_111' title='bbox 854 1703 1252 1754; x_wconf 85' lang='lat' dir='ltr'><strong>iureconsultis</strong></span> <span class='ocrx_word' id='word_1_112' title='bbox 1289 1706 1346 1753; x_wconf 90' lang='lat' dir='ltr'><strong>et</strong></span> <span class='ocrx_word' id='word_1_113' title='bbox 1381 1704 1511 1755; x_wconf 83' lang='lat' dir='ltr'><strong>aliis</strong></span> <span class='ocrx_word' id='word_1_114' title='bbox 1547 1706 1718 1755; x_wconf 85' lang='lat' dir='ltr'><strong>soler-</strong></span> 
     </span>
     <span class='ocr_line' id='line_1_19' title="bbox 194 1785 1688 1853; baseline 0.003 -19"><span class='ocrx_word' id='word_1_115' title='bbox 194 1786 427 1835; x_wconf 82' lang='lat' dir='ltr'><strong>tissimis</strong></span> <span class='ocrx_word' id='word_1_116' title='bbox 463 1785 627 1836; x_wconf 90' lang='lat' dir='ltr'><strong>laicis</strong></span> <span class='ocrx_word' id='word_1_117' title='bbox 652 1800 1014 1853; x_wconf 74' lang='lat' dir='ltr'><strong>sepenumero</strong></span> <span class='ocrx_word' id='word_1_118' title='bbox 1049 1788 1318 1837; x_wconf 84' lang='lat' dir='ltr'><strong>reiectum</strong></span> <span class='ocrx_word' id='word_1_119' title='bbox 1353 1788 1462 1837; x_wconf 81' lang='lat' dir='ltr'><strong>fuit</strong></span> <span class='ocrx_word' id='word_1_120' title='bbox 1499 1792 1574 1837; x_wconf 81' lang='lat' dir='ltr'><strong>‚et</strong></span> <span class='ocrx_word' id='word_1_121' title='bbox 1599 1804 1644 1840; x_wconf 77' lang='lat' dir='ltr'><strong>c.</strong></span> <span class='ocrx_word' id='word_1_122' title='bbox 1679 1788 1688 1853; x_wconf 87' lang='grc' dir='ltr'>Ι</span> 
     </span>
    </p>
   </div>
   <div class='ocr_carea' id='block_1_3' title="bbox 685 1900 1939 1991">
    <p class='ocr_par' dir='ltr' id='par_1_3' title="bbox 685 1900 1939 1991">
     <span class='ocr_line' id='line_1_20' title="bbox 685 1900 1939 1991; baseline 0.001 -23"><span class='ocrx_word' id='word_1_123' title='bbox 685 1920 858 1969; x_wconf 85' lang='lat' dir='ltr'><strong>Nota</strong></span> <span class='ocrx_word' id='word_1_124' title='bbox 894 1920 1218 1971; x_wconf 82' lang='lat' dir='ltr'><strong>Secundo.</strong></span> <span class='ocrx_word' id='word_1_125' title='bbox 1717 1924 1848 1991; x_wconf 60' lang='lat' dir='ltr'>(oe4)</span> <span class='ocrx_word' id='word_1_126' title='bbox 1938 1900 1939 1905; x_wconf 19' lang='lat'>¹</span> 
     </span>
    </p>
   </div>
   <div class='ocr_carea' id='block_1_4' title="bbox 178 2028 1715 2785">
    <p class='ocr_par' dir='ltr' id='par_1_4' title="bbox 178 2028 1715 2785">
     <span class='ocr_line' id='line_1_21' title="bbox 300 2028 1715 2093; baseline 0.005 -7"><span class='ocrx_word' id='word_1_127' title='bbox 300 2028 353 2086; x_wconf 67' lang='lat' dir='ltr'><strong>(I</strong></span> <span class='ocrx_word' id='word_1_128' title='bbox 401 2036 649 2088; x_wconf 87' lang='lat' dir='ltr'><strong>Obiiciat</strong></span> <span class='ocrx_word' id='word_1_129' title='bbox 684 2052 831 2085; x_wconf 88' lang='lat' dir='ltr'><strong>nunc</strong></span> <span class='ocrx_word' id='word_1_130' title='bbox 868 2036 1016 2087; x_wconf 83' lang='lat' dir='ltr'><strong>alius</strong></span> <span class='ocrx_word' id='word_1_131' title='bbox 1051 2037 1440 2088; x_wconf 87' lang='lat' dir='ltr'><strong>Reuchlinista</strong></span> <span class='ocrx_word' id='word_1_132' title='bbox 1491 2042 1715 2093; x_wconf 84' lang='lat' dir='ltr'><strong>sinistre</strong></span> 
     </span>
     <span class='ocr_line' id='line_1_22' title="bbox 191 2120 1714 2191; baseline 0.003 -20"><span class='ocrx_word' id='word_1_133' title='bbox 191 2122 527 2172; x_wconf 73' lang='lat' dir='ltr'><strong>Informatus</strong></span> <span class='ocrx_word' id='word_1_134' title='bbox 556 2124 613 2171; x_wconf 84' lang='lat' dir='ltr'><strong>et</strong></span> <span class='ocrx_word' id='word_1_135' title='bbox 634 2120 769 2170; x_wconf 88' lang='lat' dir='ltr'><strong>mihi</strong></span> <span class='ocrx_word' id='word_1_136' title='bbox 792 2126 1085 2187; x_wconf 81' lang='lat' dir='ltr'><strong>proponat,</strong></span> <span class='ocrx_word' id='word_1_137' title='bbox 1122 2121 1313 2173; x_wconf 85' lang='lat' dir='ltr'><strong>dicens</strong></span> <span class='ocrx_word' id='word_1_138' title='bbox 1339 2122 1442 2173; x_wconf 87' lang='lat' dir='ltr'><strong>‘Tu</strong></span> <span class='ocrx_word' id='word_1_139' title='bbox 1463 2124 1522 2174; x_wconf 88' lang='lat' dir='ltr'><strong>in</strong></span> <span class='ocrx_word' id='word_1_140' title='bbox 1550 2124 1714 2191; x_wconf 89' lang='lat' dir='ltr'><strong>culpa</strong></span> 
     </span>
     <span class='ocr_line' id='line_1_23' title="bbox 191 2203 1712 2274; baseline 0.003 -18"><span class='ocrx_word' id='word_1_141' title='bbox 191 2221 282 2269; x_wconf 89' lang='lat' dir='ltr'><strong>es,</strong></span> <span class='ocrx_word' id='word_1_142' title='bbox 344 2203 489 2269; x_wconf 88' lang='lat' dir='ltr'><strong>quod</strong></span> <span class='ocrx_word' id='word_1_143' title='bbox 532 2204 771 2257; x_wconf 78' lang='lat' dir='ltr'><strong>Ioannes</strong></span> <span class='ocrx_word' id='word_1_144' title='bbox 806 2207 1082 2258; x_wconf 84' lang='lat' dir='ltr'><strong>Reuchlin</strong></span> <span class='ocrx_word' id='word_1_145' title='bbox 1125 2208 1364 2274; x_wconf 87' lang='lat' dir='ltr'><strong>imprimi</strong></span> <span class='ocrx_word' id='word_1_146' title='bbox 1408 2210 1546 2260; x_wconf 87' lang='lat' dir='ltr'><strong>fecit</strong></span> <span class='ocrx_word' id='word_1_147' title='bbox 1583 2227 1712 2263; x_wconf 79' lang='lat' dir='ltr'><strong>con-</strong></span> 
     </span>
     <span class='ocr_line' id='line_1_24' title="bbox 186 2289 1711 2361; baseline 0.003 -20"><span class='ocrx_word' id='word_1_148' title='bbox 186 2289 553 2341; x_wconf 81' lang='lat' dir='ltr'><strong>sultationem</strong></span> <span class='ocrx_word' id='word_1_149' title='bbox 581 2306 735 2341; x_wconf 83' lang='lat' dir='ltr'><strong>suam</strong></span> <span class='ocrx_word' id='word_1_150' title='bbox 761 2292 905 2357; x_wconf 88' lang='lat' dir='ltr'><strong>quod</strong></span> <span class='ocrx_word' id='word_1_151' title='bbox 928 2294 1214 2359; x_wconf 84' lang='lat' dir='ltr'><strong>speculum</strong></span> <span class='ocrx_word' id='word_1_152' title='bbox 1237 2294 1465 2347; x_wconf 86' lang='lat' dir='ltr'><strong>oculare</strong></span> <span class='ocrx_word' id='word_1_153' title='bbox 1488 2301 1711 2361; x_wconf 86' lang='lat' dir='ltr'><strong>vocant,</strong></span> 
     </span>
     <span class='ocr_line' id='line_1_25' title="bbox 186 2375 1710 2446; baseline 0.005 -21"><span class='ocrx_word' id='word_1_154' title='bbox 186 2390 315 2426; x_wconf 88' lang='lat' dir='ltr'><strong>cum</strong></span> <span class='ocrx_word' id='word_1_155' title='bbox 349 2376 487 2441; x_wconf 85' lang='lat' dir='ltr'><strong>ipsis</strong></span> <span class='ocrx_word' id='word_1_156' title='bbox 524 2375 1025 2442; x_wconf 84' lang='lat' dir='ltr'><strong>declarationibus,</strong></span> <span class='ocrx_word' id='word_1_157' title='bbox 1075 2394 1138 2429; x_wconf 91' lang='lat' dir='ltr'><strong>eo</strong></span> <span class='ocrx_word' id='word_1_158' title='bbox 1175 2378 1320 2443; x_wconf 87' lang='lat' dir='ltr'><strong>quod</strong></span> <span class='ocrx_word' id='word_1_159' title='bbox 1355 2383 1416 2429; x_wconf 93' lang='lat' dir='ltr'><strong>tu</strong></span> <span class='ocrx_word' id='word_1_160' title='bbox 1453 2396 1710 2446; x_wconf 81' lang='lat' dir='ltr'><strong>expresse</strong></span> 
     </span>
     <span class='ocr_line' id='line_1_26' title="bbox 186 2460 1708 2526; baseline 0.005 -17"><span class='ocrx_word' id='word_1_161' title='bbox 186 2464 387 2511; x_wconf 83' lang='lat' dir='ltr'><strong>contra</strong></span> <span class='ocrx_word' id='word_1_162' title='bbox 412 2461 591 2526; x_wconf 88' lang='lat' dir='ltr'><strong>ipsius</strong></span> <span class='ocrx_word' id='word_1_163' title='bbox 618 2460 1083 2513; x_wconf 85' lang='lat' dir='ltr'><strong>consultationem</strong></span> <span class='ocrx_word' id='word_1_164' title='bbox 1107 2462 1166 2512; x_wconf 86' lang='lat' dir='ltr'><strong>in</strong></span> <span class='ocrx_word' id='word_1_165' title='bbox 1181 2464 1431 2513; x_wconf 85' lang='lat' dir='ltr'><strong>manuali</strong></span> <span class='ocrx_word' id='word_1_166' title='bbox 1452 2468 1546 2516; x_wconf 90' lang='lat' dir='ltr'><strong>tuo</strong></span> <span class='ocrx_word' id='word_1_167' title='bbox 1565 2466 1708 2517; x_wconf 84' lang='lat' dir='ltr'><strong>libro</strong></span> 
     </span>
     <span class='ocr_line' id='line_1_27' title="bbox 182 2546 1706 2617; baseline 0.004 -22"><span class='ocrx_word' id='word_1_168' title='bbox 182 2546 465 2610; x_wconf 84' lang='lat' dir='ltr'><strong>scripsisti</strong></span> <span class='ocrx_word' id='word_1_169' title='bbox 511 2550 569 2597; x_wconf 86' lang='lat' dir='ltr'><strong>et</strong></span> <span class='ocrx_word' id='word_1_170' title='bbox 613 2546 771 2597; x_wconf 89' lang='lat' dir='ltr'><strong>illam</strong></span> <span class='ocrx_word' id='word_1_171' title='bbox 816 2548 1161 2612; x_wconf 82' lang='lat' dir='ltr'><strong>impugnasti</strong></span> <span class='ocrx_word' id='word_1_172' title='bbox 1207 2552 1304 2611; x_wconf 78' lang='lat' dir='ltr'><strong>aut</strong></span> <span class='ocrx_word' id='word_1_173' title='bbox 1339 2549 1547 2600; x_wconf 86' lang='lat' dir='ltr'><strong>rectius</strong></span> <span class='ocrx_word' id='word_1_174' title='bbox 1582 2566 1706 2617; x_wconf 89' lang='lat' dir='ltr'><strong>per-</strong></span> 
     </span>
     <span class='ocr_line' id='line_1_28' title="bbox 178 2630 1704 2697; baseline 0.004 -18"><span class='ocrx_word' id='word_1_175' title='bbox 178 2630 442 2679; x_wconf 81' lang='lat' dir='ltr'><strong>vertisti’.</strong></span> <span class='ocrx_word' id='word_1_176' title='bbox 512 2630 841 2697; x_wconf 86' lang='lat' dir='ltr'><strong>Respondeo</strong></span> <span class='ocrx_word' id='word_1_177' title='bbox 875 2646 1077 2683; x_wconf 84' lang='lat' dir='ltr'><strong>novam</strong></span> <span class='ocrx_word' id='word_1_178' title='bbox 1122 2633 1285 2683; x_wconf 85' lang='lat' dir='ltr'><strong>istam</strong></span> <span class='ocrx_word' id='word_1_179' title='bbox 1333 2635 1704 2686; x_wconf 80' lang='lat' dir='ltr'><strong>obiectionem</strong></span> 
     </span>
     <span class='ocr_line' id='line_1_29' title="bbox 178 2712 1704 2785; baseline 0.004 -22"><span class='ocrx_word' id='word_1_180' title='bbox 178 2712 391 2763; x_wconf 86' lang='lat' dir='ltr'><strong>falsam</strong></span> <span class='ocrx_word' id='word_1_181' title='bbox 438 2728 587 2780; x_wconf 83' lang='lat' dir='ltr'><strong>esse,</strong></span> <span class='ocrx_word' id='word_1_182' title='bbox 650 2720 706 2766; x_wconf 86' lang='lat' dir='ltr'><strong>et</strong></span> <span class='ocrx_word' id='word_1_183' title='bbox 748 2715 853 2766; x_wconf 89' lang='lat' dir='ltr'><strong>hoc</strong></span> <span class='ocrx_word' id='word_1_184' title='bbox 902 2715 1008 2765; x_wconf 85' lang='lat' dir='ltr'><strong>tali</strong></span> <span class='ocrx_word' id='word_1_185' title='bbox 1051 2716 1268 2775; x_wconf 82' lang='lat' dir='ltr'><strong>ratione</strong></span> <span class='ocrx_word' id='word_1_186' title='bbox 1315 2718 1462 2781; x_wconf 88' lang='lat' dir='ltr'><strong>quod</strong></span> <span class='ocrx_word' id='word_1_187' title='bbox 1507 2732 1609 2785; x_wconf 86' lang='lat' dir='ltr'><strong>ego</strong></span> <span class='ocrx_word' id='word_1_188' title='bbox 1646 2718 1704 2769; x_wconf 85' lang='lat' dir='ltr'><strong>in</strong></span> 
     </span>
    </p>
   </div>
   <div class='ocr_carea' id='block_1_5' title="bbox 1357 2800 1434 2853">
    <p class='ocr_par' dir='ltr' id='par_1_5' title="bbox 1357 2800 1434 2853">
     <span class='ocr_line' id='line_1_30' title="bbox 1357 2800 1434 2853; baseline 0 -20"><span class='ocrx_word' id='word_1_189' title='bbox 1357 2800 1434 2853; x_wconf 67' lang='lat'><strong>5*</strong></span> 
     </span>
    </p>
   </div>
  </div>
 </body>
</html>
