1942 3109
264 232 334 273 10.
355 234 646 271 sammon.
667 234 916 271 xucxux.
955 229 1019 273 n.
1040 234 1239 271 ronoct
1258 236 1543 273 usa-ons.
1590 220 1687 273 201

147 342 300 393 mihi
351 340 635 391 custodire
683 341 920 391 animam
965 344 1023 392 et
1070 354 1285 407 corpus.
1352 340 1461 392 Sed
1502 346 1691 393 tamen

148 427 348 493 magis
383 425 632 476 animam
671 426 816 488 Quia
853 440 1051 492 corpus
1084 431 1175 477 est
1208 426 1417 491 pulvist
1452 431 1509 479 et
1542 429 1691 477 sicut

149 512 304 563 dicit
339 526 513 562 sacra
547 512 858 575 scriptura,
893 510 1107 563 ‘Pulvis
1140 528 1199 562 es
1236 515 1293 563 et
1325 512 1385 562 in
1406 513 1689 577 pulverem

147 596 510 649 reverteris’.
587 596 757 646 etiam
811 610 968 661 spero
1022 596 1169 662 quod
1220 612 1330 647 non
1372 598 1520 648 male
1564 612 1689 649 suc·

149 681 314 732 cedit
349 679 514 732 vobis
544 680 694 743 Quia
731 681 943 745 quando
980 696 1123 733 unus
1156 682 1329 732 habet
1362 666 1529 732 istam
1564 697 1689 747 gra·

145 769 298 817 tiam
347 782 386 815 a
431 764 539 815 deo
586 764 732 829 quod
775 782 993 832 semper
1042 768 1259 835 penitet
1313 766 1381 817 de
1436 768 1689 833 peccatis

149 855 310 914 suis,
359 854 420 901 et
469 856 592 899 orat
637 850 834 901 devote
881 852 1159 902 orationes
1204 868 1365 917 suas,
1422 853 1593 903 ctiam
1638 854 1689 901 si

149 951 270 985 non
320 950 462 999 sepe
509 935 752 998 ieiunat,
795 940 932 985 tunc
967 935 1218 987 dominus
1252 937 1387 987 deus
1420 954 1530 987 non
1562 937 1688 989 vult

150 1020 312 1086 quod
345 1019 498 1071 male
537 1020 788 1071 succedit
822 1020 894 1070 ei,
963 1020 1085 1086 Ego
1120 1021 1237 1072 scio
1282 1020 1429 1085 quod
1470 1022 1687 1072 habetis

153 1107 378 1157 bonam
413 1103 854 1168 Conscientiam,
903 1108 958 1154 et
992 1120 1211 1170 semper
1242 1107 1379 1156 estis
1416 1108 1474 1155 in
1508 1104 1691 1156 studio

159 1190 374 1241 volens
429 1204 719 1253 procurare
772 1191 980 1240 bonum
1034 1189 1291 1256 ecclesie.
1377 1190 1519 1254 Quia
1570 1190 1688 1240 scio

157 1276 316 1327 bene
364 1275 631 1339 quomodo
677 1290 856 1340 nuper
909 1276 1217 1341 scripsistis
1266 1290 1431 1327 unum
1486 1276 1685 1327 librum

151 1363 370 1411 contra
426 1359 698 1422 quendam
754 1359 1061 1428 hereticum
1111 1360 1377 1411 Ioannem
1416 1362 1687 1411 Reuchlin

153 1448 220 1497 ct
257 1444 376 1494 fuit
409 1445 493 1493 ita
527 1443 926 1509 magistraliter
961 1446 1291 1510 compilatus
1329 1444 1470 1508 quod
1516 1445 1685 1496 habui

147 1530 592 1581 admirationem
630 1528 846 1579 exinde.
907 1532 962 1579 et
986 1530 1103 1579 dixi
1126 1530 1195 1579 ad
1219 1544 1385 1580 unum
1408 1544 1683 1582 cursorem

145 1617 222 1667 de
264 1613 470 1665 ordine
505 1613 912 1681 predicatorum
937 1616 1033 1679 qui
1055 1616 1493 1680 circunportavit
1515 1616 1684 1666 talem

143 1702 400 1753 librum:
437 1697 576 1763 ‘Ego
623 1697 784 1749 credo
831 1699 974 1763 quod
1018 1701 1127 1750 iste
1172 1700 1329 1751 homo
1373 1701 1545 1751 habet
1578 1700 1685 1750 duo

145 1785 398 1851 capita',
447 1782 591 1846 quod
634 1788 819 1848 potest
873 1785 954 1833 ita
1010 1784 1315 1835 scientifice
1369 1786 1683 1849 practicare

147 1884 338 1921 unam
385 1870 533 1917 rem'.
615 1867 724 1919 Sed
774 1867 1030 1919 intellexi
1074 1869 1245 1919 etiam
1288 1870 1357 1919 ab
1402 1868 1503 1919 illo
1550 1868 1684 1918 Cur·

143 1970 316 2017 sore,
365 1951 532 2016 quod1
557 1952 806 2004 scribitis
852 1957 1211 2005 commentum
1264 1969 1431 2019 super
1483 1954 1683 2005 librum

144 2038 428 2104 Magistri
461 2038 638 2088 nostri
671 2038 900 2089 Arnoldi
943 2038 1010 2087 de
1046 2038 1297 2102 Tungari
1342 2052 1503 2101 quem
1550 2040 1683 2088 arti-

149 2124 400 2175 culatim
437 2124 747 2187 composuit
781 2122 846 2173 de
894 2122 1365 2187 propositionibus
1409 2122 1683 2191 heretica·

147 2209 314 2259 libus
357 2206 594 2272 speculi
635 2206 914 2259 Oculatis.
984 2206 1227 2259 Mittatis
1280 2208 1415 2259 mihi
1462 2208 1681 2272 quando

153 2296 252 2345 est
272 2292 589 2357 perfectum
613 2292 727 2343 tale
755 2291 1149 2343 Commeatum.
1208 2294 1355 2355 Quia
1388 2293 1505 2343 scio
1539 2292 1685 2356 quod

151 2376 530 2445 proculdubio
577 2378 686 2427 erit
725 2377 1009 2441 mirabile,
1055 2392 1333 2443 exponens
1376 2378 1559 2428 omnia
1596 2393 1682 2427 ar-

157 2465 460 2527 gumenta,
509 2465 566 2511 ct
607 2462 880 2513 notabilia
925 2466 985 2511 et
1024 2462 1423 2527 propositiones
1458 2466 1515 2511 et
1553 2478 1681 2513 con·

161 2547 450 2597 clusiones
497 2549 556 2595 et
599 2546 900 2608 corolaria,
946 2560 1053 2612 que
1100 2547 1265 2611 pauci
1297 2546 1439 2597 bene
1474 2546 1683 2597 intelli-

160 2635 330 2696 gunt,
379 2630 514 2694 quia
557 2630 656 2681 ille
691 2630 964 2695 Magister
1006 2634 1193 2681 noster
1238 2633 1325 2679 est
1355 2630 1521 2678 nimis
1556 2630 1688 2676 sub·

159 2715 286 2765 tilis
309 2717 370 2765 in
391 2716 619 2779 scriptis
647 2715 788 2778 suis,
825 2714 977 2763 sicut
998 2712 1355 2763 communiter
1378 2709 1687 2767 Albertistq
