1942 3109
253 214 320 268 92
389 231 767 270 Pssrmucomu
793 233 1035 271 Damus.
1050 234 1267 272 CONTRA
1293 234 1493 272 rums.
1508 237 1564 272 Ο.
1582 238 1777 282 7.ΕΡΡ.

253 338 546 390 recondam
581 338 830 406 gladium
867 343 942 390 .et
965 356 1017 390 c.
1084 341 1208 392 vult
1252 340 1362 392 sibi
1403 357 1505 405 per
1550 349 1775 398 nostros

252 426 486 492 precipi‚
521 426 620 476 sed
651 441 762 477 non
796 425 919 478 vult
953 425 1199 478 obedire.
1234 441 1417 490 neque
1442 427 1619 479 etiam
1652 445 1776 499 pre-

255 511 432 575 ceptis
469 509 742 576 obedivit,
787 511 886 562 sed
931 510 1061 561 dum
1105 511 1395 562 simularet
1440 527 1501 562 se
1549 514 1774 569 obedire

253 595 401 646 velle
417 635 430 661 ,
489 595 870 648 theutonicam
919 595 1091 647 edidit
1137 596 1599 662 declarationem,
1662 615 1773 670 que

253 681 396 732 nihil
430 681 539 732 fuit
573 680 644 731 ad
688 682 1055 747 propositum,
1103 686 1165 730 ut
1210 682 1405 731 statim
1451 682 1772 737 immed-iate

253 769 380 830 post
415 765 711 829 epistolam
745 768 1069 830 sequentem
1104 763 1339 818 dicetur.
1416 757 1471 816 {I
1504 768 1773 835 Preterea

252 850 494 900 minatur
529 850 689 900 nobis
725 850 832 900 hoc
867 851 1009 915 loco,
1049 850 1259 914 dicens,
1296 849 1555 902 ‘monitus
1580 868 1767 904 recon-

253 934 380 986 dam
415 934 695 1000 gladium’.
765 937 890 988 Hoc
927 951 1094 1000 quam
1126 937 1205 986 sit
1236 937 1451 1002 puerile
1496 939 1629 1001 quis
1663 955 1769 990 non

251 1022 440 1072 videt?
474 1021 598 1074 Non
633 1025 764 1072 sunt
796 1025 911 1072 tam
947 1022 1103 1073 leves
1136 1021 1393 1087 magistri
1426 1023 1605 1072 nostri
1630 1023 1771 1074 alia-

252 1120 480 1170 rumque
536 1107 965 1158 universitatum
1019 1106 1298 1178 dqctores,
1354 1109 1419 1156 ut
1472 1106 1567 1158 vel
1614 1124 1768 1172 pom-

253 1191 405 1257 posis
440 1190 700 1242 laudibus
745 1192 1171 1262 intumescant,
1198 1194 1297 1240 aut
1341 1193 1529 1257 pravis
1576 1191 1773 1244 adula-

252 1276 497 1328 tionibus
545 1279 1019 1341 commoveantur,
1078 1279 1175 1326 aut
1220 1277 1385 1328 minis
1437 1279 1779 1342 terreantur,

255 1376 362 1426 quo
407 1362 586 1412 minus
632 1360 690 1411 id
737 1359 884 1425 quod
927 1361 1133 1411 iustum
1178 1363 1265 1412 est
1306 1361 1367 1410 in
1402 1357 1647 1411 ecclesia
1686 1361 1776 1412 dei

253 1445 562 1512 perficiant.
636 1445 780 1507 Quid
813 1445 1030 1496 multa?
1074 1444 1321 1496 Minatus
1360 1447 1447 1495 est
1479 1445 1769 1512 sepissime

253 1531 413 1582 nobis
447 1531 508 1579 in
555 1528 813 1593 epistolis
861 1528 1005 1592 suis,
1054 1542 1375 1593 quanquam
1416 1532 1601 1580 minus
1644 1544 1768 1592 pru-

255 1614 474 1678 denter,
524 1617 588 1664 ut
621 1613 770 1662 infra
805 1612 979 1664 latius
1014 1613 1245 1664 dicetur.
1318 1615 1671 1680 Quapropter
1704 1613 1775 1664 ad

257 1699 731 1752 continuationem
765 1698 999 1767 historie
1042 1697 1349 1761 redeundo,
1399 1698 1533 1762 quid
1585 1701 1773 1750 nostra

253 1778 593 1840 universitas
629 1785 740 1848 ipsi
771 1782 1119 1848 responderit
1151 1782 1458 1833 videamus.
1528 1783 1775 1836 Necesse

257 1875 344 1921 est
381 1871 528 1922 enim
561 1872 626 1918 ut
658 1869 764 1919 hoc
799 1868 922 1919 loco
967 1867 1155 1918 brevis
1202 1867 1321 1917 sim.
1393 1867 1537 1918 Nam
1584 1870 1641 1918 si
1672 1869 1781 1918 sin-

255 1955 390 2023 gula
425 1959 482 2008 et
517 1969 624 2024 que
659 1954 718 2003 in
767 1953 876 2005 hac
923 1951 1164 2019 epistola
1210 1955 1267 2003 et
1312 1965 1419 2016 que
1465 1953 1527 2002 in
1574 1954 1785 2004 ceteris

258 2041 515 2108 (maxime
563 2040 634 2092 ad
679 2036 1129 2105 Parrhysienses)
1178 2034 1323 2104 false
1371 2049 1439 2086 ac
1485 2051 1785 2102 perperam

257 2129 508 2194 scripsit,
569 2125 854 2188 explicare
915 2120 1278 2185 contendero,
1351 2123 1637 2186 oporteret
1694 2136 1792 2172 me

255 2213 515 2263 volumen
549 2206 948 2272 amplissimum
982 2207 1160 2256 instar
1203 2205 1377 2274 biblie
1428 2220 1793 2270 componere.

257 2297 370 2349 Nos
404 2293 578 2360 igitur
613 2306 720 2360 que
758 2293 1053 2356 sequntur,
1098 2304 1333 2355 synoero
1368 2290 1566 2342 mentis
1606 2291 1797 2342 oculo

259 2381 657 2448 perlustremus
694 2379 770 2428 ‚et
795 2391 842 2426 c.
873 2373 884 2442 Ι

127 2471 278 2538 offijb
386 2457 438 2514 (ἶ
471 2461 801 2514 Huiusmodi
833 2461 1053 2512 litteras
1092 2463 1148 2512 et
1182 2476 1396 2513 errores
1432 2460 1607 2526 ipsius
1648 2473 1795 2510 ocu·

261 2550 399 2600 laris
435 2547 650 2612 speculi
682 2562 794 2596 una
831 2560 956 2596 cum
988 2546 1178 2612 glossa
1211 2546 1617 2609 proposuerunt
1652 2545 1793 2594 uni-

154 2619 159 2625 ’
261 2632 519 2681 versitati
551 2629 758 2696 prefati
792 2627 1047 2680 doctores
1084 2631 1141 2679 et
1174 2629 1240 2680 de
1292 2627 1531 2678 articulo
1582 2626 1660 2677 ad
1700 2643 1802 2678 ar-

263 2715 496 2764 ticulum
532 2713 866 2764 adnotarunt
890 2717 948 2766 et
969 2713 1305 2765 unanimiter
1328 2711 1511 2760 omnia
1534 2725 1801 2775 perpen-
