1942 3109
218 244 451 287 otu-vnn
490 244 687 285 oni-11
721 246 998 287 nexem-om
1035 246 1437 287 raooeanpnca.
1507 232 1607 287 327

72 374 159 407 ne
209 356 381 405 etiam
426 356 621 405 contra
667 352 874 405 Christi
917 352 1252 419 doctrinam,
1295 355 1388 407 vel
1421 354 1611 405 viven-

70 442 245 493 tibus
280 439 397 491 illis
432 440 524 489 vel
557 439 804 502 mortuis,
831 438 1087 489 scandali
1121 438 1334 505 aliquid
1369 442 1611 505 impone-

69 528 291 578 remus.
374 523 632 575 Ceterum
684 524 733 575 si
780 522 1124 589 apostolicas
1172 539 1434 575 censuras
1483 540 1611 575 con-

72 618 365 674 temnere,
412 610 461 660 si
506 609 744 677 ecclesie
778 608 1162 659 inobedientes
1201 610 1258 661 et
1292 622 1451 677 sacre
1485 608 1615 659 fidei

78 694 347 763 (optimis
382 695 692 759 quibusque
724 691 1034 758 illudendo)
1057 693 1299 757 rebelles
1333 708 1456 745 esse
1489 709 1613 759 per-

67 780 502 845 ³severaverint,
538 779 777 845 repellet
812 794 905 830 eos
940 780 1014 829 ab
1052 779 1190 830 ovili
1223 793 1322 829 suo
1361 778 1611 829 Christus

74 865 345 917 salvator
387 868 589 914 noster.
668 863 747 914 Ut
792 865 978 914 autem
1033 879 1118 915 me
1173 852 1394 929 nlenius
1447 863 1613 913 intel-

67 952 269 1013 ·ligas,
327 946 503 998 lector
562 947 886 1011 christiane,
945 951 1112 1012 teque
1157 963 1269 1023 non
1313 951 1612 1015 pretereat,

65 1042 269 1099 ¹*quare
295 1030 655 1100 precedentes
690 1032 750 1081 in
783 1032 889 1083 hoc
924 1035 1114 1083 nostro
1150 1032 1342 1083 libello
1379 1032 1614 1101 epistole
1689 1090 1694 1094 ,

68 1117 476 1169 'inscribantur
496 1117 981 1167 ·‘Lamentationes
1008 1116 1414 1183 Obscurorum',
1451 1132 1614 1181 quum

65 1208 285 1254 ttamen
332 1216 366 1251 a
408 1215 494 1251 me
542 1201 660 1251 solo
709 1201 1011 1269 composite
1058 1204 1115 1252 et
1159 1202 1216 1251 in
1251 1186 1432 1252 lucem
1469 1200 1614 1270 edite

65 1289 228 1350 taint,
264 1285 465 1335 Dicam
499 1284 751 1349 profecto
788 1288 843 1335 et
876 1284 1099 1336 fatebor
1129 1286 1387 1351 ingenue,
1424 1285 1614 1336 eadem

65 1380 181 1422 'me
221 1369 507 1435 accepisse
542 1370 765 1434 nomina
802 1373 860 1420 et
892 1369 980 1420 his
1015 1369 1242 1435 similia,
1280 1370 1476 1435 quibus
1503 1370 1612 1421 Ob·

63 1454 249 1507 &scuti
273 1454 655 1523 Reuchliniste
692 1454 750 1503 in
786 1454 901 1505 suis
940 1455 1210 1521 epistolis,
1249 1469 1282 1504 a
1319 1454 1448 1505 sede
1485 1469 1614 1519 apo·

86 1539 299 1592 stolica
334 1538 655 1604 iampridem
694 1538 1101 1611 condemnatis,
1147 1540 1294 1591 falso
1337 1540 1426 1591 usi
1468 1542 1616 1605 sunt,

84 1628 157 1675 ut
194 1624 294 1673 sub
332 1624 531 1675 talium
556 1624 805 1676 fictorum
828 1626 1109 1677 nominum
1131 1625 1372 1689 tegmine
1397 1622 1615 1674 illorum

84 1708 387 1761 vesaniam
422 1708 580 1758 bonis
616 1709 865 1759 omnibus
900 1707 1264 1760 declararem.
1332 1708 1450 1757 Nec
1484 1708 1617 1756 item

86 1790 236 1841 mihi
282 1806 350 1839 ea
394 1805 481 1840 res
526 1789 709 1840 fraudi
756 1806 877 1841 esse
934 1791 1124 1854 debet,
1175 1790 1320 1856 quod
1374 1790 1624 1857 levicula,

90 1872 365 1943 quedam,
413 1872 616 1922 nostris
660 1873 815 1924 hisce
849 1875 1336 1927 Lamentationum
1371 1874 1623 1938 epistolis

62 1959 413 2011 ·intermista
470 1957 607 2021 sint,
678 1972 845 2020 quum
896 1962 1042 2009 teste
1097 1960 1265 2009 etiam
1309 1958 1619 2023 Salomone,

96 2043 275 2097 stulto
312 2056 703 2105 nonnunquam
736 2039 1172 2107 respondendum
1207 2044 1282 2093 sit
1303 2043 1460 2091 iuxta
1485 2041 1622 2092 stul·

96 2130 287 2179 titiam
325 2126 522 2191 ipsine,
558 2140 628 2175 ne
664 2124 772 2175 soli
808 2125 916 2175 sibi
950 2114 1148 2190 sapere
1182 2125 1452 2177 videatur.
1497 2124 1620 2176 Hoc

99 2216 289 2265 autem
347 2210 467 2261 fieri
516 2224 627 2260 non
681 2209 780 2259 abs
834 2215 890 2260 te
936 2225 1099 2275 posse
1151 2210 1311 2261 nobis
1358 2209 1622 2274 perbeate

99 2296 373 2361 scriptum
418 2293 649 2357 reliquit
690 2296 917 2345 sanctus
962 2294 1201 2345 Thomas
1245 2293 1490 2346 secunda
1533 2310 1620 2345 se·

62 2379 284 2448 scunde
321 2393 394 2443 .q.
430 2392 611 2429 Lxxn.
648 2377 715 2428 de
753 2377 1090 2429 contumelia
1127 2381 1184 2429 et
1214 2376 1504 2429 verborum
1539 2378 1622 2428 in-

96 2466 278 2517 iuriis.
358 2462 635 2513 Desinant
686 2462 859 2528 igitur
912 2462 1142 2529 gloriari
1181 2462 1240 2512 in
1295 2461 1521 2512 malicia
1567 2465 1624 2513 et

98 2549 371 2614 nequitia,
399 2546 545 2613 quod
578 2550 662 2600 est
693 2551 983 2613 peccatum
1017 2546 1076 2598 in
1098 2548 1622 2612 spiritumsanctum.

170 2717 215 2750 ²²
251 2718 351 2769 soli
370 2722 447 2769 sie
472 2720 609 2771 Ortv.
633 2736 732 2786 pro
757 2718 925 2773 solun.
