1942 3109
278 234 344 283 26
536 248 827 283 EPls'roLAE
864 248 1230 283 OBSGVRORVM
1266 250 1538 283 VIRORVM.

274 353 433 402 mitto
480 352 841 401 dominationi
884 368 984 402 seu
1027 353 1450 402 honorabilitati
1483 357 1668 420 vestre
1703 354 1798 403 hie

276 454 441 487 unum
477 437 729 487 libellum
766 451 926 499 quem
964 438 1272 501 composuit
1297 438 1518 499 quidam
1544 438 1798 487 ribaldus

278 527 333 573 et
378 522 787 571 scandalizavit
831 521 1108 570 dominum
1144 522 1408 571 Ioannem
1443 522 1798 571 Pfefferkorn

274 608 331 655 in
368 606 620 668 Colonia,
658 596 836 654 virum
872 606 1232 669 proculdubio
1269 606 1700 669 integerrimum,
1739 612 1800 655 et

276 706 378 755 ego
426 692 511 739 fui
554 690 719 739 valde
766 691 971 751 iratUS‚
1019 690 1115 739 sed
1150 705 1260 739 non
1295 690 1452 754 potui
1487 689 1799 754 prohibere,

275 775 420 839 quod
456 790 564 824 non
598 775 953 838 imprimeret,
993 774 1122 837 quia
1158 774 1264 823 ist-e
1301 774 1485 823 socius
1510 774 1680 823 habet
1704 775 1800 824 hie

275 860 477 909 multos
502 860 772 921 fautores,
811 859 981 907 etiam
1003 858 1242 919 nobiles,
1281 861 1338 907 et
1359 857 1571 907 vadunt
1595 861 1802 908 armati

274 944 421 993 siout
454 944 709 1003 bufones,
750 957 871 991 cum
906 942 1090 1005 longis
1117 940 1322 1006 gladiis
1348 942 1406 989 in
1429 942 1656 1005 plateis.
1697 944 1800 993 sed

272 1032 457 1076 tamen
508 1043 609 1091 ego
658 1026 773 1076 dixi
810 1026 953 1089 quod
988 1041 1097 1075 non
1136 1030 1220 1075 est
1254 1025 1492 1087 rectum,
1533 1026 1666 1089 quia
1701 1026 1799 1077 de-

272 1112 418 1161 betis
469 1115 663 1161 notare
718 1111 863 1174 quod
914 1112 1025 1176 iste
1075 1114 1238 1177 poete
1285 1110 1569 1177 seculares
1613 1110 1800 1161 adhuc

272 1197 487 1245 facient
520 1196 725 1244 multas
761 1210 1008 1259 guerras,
1049 1209 1169 1243 eum
1207 1194 1322 1243 suis
1358 1196 1568 1257 metris,
1606 1198 1656 1244 si
1677 1210 1800 1244 ma-

273 1280 436 1344 gistri
470 1280 645 1327 nostri
680 1294 789 1328 non
824 1278 1108 1327 habebunt
1143 1276 1565 1341 advertentiam,
1603 1282 1660 1329 et
1683 1294 1799 1329 non

273 1364 528 1412 citabant
586 1378 679 1411 eos
728 1378 825 1425 per
869 1362 1191 1425 magistrum
1237 1366 1484 1411 nostrum
1529 1363 1798 1413 Iacobum

271 1446 338 1496 de
397 1447 778 1496 Hochstraten
824 1444 893 1493 ad
940 1446 1152 1493 curiam
1199 1460 1497 1495 romanam.
1569 1446 1642 1494 Et
1689 1462 1796 1511 ego

271 1532 435 1579 timeo
496 1529 641 1593 quod
688 1530 793 1579 erit
836 1544 1006 1577 unum
1035 1544 1308 1596 ·mag·num
1357 1527 1687 1580 disturbium
1733 1533 1796 1581 in

269 1614 373 1663 fide
412 1613 710 1662 catholica.
758 1612 913 1676 Rogo
938 1612 1112 1676 igitur
1133 1628 1232 1663 vos
1259 1612 1404 1676 quod
1427 1614 1618 1666 velitis
1645 1628 1793 1665 com-

268 1714 471 1762 ponere
508 1712 675 1746 unum
709 1696 911 1746 librum
948 1700 1142 1745 contra
1177 1698 1342 1746 istum
1377 1698 1794 1749 scandalizato—

270 1796 414 1843 rem,
466 1785 521 1831 et
556 1780 787 1829 realiter
820 1796 1027 1829 vexare
1065 1796 1202 1829 eum.
1275 1784 1408 1831 tunc
1443 1786 1642 1846 postea
1679 1798 1794 1834 non

274 1866 381 1915 erit
434 1865 515 1913 ita
561 1863 744 1913 audax
797 1864 941 1927 quod
983 1864 1134 1933 ,velit
1169 1866 1454 1915 stimulare
1491 1868 1793 1931 magistros

265 1952 510 2010 nostros,
550 1948 681 2011 quia
715 1948 834 2011 ipse
874 1951 958 1997 est
994 1948 1228 2012 simplex
1263 1951 1476 2011 socius,
1515 1954 1571 1999 et
1604 1965 1792 2015 neque

268 2036 352 2083 est
396 2036 673 2096 promotus
720 2046 900 2094 neque
949 2031 1306 2094 qualificatus
1352 2034 1408 2081 in
1446 2035 1564 2084 iure
1599 2035 1692 2085 vel
1728 2036 1792 2085 in

266 2118 507 2179 artibUS,
564 2116 815 2181 quamvis
862 2116 1022 2166 stetit
1056 2116 1115 2165 in
1149 2117 1429 2180 Bononia,
1484 2118 1578 2167 ubi
1616 2120 1789 2170 etiam

266 2204 395 2249 sunt
430 2200 589 2248 multi
620 2204 784 2266 poete
823 2202 1125 2267 seculareS,
1163 2216 1271 2250 non
1308 2201 1481 2250 zelosi
1518 2207 1574 2251 et
1596 2203 1656 2251 in
1679 2204 1790 2255 fide

262 2284 579 2332 illuminati.
651 2284 776 2348 Ipse
824 2300 1001 2349 nuper
1045 2284 1190 2334 sedit
1233 2284 1291 2333 in
1325 2300 1516 2335 mensa
1553 2290 1610 2335 et
1644 2287 1794 2338 dixit

266 2367 409 2431 quod
462 2368 718 2432 magistri
768 2370 945 2417 nostri
996 2368 1056 2417 in
1109 2367 1344 2419 Colonia
1395 2374 1450 2419 et
1493 2372 1789 2423 Parrhisia

263 2453 483 2501 faciunt
517 2451 775 2500 iniuriam
810 2451 1026 2501 doctori
1052 2450 1362 2515 'Reuehlin,
1403 2462 1458 2503 et
1493 2469 1594 2518 ego
1633 2460 1792 2505 tenui

266 2537 318 2585 ei
352 2536 693 2600 oppositum:
732 2539 865 2585 tunc
899 2536 1127 2586 vexavit
1149 2552 1234 2586 me
1259 2538 1448 2586 multis
1473 2538 1636 2587 malis
1659 2554 1789 2589 ver—

262 2621 350 2669 bis
388 2624 443 2669 et
478 2619 843 2681 scandalosis,
882 2619 1027 2682 quod
1063 2620 1144 2669 fui
1181 2621 1262 2669 ita
1297 2622 1470 2670 iratus
1495 2621 1641 2685 quod
1665 2638 1789 2675 sur-

261 2706 380 2761 rexi
426 2704 492 2755 de
536 2720 755 2770 mensa,
806 2706 861 2754 et
907 2706 1218 2769 protestavi
1264 2720 1446 2760 coram
1493 2721 1678 2761 omnes
1717 2708 1786 2765 de
