1942 3109
320 233 420 288 176
453 246 830 286 rernmcosm
853 245 1093 283 narnus.
1110 243 1333 283 con-ras
1352 241 1567 280 unos.
1589 245 1648 281 0.
1664 245 1725 282 v.
1740 247 1867 284 apr.

318 359 508 422 posset
543 353 874 406 convincere
911 355 968 404 et
1000 349 1237 402 iuridice
1283 349 1611 402 convictum
1662 357 1865 417 postea

319 439 640 504 diffamare,
695 438 752 489 id
795 437 942 502 quod
986 437 1229 490 Ioannes
1273 433 1559 486 Reuchlin
1606 436 1675 486 in
1721 438 1863 490 hunc

318 542 495 592 usque
529 524 677 576 diem
709 537 993 588 nunquam
1035 527 1317 573 attentare
1356 523 1447 572 est
1480 535 1691 574 ausus.
1762 525 1858 576 Ve-

319 627 440 664 rum
474 611 582 662 hac
617 609 686 662 de
719 625 780 662 re
817 610 977 660 satis.

539 746 977 797 Exclamatio
1015 743 1094 794 ad
1129 744 1650 810 imperatorem.

423 866 470 915 Ο
516 863 886 928 inclytissime
933 879 1004 914 ac
1050 863 1481 914 clementissime
1532 865 1853 930 imperator,

321 952 418 1015 qui
453 951 640 1002 omnia
683 950 810 1002 iura
843 951 902 1000 in
938 951 1147 1000 scrinio
1180 949 1426 1014 pectoris
1463 949 1553 999 tui
1592 950 1853 1001 conclusa

317 1041 479 1088 tenes
525 1041 586 1087 et
625 1035 768 1086 nulli
811 1050 1055 1099 unquam
1090 1036 1183 1100 pio
1216 1034 1504 1084 iusticiam
1542 1034 1859 1101 denegasti,

321 1125 540 1174 intuere
577 1123 806 1172 obsecro
851 1135 1019 1184 qnam
1062 1120 1257 1184 impie,
1304 1133 1473 1182 quam
1516 1120 1861 1170 scandaloze

326 1223 394 1258 ac
439 1206 608 1273 plane
653 1205 995 1258 mendaciter
1038 1219 1125 1255 me
1170 1219 1389 1256 servum
1436 1208 1591 1254 tuum
1634 1202 1859 1256 fidelem

327 1291 415 1357 (ut
463 1290 639 1357 nosti)
701 1293 759 1342 in
817 1292 1035 1342 cunctis
1092 1289 1523 1340 sollicitatorem
1582 1290 1857 1342 infamare

329 1379 516 1430 conati
549 1380 704 1440 sunt,
739 1391 918 1440 neque
943 1373 1187 1442 Cesar-ee
1210 1373 1537 1424 Maiestatis
1572 1379 1679 1444 tue
1714 1392 1855 1427 man-

326 1463 482 1524 dato,
542 1476 724 1524 neque
781 1460 1111 1525 apostolicis
1162 1463 1365 1524 postea
1418 1459 1701 1527 decretis,
1753 1477 1856 1512 una

329 1560 450 1596 cum
486 1559 588 1594 suo
624 1542 910 1609 Capnione
945 1544 1271 1596 obedientes
1304 1544 1549 1600 inventi.
1622 1547 1672 1597 Ο
1708 1546 1858 1596 Chri-

327 1629 666 1680 stianissime
727 1632 896 1693 atque
953 1629 1325 1681 invictissime
1391 1628 1737 1697 imperator,
1802 1637 1860 1681 tu

326 1715 564 1768 maxime
621 1714 862 1766 omnium
919 1715 1155 1778 novisti,
1220 1718 1357 1780 quot
1408 1715 1645 1768 labores
1668 1757 1683 1783 ,
1740 1721 1863 1784 quot

327 1816 516 1866 onera,
573 1805 710 1865 quot
760 1801 1044 1864 miserias,
1098 1803 1236 1865 quot
1286 1801 1649 1854 incommoda
1665 1843 1683 1869 ,
1744 1807 1863 1870 quot

326 1885 564 1950 denique
591 1884 975 1950 calamitates,
997 1889 1115 1936 tum
1139 1901 1239 1950 per
1260 1885 1703 1940 immoderatum
1730 1891 1859 1942 aeris

324 1971 736 2038 intemperiem,
771 1974 887 2022 tum
923 1986 1024 2036 per
1046 1971 1403 2036 apertissima
1426 1973 1725 2042 pericula,
1762 1981 1859 2026 tum

325 2075 424 2124 per
457 2062 760 2112 extremam
783 2058 1024 2108 omnium
1046 2055 1450 2108 desolationem
1476 2071 1608 2108 cum
1636 2061 1863 2112 manda-

324 2145 400 2194 tis
423 2141 664 2210 cesaree
689 2147 786 2210 tue
809 2142 1125 2192 maiestatis
1149 2142 1207 2190 in
1242 2141 1639 2195 sacratissimo
1680 2151 1861 2198 nostro

324 2227 558 2291 negocio
593 2230 788 2277 contra
823 2223 1217 2290 perfidissimos
1250 2226 1451 2294 Iudeos
1488 2231 1671 2283 anxie
1711 2233 1860 2284 nimis

325 2309 668 2376 desudando,
713 2311 819 2362 sim
852 2325 1168 2377 perpessus.
1240 2313 1411 2363 Novit
1446 2326 1685 2379 quoque
1726 2333 1857 2369 sere·

323 2398 554 2450 nissima
587 2397 854 2450 maiestas
889 2401 991 2447 tna
1026 2411 1135 2464 que
1168 2398 1306 2449 mihi
1338 2398 1639 2451 innocenti
1682 2409 1747 2455 et
1782 2417 1857 2452 ea·

323 2481 534 2532 tholico
568 2482 775 2532 homini
797 2483 1171 2549 proposuerit,
1210 2499 1335 2534 cum
1358 2498 1463 2551 ego
1488 2487 1547 2536 te
1574 2485 1857 2538 dominum

324 2578 519 2616 servus
553 2579 842 2630 sequerer,
877 2583 948 2617 ex
982 2557 1213 2618 Brussel
1238 2567 1457 2636 Spiram
1489 2583 1707 2623 versus
1746 2585 1857 2622 cum

324 2663 536 2700 summa
559 2649 856 2700 maiestate
879 2651 1336 2714 proficiscentem.
1398 2651 1493 2704 sic
1518 2656 1679 2706 enim
1720 2659 1858 2706 inter

327 2735 516 2784 cetera
559 2731 753 2784 dixisti
791 2734 926 2786 mihi
967 2739 1153 2788 tecum
1198 2735 1269 2786 ad
1323 2736 1543 2802 aliquot
1600 2740 1857 2793 miliaria
