1942 3109
481 238 610 272 vor..
637 240 676 273 ῐ.
749 235 791 273 ’1.
830 239 1003 272 rna-nx
1042 237 1421 274 narnauusn.
1658 225 1721 276 17

183 328 322 390 tunc
358 342 680 391 abscidistis
716 359 906 392 omnes
941 342 1156 392 titcllos
1184 345 1279 406 qui
1303 345 1529 393 fuerunt
1552 360 1723 410 supra

183 426 412 488 litteris,
451 430 508 476 et
540 427 798 476 dixistis:
837 425 1007 489 ‘Quid
1038 427 1247 478 debent
1282 428 1383 496 ille
1420 429 1716 497 stultitiew

188 510 264 557 Et
299 510 382 558 ita
407 511 517 559 iam
544 511 898 563 consideravi
923 511 1073 575 quod
1096 528 1195 562 vos
1219 513 1445 563 habetis
1470 514 1717 576 aliquam

186 595 492 644 rationem:
529 595 673 645 alias
709 612 818 645 non
856 596 1161 646 fecissetis.
1232 599 1345 647 Vos
1382 599 1519 648 estis
1554 599 1717 648 mira·

186 679 321 728 bilis
355 679 532 742 home,
571 685 628 730 et
662 679 798 730 deus
833 680 993 730 dedit
1015 681 1175 730 vobis
1200 697 1456 746 magnam
1481 684 1717 746 gratiam

191 763 338 826 quod
371 764 530 813 scitis
565 764 782 828 aliquid
819 767 880 813 in
916 765 1065 813 omni
1090 765 1294 814 scibili.
1368 767 1721 831 Quapropter

187 847 408 896 debetis
443 849 610 897 etiam
645 847 876 897 laudare
913 847 1193 898 dominum
1228 849 1387 898 deum
1422 851 1481 898 in
1516 851 1721 900 vestris

181 933 400 995 meti-ie,
427 937 484 982 et
503 933 730 982 beatam
752 933 1047 996 virginem,
1070 937 1127 982 et
1150 949 1336 983 omnes
1360 939 1587 983 sanctos
1610 934 1717 984 dei.

177 1017 293 1068 Sed
339 1033 450 1066 non
486 1017 796 1066 habueritis
831 1017 968 1066 mihi
1006 1033 1105 1080 pro
1140 1018 1398 1068 molestia
1438 1018 1583 1082 quod
1616 1020 1719 1066 im·

177 1102 346 1166 pedio
390 1107 638 1151 vestram
675 1099 1113 1150 dominationem
1152 1117 1271 1150 cum
1307 1103 1435 1152 istis
1472 1103 1721 1167 questio·

183 1186 372 1246 nibuS,
411 1186 540 1247 quia
575 1185 726 1234 facio
751 1185 896 1234 talia
925 1199 1101 1234 causa
1128 1186 1555 1236 informationis.
1606 1186 1715 1236 Va·

181 1269 316 1319 lete.
387 1269 472 1318 Ex
507 1269 806 1334 Lyptzick.

281 1621 685 1705 Magister
731 1623 1021 1686 Petrus
1066 1623 1651 1688 Hafenmu'sius

489 1735 820 1820 Magi-strab
861 1740 1147 1802 Ortvino
1186 1744 1427 1795 Gratio

195 1878 444 1927 Salutem
467 1860 944 1928 innumerabilem.
982 1879 1339 1930 Venerabilis
1364 1878 1580 1928 domine
1606 1895 1723 1928 ma-

193 1965 397 2028 gister,
467 1964 517 2012 si
585 1963 848 2012 haberem
906 1964 1177 2026 pecunias
1238 1967 1293 2011 et
1352 1963 1723 2012 substantiam

193 2063 481 2113 magnam,
527 2051 662 2095 tunc
698 2046 900 2096 vellem
936 2047 1068 2096 dare
1106 2047 1265 2096 vobis
1300 2061 1466 2094 unam
1502 2047 1725 2096 notabi-

193 2131 301 2180 lem
338 2133 662 2196 propinam,
701 2130 944 2180 credatis
980 2129 1117 2178 mihi
1150 2128 1393 2192 firmiter,
1434 2129 1577 2192 quod
1612 2131 1723 2180 sol-

196 2217 341 2281 vajis
375 2216 512 2264 mihi
547 2216 715 2264 istam
741 2213 1089 2279 questionem
1116 2227 1276 2276 quam
1302 2229 1564 2278 propono.
1614 2211 1724 2264 Sed

197 2301 330 2361 qnia
365 2315 619 2364 pronunc
655 2313 765 2347 non
792 2298 975 2347 habeo
1000 2311 1131 2346 oves
1158 2302 1214 2346 et
1234 2297 1423 2360 boves,
1462 2299 1724 2348 universa

177 2384 420 2457 “iguper
457 2387 516 2433 et
550 2397 754 2448 pecora
793 2381 1001 2444 campi,
1050 2379 1148 2429 sed
1184 2395 1302 2428 sum
1336 2395 1563 2445 pauper,
1601 2397 1725 2446 pro-

145 2449 389 2531 Timaea
435 2481 547 2517 non
583 2479 806 2530 possum
841 2463 1003 2514 vobis
1041 2464 1367 2527 appreciare
1403 2481 1501 2528 pro
1536 2471 1727 2516 vestra

69 2526 78 2546 ¹
167 2542 178 2554 ¹
199 2551 482 2601 doctrina:
539 2549 638 2600 sed
691 2548 952 2612 promitto
997 2547 1187 2610 vobis,
1245 2547 1389 2609 quod
1433 2553 1728 2612 postquam

69 2622 76 2635 ’
121 2617 129 2622 ⁴
199 2633 754 2694 sum'beneficiatus,
793 2631 941 2680 sicut
976 2632 1088 2680 iam
1122 2631 1317 2679 insteti
1350 2645 1447 2695 pro
1482 2645 1595 2680 una
1631 2631 1729 2680 Vi-

201 2721 373 2782 caria,
411 2723 549 2768 tunc
586 2716 716 2767 volo
753 2714 926 2764 semel
953 2727 1122 2762 unum
1144 2712 1406 2760 honorem
1430 2711 1736 2772 specialem

1403 2791 1435 2835 2
