1942 3109
612 240 676 283 61.
704 246 768 281 PE
776 246 870 281 'rm
895 244 1253 283 canu-Ans.
1586 228 1687 282 345

171 352 416 417 invidia,
463 366 628 415 quam
672 350 890 401 habetis
935 340 1209 401 adversus‘
1241 349 1515 401 dominum
1560 350 1687 401 Ort-

171 439 380 491 vinum.
444 436 591 498 Quia
628 435 802 485 omnis
837 435 1130 500 progenies
1156 436 1377 500 aceepit
1398 450 1597 487 nomen
1632 438 1689 486 et

177 537 482 589 cognomen
519 536 553 571 a
588 522 748 586 patre
785 523 840 571 et
873 535 983 570 non
1020 535 1053 571 a
1088 524 1289 570 matre:
1338 534 1510 583 quare
1558 536 1686 585 ergo

177 608 406 659 deberet
453 605 550 656 ille
599 605 771 655 bonus
807 605 1072 669 magister
1108 606 1176 654 ab
1214 608 1389 655 matre
1429 608 1485 655 et
1521 604 1591 655 ab
1629 622 1687 655 a·

171 691 415 744 vunculo
439 692 688 739 materno
711 689 1013 753 nominari,
1052 693 1108 740 et
1141 704 1251 740 non
1288 704 1323 738 a
1356 692 1516 753 patre
1544 690 1689 739 sicut

173 778 311 829 alii?
351 776 507 826 Tune
542 775 662 840 ipse
697 773 986 839 respondit
1008 778 1064 825 et
1087 773 1228 824 dixit
1253 773 1520 825 audacter
1544 774 1688 839 quod

171 876 362 913 omnes
399 858 682 910 audirent:
721 858 842 909 ‘Est
875 860 1017 909 bene
1052 874 1242 909 verum
1278 863 1333 909 et
1356 858 1581 911 deberet
1604 860 1687 911 sie

173 962 300 999 esse
335 948 398 994 ut
432 945 647 1007 dieitis;
685 942 783 994 sed
819 945 944 1008 ipse
968 958 1081 993 non
1105 942 1273 993 audet
1294 947 1505 1007 patrem
1532 960 1689 995 suum

175 1046 304 1081 eum
337 1029 540 1079 honore
576 1028 889 1079 nominare:
928 1027 1061 1091 quia
1093 1029 1254 1091 pater
1276 1042 1408 1077 suus
1432 1032 1519 1077 est
1540 1043 1688 1094 pres-

171 1117 347 1167 biter:
385 1114 434 1163 si
469 1129 599 1179 ergo
635 1130 696 1165 se
731 1113 1043 1163 nominaret
1078 1128 1111 1161 a
1135 1114 1323 1177 patre,
1348 1115 1479 1161 tunc
1504 1128 1689 1163 omnes

170 1199 554 1265 int-elligerent
589 1197 734 1262 quod
767 1198 888 1264 ipse
927 1200 1074 1247 esset
1108 1195 1411 1246 sacerdotis
1438 1200 1494 1247 et
1516 1213 1689 1248 mere-

171 1286 333 1336 tricis
368 1283 542 1348 filine,
581 1284 676 1348 qui
711 1282 931 1348 proprie
966 1288 1238 1332 vocantur
1264 1282 1473 1346 spurii’.
1533 1282 1689 1332 Tune

173 1386 277 1437 ego
313 1370 514 1421 iterum
535 1362 707 1419 *valde
746 1365 1014 1416 audacter
1041 1366 1281 1417 clamavi
1306 1367 1362 1416 et
1384 1365 1501 1417 dixi
1527 1365 1689 1430 ‘Quo-

173 1454 333 1507 modo
377 1457 566 1520 potest
609 1453 716 1502 hoe
760 1466 952 1501 verum
998 1453 1155 1501 esse?
1202 1451 1409 1501 Tamen
1452 1452 1569 1516 ipse
1608 1456 1693 1503 est

171 1540 436 1606 magister
473 1536 847 1589 coloniensis:
896 1535 1005 1587 Sed
1042 1536 1187 1586 alma
1221 1536 1557 1589 universitas
1591 1538 1687 1589 ha-

169 1626 268 1675 bet
310 1640 478 1675 unum
523 1626 792 1673 statutum
847 1621 991 1684 quod
1046 1622 1317 1672 neminem
1370 1625 1690 1687 promovent

173 1709 284 1759 nisi
320 1709 396 1757 sit
430 1706 767 1772 legittimus:
803 1706 879 1757 Et
916 1721 1043 1770 ergo
1084 1708 1225 1757 .ete.’
1284 1706 1441 1755 Tune
1464 1722 1689 1771 respon-

173 1792 254 1843 dit
299 1791 437 1842 ‘sive
484 1795 768 1855 promovet
810 1790 1115 1855 legittimos
1158 1792 1277 1842 sive
1324 1791 1687 1857 illegittimoS,

177 1880 364 1925 tamen
385 1874 656 1937 Magister
681 1874 944 1925 Ortvinus
983 1879 1067 1925 est
1100 1877 1318 1941 spurius
1355 1880 1411 1926 et
1444 1879 1691 1929 manebit

175 1959 398 2025 spurius
434 1957 493 2007 in
519 1959 798 2023 eternum'.
860 1959 1015 2009 Tune
1042 1976 1142 2026 ego
1167 1962 1363 2011 iterum
1386 1961 1501 2039 digni
1525 1960 1689 2025 ‘Quid

173 2050 308 2097 tunc
355 2044 403 2094 si
447 2042 593 2092 forte
638 2040 796 2106 Papa
850 2042 1229 2109 dispensasset
1282 2048 1499 2095 seeum?
1558 2050 1689 2095 tune

169 2134 288 2199 ipse
327 2132 516 2179 tamen
554 2129 701 2177 esset
736 2126 1063 2194 legittimus,
1102 2134 1159 2179 et
1192 2133 1252 2179 tu
1288 2133 1533 2196 graviter
1556 2146 1684 2196 pec-

173 2230 334 2266 cares
359 2211 593 2263 dicendo
621 2214 814 2262 contra
835 2212 1137 2265 Romanam
1165 2215 1493 2266 ecclesiam'.
1532 2216 1687 2267 Tunc

168 2300 270 2351 ille
316 2297 460 2349 dixit
506 2295 695 2346 ‘etiam
741 2298 789 2347 si
823 2297 1029 2349 millies
1066 2304 1215 2349 esset
1250 2316 1435 2351 seeum
1470 2300 1688 2367 dispen-

171 2387 380 2448 satum,
438 2385 624 2432 tamen
667 2397 776 2431 non
821 2388 967 2433 esset
1013 2384 1383 2449 legittimus'..
1431 2385 1506 2433 Et
1550 2385 1691 2435 dixit

171 2485 337 2519 unum
374 2465 711 2532 exemplum:
761 2466 1221 2530 Quemadmodum
1260 2471 1407 2518 esset
1443 2451 1686 2520 eum‘Iu-

174 2554 275 2622 deo
324 2556 420 2617 qui
461 2552 845 2618 baptizaretur
891 2569 956 2603 ex
994 2567 1139 2616 aqua
1176 2554 1294 2603 sive
1329 2552 1686 2618 baptismate,

173 2639 224 2689 si
268 2638 347 2687 ibi
390 2641 575 2687 tamen
618 2653 728 2688 non
774 2641 920 2688 esset
965 2637 1191 2699 spiritus
1243 2641 1496 2700 sanetus,
1554 2643 1686 2687 tunc

171 2721 280 2773 illa
317 2734 463 2785 aqua
499 2722 639 2771 nihil
684 2720 1002 2785 proficeret,
1050 2720 1146 2769 sed
1192 2723 1339 2771 esset
1386 2719 1563 2769 adhuc
1597 2720 1687 2767 Iu-
