1942 3109
355 235 456 288 244
501 248 972 290 tutan-rumne
1010 249 1315 288 onscvaoa.
1338 247 1541 288 vmon.
1572 231 1860 303 [rursus

463 350 514 410 Ε
549 358 761 424 Iupiter
795 357 1021 422 (inquit)
1058 357 1275 408 vocatis
1316 371 1495 420 nuper
1532 360 1815 410 omnibus
1836 360 1861 406 iu

355 443 654 496 concilium
687 442 796 494 diis
829 443 1009 494 virum
1042 457 1138 508 pro
1173 457 1232 492 se
1280 441 1341 492 in
1376 440 1515 508 celis
1556 447 1621 492 et
1662 444 1860 510 prudeaer

351 533 463 578 tem
499 532 556 580 et
589 527 860 578 eruditum
885 527 1151 578 substitui
1170 525 1365 577 voluit.
1403 524 1787 590 Conquestus
1812 535 1857 576 es:

353 613 498 664 enim
533 628 594 664 se
630 613 798 662 nimio
846 612 1189 662 confractum
1234 610 1389 660 senio
1438 624 1657 664 cursus
1709 615 1851 679 plane-

349 700 531 748 tarum
576 700 860 761 totamque
907 697 1019 764 celi
1060 695 1373 746 machinam
1423 693 1657 747 diutius
1708 711 1847 762 regere

349 796 462 832 uon
506 797 690 846 posse.
759 781 993 846 Optavit
1047 780 1241 842 itaque
1284 778 1571 830 hominem
1622 780 1723 846 (ut
1748 777 1841 839 dixi)

350 863 623 916 eruditum
669 863 737 916 ac
781 867 1093 928 sapientem
1137 864 1233 927 qui
1276 877 1458 914 rerum
1494 872 1665 918 esset
1702 865 1843 918 archs·

347 965 541 1002 narum
579 956 789 1013 custos,
837 953 893 1000 et
939 948 1167 1017 celestis
1210 948 1379 1015 ianue
1414 947 1849 1015 diligentissimus

351 1035 704 1100 observator,
766 1036 875 1098 Qui
931 1033 1121 1084 lunam
1180 1033 1488 1084 extinctam
1535 1036 1849 1086 incenderet

348 1120 762 1184 vigilanterque
806 1118 1150 1183 provideret,
1208 1131 1277 1168 ne
1324 1116 1553 1170 deorum
1592 1120 1860 1182 quispiam¹

345 1202 532 1256 Iovem
559 1219 682 1256 cum
703 1203 912 1254 Iunone
949 1218 1133 1254 sorore
1170 1217 1273 1252 sua
1308 1200 1659 1254 dormientem
1688 1205 1851 1253 teme·

346 1291 528 1340 rarius
568 1290 860 1353 excitaret,
895 1288 1145 1351 Itemque
1180 1301 1251 1336 ne
1288 1286 1427 1338 solis
1466 1288 1599 1352 equi
1628 1286 1745 1338 alio
1780 1288 1844 1338 de·

344 1361 632 1426 flectentes
658 1387 869 1424 oceano
893 1372 1397 1436 submergerentur,
1424 1376 1526 1422 aut
1556 1372 1841 1424 meridianis

343 1459 590 1521 perirent
635 1457 944 1508 ardoribus.
1022 1456 1171 1506 Huic
1219 1456 1363 1506 enim
1408 1455 1629 1507 homini
1678 1456 1860 1523 (inquit

343 1539 574 1604 Iupiter)
621 1555 808 1589 euram
853 1538 997 1589 dabo
1045 1544 1107 1589 ut
1153 1555 1221 1589 ex
1259 1540 1509 1590 obscuris
1560 1541 1853 1592 hominibus·

347 1621 744 1691 cacodemones
769 1623 968 1688 faciat,
995 1637 1201 1688 eosque
1231 1624 1472 1675 collocet
1505 1641 1639 1676 cum
1680 1625 1835 1678 creatis

343 1708 508 1760 simul
552 1708 841 1760 animabus
887 1708 946 1758 in
992 1709 1345 1773 comparibus
1398 1708 1613 1774 stellis,
1679 1712 1829 1764 Curam

345 1795 516 1846 etiam
559 1793 820 1860 habebit,
865 1808 936 1844 ne
986 1791 1259 1844 Saturnus
1305 1793 1541 1858 planeta
1591 1809 1731 1847 cum
1770 1797 1834 1846 rir-

343 1881 502 1944 gine,
560 1879 718 1944 signo
765 1877 964 1944 celesti
1008 1876 1331 1941 contendat,
1389 1877 1708 1943 multisque
1754 1879 1835 1931 aliis

340 1961 660 2032 preficietur
720 1964 884 2014 rebus
907 1998 922 2026 ,
992 1960 1150 2014 modo
1207 1965 1403 2012 nostra
1470 1964 1771 2016 maiestate
1811 1963 1855 2028 {A

206 2044 318 2110 hijb
344 2046 674 2112 deorumque
745 2047 1022 2112 Hospitio
1067 2060 1179 2097 non
1252 2045 1515 2112 indignus
1586 2049 1843 2100 habeatur.

345 2131 501 2196 Quod
535 2131 685 2182 Iovis
722 2135 1041 2198 preceptum
1078 2129 1401 2181 admirabile
1437 2133 1592 2184 satis
1640 2139 1701 2186 et
1733 2146 1843 2183 mm·

341 2227 505 2278 quam
553 2214 803 2263 auditum
847 2228 969 2263 cum
1007 2213 1084 2264 dii
1119 2215 1281 2266 simul
1316 2230 1506 2266 omnes
1544 2219 1843 2270 simulanter

342 2299 696 2363 annuissent,
741 2297 942 2348 missus
994 2303 1079 2349 est
1112 2299 1447 2362 Mercurius,
1494 2297 1740 2356 deorum
1776 2307 1839 2353 im·

340 2384 655 2435 mortalium
698 2385 934 2434 nuncius
980 2386 1040 2432 et
1083 2382 1403 2446 eloquentia
1449 2387 1671 2439 ceteris
1712 2385 1851 2456 plui-2

339 2483 483 2518 mum
519 2466 892 2531 antecellens,
941 2465 1001 2515 in
1043 2465 1149 2516 hoc
1182 2465 1389 2517 humile
1423 2468 1757 2526 viventium
1782 2471 1841 2520 ‹lo-

339 2548 624 2611 micilium,
662 2564 826 2611 quam
861 2553 1067 2599 terram
1101 2549 1352 2601 dicimus.
1392 2551 1665 2613 Quicum
1696 2561 1843 2612 orben

402 2710 482 2743 ¹⁴⁵
504 2711 751 2776 Iuppiter
772 2717 822 2766 2.
929 2715 971 2746 ¹⁰
1009 2715 1160 2780 easq3
1186 2720 1229 2768 1.
