1942 3109
561 233 630 273 69.
657 226 740 282 [7.]
767 236 1095 272 uAnconrm
1122 238 1408 274 scvn'm'rr.
1648 220 1753 275 379

221 342 626 404 Ἑυ-τᾶίοῃείὺιιε.
666 345 722 392 et
755 345 890 391 tune
921 341 1176 392 volumus
1211 342 1375 407 plura
1408 342 1636 406 loquere
1678 342 1747 392 de

223 430 340 479 illis
381 445 500 479 eum
535 427 802 492 magistro
836 430 1025 476 nostro
1064 426 1326 490 otwino,
1364 428 1461 489 qui
1496 430 1581 477 est
1616 428 1749 476 mis-

224 529 318 564 sus
357 530 390 563 a
425 512 708 578 magistris
744 512 950 561 nostris
988 510 1133 575 quod
1169 510 1336 562 debet
1371 528 1549 561 emere
1594 512 1750 562 novi·

224 602 371 649 tates
409 612 515 663 que
552 598 634 647 ibi
666 594 1009 647 venduntur:
1058 600 1115 645 et
1160 599 1294 647 tunc
1338 596 1537 646 volunt
1582 596 1750 645 etiam

225 683 562 733 examinare.
667 680 754 730 De
799 680 932 729 aliis
979 681 1324 731 novitatibus
1371 696 1483 731 non
1526 696 1749 746 possum

221 768 382 819 vobis
417 767 581 832 plura
617 765 861 815 scribere
897 764 1009 815 nisi
1045 764 1192 829 quod
1226 766 1397 816 etiam
1444 780 1587 815 unus
1633 781 1749 815 ma-

223 854 396 917 gister
430 854 620 901 noster
654 848 721 900 de
758 848 947 900 ordine
1000 850 1409 915 predicatorum
1445 852 1505 900 in
1538 850 1749 915 Argen-

221 938 370 999 tina,
417 936 514 999 qui
549 949 762 999 semper
794 938 1033 984 vocatus
1070 937 1157 983 est
1202 934 1393 983 doctor
1426 935 1610 998 IesuS,
1659 952 1749 985 ex—

221 1021 329 1071 ivit
363 1036 431 1069 ex
467 1019 742 1069 claustro:
789 1022 846 1069 et
889 1018 1067 1068 multa
1112 1018 1260 1067 mala
1306 1017 1499 1068 dieunt
1541 1019 1607 1068 de
1657 1035 1751 1068 eo:

223 1104 368 1169 quod
415 1120 516 1169 ego
561 1119 670 1153 non
717 1103 894 1153 audeo
951 1102 1166 1153 dicere:
1226 1108 1281 1153 et
1334 1102 1496 1153 multi
1548 1102 1751 1153 ribaldi

225 1188 544 1253 carministq
574 1189 792 1238 faciunt
821 1189 930 1238 sibi
959 1203 1153 1238 versus
1175 1189 1232 1237 in
1249 1189 1585 1252 vituperium
1611 1188 1749 1249 eiua,

225 1277 282 1323 et
326 1272 553 1321 mittunt
599 1271 798 1323 cadere
842 1274 900 1321 in
955 1274 1108 1336 fore,
1168 1276 1224 1323 et
1278 1272 1549 1323 ecclesia:
1607 1272 1752 1336 quod

222 1357 370 1407 male
401 1372 488 1406 me
523 1356 724 1409 habet:
775 1372 876 1421 ego
911 1356 1117 1407 vellem
1154 1356 1299 1421 quod
1334 1372 1444 1407 non
1480 1358 1751 1421 facerent,

223 1458 294 1492 ne
347 1442 606 1493 venirent
663 1458 732 1491 ex
789 1442 975 1506 gratia
1032 1442 1253 1491 illorum
1313 1440 1750 1507 predicatorum:

222 1529 368 1577 inter
425 1527 542 1577 alia
600 1530 786 1577 tamen
832 1542 936 1591 ego
982 1527 1166 1591 reperi
1210 1542 1377 1576 unum
1426 1542 1647 1577 carmen
1696 1531 1752 1577 et

223 1616 310 1662 est
343 1612 490 1662 tale:

289 1696 594 1745 Detraetor
639 1695 802 1757 cleri,
849 1694 965 1757 fur,
1014 1696 1279 1760 profugus
1317 1700 1487 1759 atque
1526 1696 1751 1763 cinedus

393 1779 530 1843 Igne
567 1783 666 1827 aut
699 1781 967 1844 perpetuo
1004 1794 1229 1829 carcere
1265 1780 1463 1844 dignus
1500 1786 1638 1830 erat.

292 1863 665 1912 Plebanorum
699 1876 854 1923 osor,
893 1866 1081 1924 gestus
1118 1864 1345 1913 imitans
1380 1864 1705 1929 muliebreS,

395 1944 720 1995 Formidans
755 1946 1006 1993 flammas
1041 1960 1189 1995 more
1226 1947 1461 1995 latronis
1500 1949 1635 1997 abit.

297 2028 470 2079 Cuius
509 2045 610 2093 ope
651 2046 719 2079 ex
757 2029 1003 2078 elaustro
1040 2028 1270 2080 seducta.
1306 2034 1392 2079 est
1425 2045 1628 2095 magna
1664 2046 1751 2081 sa-

1040 2113 1250 2165 eerdOS.

397 2199 598 2247 Omnia
632 2214 730 2264 per
763 2198 1089 2250 monachum
1122 2201 1367 2265 pessima
1390 2198 1583 2269 demon
1614 2204 1750 2269 agit.

223 2284 372 2333 Ecce
407 2283 594 2334 videte
633 2284 766 2347 quid
800 2285 889 2335 illi
921 2286 1056 2335 mali
1092 2286 1346 2335 furciferi
1368 2286 1605 2351 faciunt,
1644 2289 1751 2353 ipsi

223 2368 496 2418 neminem
545 2373 770 2431 curant,
823 2368 922 2419 sed
975 2387 1075 2435 per
1127 2370 1287 2420 deum
1341 2375 1597 2420 sanctum
1641 2388 1749 2422 non

223 2454 364 2503 facit
408 2452 514 2503 hoo
556 2452 712 2503 aliud
757 2451 852 2519 (ut
893 2455 1181 2505 verissime
1227 2453 1368 2503 dixit
1412 2454 1748 2521 Alexander)

224 2538 358 2600 quia
399 2552 617 2602 semper
664 2541 750 2588 est
795 2538 862 2588 de
909 2538 1061 2587 mala
1111 2538 1507 2589 consuetudine
1546 2556 1749 2603 eorum,

224 2620 372 2684 quod
407 2622 674 2686 quicquid
707 2622 769 2672 fit
803 2622 886 2671 sie
921 2622 1256 2688 Argentine,
1306 2627 1437 2673 tunc
1482 2624 1591 2687 ipsi
1637 2628 1750 2672 tra-

226 2708 384 2761 ctant·
418 2705 484 2759 de
523 2723 587 2764 eo
625 2710 682 2760 et
715 2708 937 2763 faciunt
974 2707 1055 2761 sie
1094 2708 1339 2763 carmina
1374 2707 1442 2759 de
1480 2722 1563 2758 eo.
1626 2721 1747 2777 pro-
