1942 3109
83 258 537 296 ,Aunnrs'mouns
575 259 878 295 OBSCVROB.
903 259 1209 296 Bssvcnmu.
1238 261 1416 297 ROVAE.
1482 247 1585 300 315

83 366 417 429 2uapropter
469 377 538 412 ne
593 377 798 426 aquam
845 362 1023 414 cribro
1066 363 1385 426 infundam,
1442 381 1583 418 neve

83 449 391 513 snticyram
424 450 620 511 petens
655 445 956 497 Helleboro
984 445 1071 510 (ut
1092 449 1342 514 theologi
1363 449 1581 514 volunt)

87 534 350 584 crebrum
385 545 682 596 expurgem
715 546 923 594 meum,
966 532 1316 599 secularibus
1353 550 1455 600 ego
1490 535 1583 585 lit-

81 619 192 668 eris
241 619 566 680 contentus,
611 619 790 666 totam
831 615 948 668 illis
984 615 1275 682 legendam
1308 618 1581 683 relinquo.

81 702 320 754 {eterum
364 701 413 752 si
449 717 482 752 a
519 715 606 752 me
649 701 796 752 scire
842 699 1152 765 desideras,
1212 716 1376 766 quam
1409 705 1585 769 potis-

81 788 254 838 imum
299 787 368 837 ob
417 801 644 838 causam
688 800 877 837 sacros
923 801 1025 851 ego
1080 785 1299 849 aliquot
1340 787 1582 855 ecclesie

85 875 316 922 octores
349 870 528 921 minus
566 885 768 935 amem,
807 871 876 922 ob
913 871 1085 932 hanc,
1132 871 1387 934 inquam,
1434 872 1581 936 quod

83 955 312 1006 mnibus
343 955 404 1004 in
438 954 580 1005 locis
613 954 822 1020 pseudo
859 955 1197 1006 christianos
1221 954 1447 1019 (quales
1470 956 1581 1006 for-

79 1055 212 1090 asse
271 1053 372 1089 nos
427 1037 636 1102 sumus)
681 1054 878 1090 severa
933 1055 1151 1105 semper
1206 1041 1579 1104 castig-atione

79 1121 484 1190 eprehendant.
551 1122 700 1174 Hinc
742 1123 882 1174 illud
928 1124 1167 1174 ascitum
1210 1127 1297 1175 est
1331 1125 1583 1174 Terentii

89 1209 234 1259 atris
269 1207 448 1258 nostri
481 1207 757 1272 adagium,

192 1292 532 1356 Obsequium
571 1292 797 1355 amieos,
833 1293 1047 1344 veritas
1084 1293 1267 1345 odium
1301 1293 1467 1358 parit.

77 1377 198 1428 'ale
245 1391 366 1426 cum
413 1376 550 1439 tuiS,
595 1379 654 1426 et
697 1376 830 1440 quid
869 1377 993 1442 ipse
1038 1379 1251 1429 sentias
1287 1377 1575 1443 responde.

75 1465 131 1513 lx
174 1460 434 1525 Tubinga
469 1475 576 1512 αν.
614 1459 886 1512 kalendas
924 1462 1213 1514 Octobres.

769 1680 854 1734 36.
898 1711 904 1716 ·

553 1767 605 1825 (Ι
649 1761 1084 1829 Casearius

494 1884 515 1897 *
563 1867 910 1935 Malachie
945 1883 1066 1920 suo

674 1951 748 2003 .S.
783 1952 847 2005 P·.
881 1953 954 2002 D.

141 2056 324 2105 Recte
367 2053 541 2116 facis,
589 2055 662 2103 mi
710 2054 1035 2105 charissime
1068 2053 1381 2117 Malachia‚
1428 2056 1573 2118 quod

75 2139 228 2192 acris
263 2136 592 2201 quibusdam
625 2138 829 2188 litteris
865 2140 965 2190 abs
1000 2142 1059 2188 te
1092 2138 1151 2188 in
1186 2138 1413 2188 exilium
1446 2141 1573 2190 mis-

75 2230 138 2289 2s,
180 2222 359 2273 solam
394 2221 710 2289 eloquentie
733 2223 1104 2286 maiestatem,
1128 2222 1417 2287 solamque
1442 2223 1571 2291 (que

75 2307 200 2376 pud
244 2309 494 2357 oratores
540 2308 757 2356 tantum
803 2312 890 2356 est
934 2311 993 2358 et
1035 2306 1255 2373 poetas)
1300 2309 1445 2359 bene
1488 2308 1570 2358 di-

75 2391 216 2446 endi
247 2391 378 2454 vim,
412 2390 569 2442 velut
590 2389 868 2456 Apollinis
904 2392 1081 2442 nostri
1116 2391 1419 2454 oraculum,
1457 2397 1571 2442 stu·

75 2473 203 2530 iose
261 2475 514 2540 excolas,
573 2478 999 2539 reverenterque
1060 2476 1273 2526 adores.
1342 2478 1570 2528 Verum—

75 2576 238 2613 tmen
279 2564 408 2610 tuas
453 2559 524 2610 ad
569 2575 656 2610 me
701 2559 922 2609 litteras
966 2561 1025 2609 in
1070 2561 1353 2613 convivali
1395 2576 1571 2626 nuper

75 2650 300 2699 ermone
357 2642 437 2708 (id
496 2643 642 2708 quod
693 2644 812 2693 sine
869 2643 1165 2709 lachrymis
1219 2645 1402 2696 dicere
1460 2661 1571 2696 non

75 2728 294 2792 ossum)
331 2730 536 2780 nostris
575 2727 979 2780 contribulibus
1014 2728 1303 2793 recitanti,
1347 2729 1568 2795 quidam
