1942 3109
283 254 384 305 228
461 267 756 305 EPISTOLAE
781 266 1151 304 onscvnomm
1174 266 1429 302 vntonvu
1454 266 1635 302 XOVAE.

285 378 342 425 et
373 374 522 425 bona
557 372 801 437 fercula,
840 375 899 423 et
931 388 1041 423 non
1078 373 1329 437 cogitant
1362 386 1534 437 super
1555 386 1663 421 me.
1712 371 1813 422 sed

283 474 385 524 ego
421 460 531 508 non
565 457 694 509 volo
729 457 940 507 diutius
986 458 1133 521 pati,
1180 460 1235 508 et
1278 456 1497 507 debetis
1538 457 1681 521 ipsis
1728 457 1813 507 di·

287 558 442 593 cere=
479 547 613 593 tunc
651 558 754 607 ego
791 542 960 591 etiam
996 540 1123 592 volo
1158 541 1457 607 diligenter
1478 540 1571 590 hic
1594 542 1812 591 instare

285 628 432 693 apud
476 626 752 679 dominum
797 640 1004 689 meum,
1060 626 1207 688 quod
1250 625 1596 690 promovebit
1639 641 1811 691 nego·

285 714 429 762 cium
472 714 717 763 vestrum
761 710 910 760 sicut
952 710 1265 773 scripsistis
1316 710 1469 759 mihi.
1549 709 1624 757 Et
1674 725 1811 776 rogo

281 811 408 858 voe,
465 794 684 859 quando
737 797 1001 859 parentes
1059 796 1169 843 mei
1226 792 1439 843 dabunt
1494 794 1810 858 pecuniam,

284 879 427 943 quod
461 879 653 929 velitis
688 878 824 928 mihi
859 878 1096 929 mittere.
1154 876 1229 926 Et
1266 892 1391 927 cum
1426 878 1531 928 hoc
1566 879 1810 929 mittatis

281 964 416 1014 mihi
471 979 638 1013 unum
689 963 954 1013 frustrum
1008 962 1076 1011 de
1130 960 1327 1025 Creta,
1391 963 1524 1026 quia
1575 962 1634 1011 in
1688 966 1809 1013 tota

285 1048 460 1098 Roma
494 1062 606 1097 non
639 1046 850 1098 habent
873 1048 1077 1097 bonam
1123 1049 1359 1111 cretam,
1407 1047 1575 1096 ctiam
1622 1047 1672 1096 si
1714 1062 1808 1097 vc·

279 1132 402 1182 litis
437 1130 570 1181 dare
605 1146 774 1181 unum
796 1132 1061 1183 florenum
1084 1146 1182 1196 pro
1208 1146 1301 1180 ea:
1340 1130 1435 1180 sed
1459 1131 1607 1181 sicut
1630 1130 1808 1193 scitis,

282 1218 502 1279 oportet
543 1215 750 1266 habere
809 1220 1044 1280 cretam,
1102 1215 1234 1279 quia
1286 1230 1403 1265 sum
1456 1214 1703 1279 logicus:
1756 1218 1811 1265 et

283 1297 502 1363 quando
537 1298 666 1348 volo
702 1297 892 1348 facere
931 1298 1338 1365 syllogIsmum,
1386 1302 1521 1348 tunc
1564 1313 1676 1348 non
1710 1299 1809 1348 ha-

280 1384 386 1434 beo
424 1384 794 1433 atramentum
829 1397 1062 1447 semper.
1121 1383 1305 1431 Etiam
1338 1386 1423 1433 est
1456 1383 1810 1433 fastidiosum

282 1468 472 1517 facere
521 1480 644 1515 cum
691 1470 1030 1517 atramento:
1086 1470 1144 1516 et
1192 1467 1431 1533 mittatis
1482 1467 1619 1517 mihi
1662 1466 1808 1533 ligas

279 1550 598 1601 teutonicas
646 1549 716 1599 ad
763 1550 1050 1615 ligandum
1100 1551 1345 1616 caligas,
1402 1551 1535 1614 quia
1592 1551 1811 1601 faciunt

281 1636 364 1685 ita
415 1633 596 1685 malas
648 1632 796 1699 ligas
851 1634 1139 1685 in·1talia
1194 1634 1341 1699 quod
1395 1639 1482 1685 est
1534 1623 1807 1685 mirabile.

281 1719 445 1769 Mitto
480 1716 640 1769 vobis
675 1717 769 1768 hic
803 1734 970 1769 unam
1004 1720 1325 1771 veronicam
1362 1734 1467 1786 que
1503 1719 1697 1784 tetigit
1718 1734 1813 1769 ca·

281 1804 402 1869 pita
446 1805 764 1853 sanctorum
807 1804 964 1854 Petri
1009 1807 1065 1853 et
1106 1802 1276 1853 Pauli
1321 1806 1377 1853 et
1420 1802 1627 1853 multas
1662 1802 1811 1854 alias

281 1888 585 1950 reliquias:
631 1890 688 1936 et
732 1887 891 1937 mitto
935 1888 1099 1937 vobis
1144 1902 1313 1937 unum
1357 1902 1533 1952 agnus
1580 1886 1699 1937 dei:
1757 1893 1815 1938 et

282 1970 497 2022 debetis
543 1970 678 2020 mihi
725 1969 975 2021 salutare
1019 1970 1295 2021 dominum
1330 1971 1691 2022 Valentinum
1742 1972 1811 2023 de

281 2054 688 2119 Gelterssheim,
722 2055 1049 2121 magistrum
1072 2060 1319 2108 nostrum
1344 2054 1813 2106 colendissimum.

280 2156 382 2205 per
423 2139 584 2191 deum
630 2155 732 2205 ego
778 2153 1063 2202 nunquam
1108 2140 1192 2189 ita
1237 2141 1540 2205 potuissem
1594 2139 1815 2192 discere

278 2224 524 2289 logicam
567 2223 616 2272 si
659 2238 771 2273 non
817 2224 1101 2273 stetissem
1158 2225 1217 2273 in
1268 2225 1439 2275 bursa
1492 2240 1624 2275 sua:
1680 2227 1815 2290 quia

279 2308 400 2373 ipse
448 2310 535 2357 est
575 2306 740 2359 valde
786 2306 1197 2371 declarativus,
1255 2310 1311 2358 et
1356 2309 1652 2374 supposita
1698 2310 1815 2360 cito

283 2392 513 2456 capiunt
547 2388 764 2455 quando
800 2390 924 2455 ipse
959 2391 1118 2456 legit.
1178 2392 1379 2443 Valete
1414 2391 1651 2456 plurime
1690 2408 1814 2443 cum

279 2476 522 2525 sanitate
574 2474 776 2525 mentis
830 2477 888 2526 et
949 2477 1217 2541 corporis.
1302 2478 1515 2527 Datum
1564 2477 1813 2545 Romane

282 2556 468 2608 Ourie.
