1942 3109
261 240 323 291 12
509 254 795 291 evrsroms
831 255 1201 292 oascvaoavu
1238 257 1507 292 vrnosvx.
1590 243 1595 248 ’

261 362 502 426 cogitavi
537 360 802 425 quomodo
837 377 1053 426 possem
1088 376 1173 411 me
1208 361 1509 411 vindicare.
1563 365 1619 410 et
1654 377 1766 411 non

257 447 410 510 potui
463 447 766 510 imaginare
823 445 1087 509 quomodo
1137 446 1394 496 facerem.
1474 445 1547 494 Et
1592 448 1763 497 semel

255 529 398 578 dixit
430 531 562 579 mihi
595 546 753 595 unua,
791 529 1055 605 quomodo
1091 530 1157 580 de
1194 535 1354 581 nocte
1388 531 1493 581 iret
1515 530 1614 580 ille
1638 547 1762 598 pre-

254 614 468 665 dicator
501 614 571 665 ad
605 631 771 664 unam
804 615 1113 678 mulierem,
1162 618 1219 664 et
1254 618 1585 680 supponeret
1621 630 1759 680 eam,

255 703 311 748 et
345 699 604 749 dormiret
640 715 760 749 cum
797 716 879 750 ea.
928 701 1003 748 Et
1026 716 1126 764 ego
1152 699 1379 748 audiens
1404 701 1563 762 talia,
1590 700 1761 749 semel

255 784 450 849 accepi
499 784 715 847 aliquos
751 787 932 834 socios
969 785 1065 847 qui
1098 788 1249 833 stant
1283 785 1341 833 in
1376 784 1655 850 Collegio‚
1702 789 1761 834 et

255 869 403 918 circa
447 869 636 919 horam
679 869 946 919 decimam
988 870 1187 919 ivimus
1234 868 1303 918 ad
1336 869 1493 919 illam
1528 869 1759 933 domum,

253 957 310 1002 et
367 969 466 1018 per
519 956 630 1005 vim
687 955 1043 1006 intravimus:
1112 958 1247 1004 tunc
1304 955 1401 1004 ille
1458 955 1758 1008 monachus

250 1039 443 1088 volens
497 1040 716 1104 fugere,
762 1055 870 1090 non
924 1039 1119 1089 habuit
1167 1043 1381 1104 tempus
1426 1043 1491 1088 ut
1535 1039 1760 1090 tolleret

247 1125 577 1175 vestimenta
623 1139 751 1187 sua,
799 1129 855 1174 et
890 1124 1121 1174 saltavit
1164 1123 1339 1174 nudus
1376 1141 1443 1174 ex
1478 1124 1755 1174 fenestra:

251 1217 307 1259 et
351 1225 452 1275 ego
505 1211 604 1259 risi
649 1210 728 1258 ita
779 1208 922 1272 quod
965 1210 1151 1258 statim
1204 1210 1617 1274 perminxissem
1650 1225 1755 1273 me,

251 1297 307 1343 et
365 1293 626 1343 clamavi:
676 1293 924 1342 ‘Domine
984 1293 1314 1361 predicator,
1360 1294 1575 1344 tollatis
1620 1309 1753 1358 pon-

247 1377 480 1428 tificalia
534 1379 767 1441 vestra‘,
829 1382 885 1428 et
939 1381 1078 1428 socii
1124 1379 1363 1428 exterius
1407 1383 1756 1443 proiecerunt

249 1479 370 1513 eum
407 1464 462 1512 in
497 1463 734 1512 merdam
771 1467 828 1516 et
849 1463 908 1512 in
933 1479 1151 1527 aquam.
1200 1463 1295 1512 sed
1321 1478 1424 1527 ego
1446 1465 1757 1529 compescui

249 1565 363 1610 eoa,
401 1552 456 1597 ct
491 1547 603 1597 dixi
633 1548 776 1610 quod
801 1549 1071 1598 haberent
1092 1547 1504 1598 discretionem:
1540 1563 1751 1599 verum-

249 1638 433 1682 tamen
470 1632 657 1683 adinvi
693 1649 786 1682 eos
813 1633 958 1697 quod
984 1649 1169 1682 omnes
1192 1634 1572 1698 supposuimus
1597 1632 1752 1683 illam

247 1717 557 1768 mulierem:
595 1721 652 1768 et
685 1718 766 1766 ita
799 1717 1083 1768 vindicavi
1114 1734 1199 1768 me
1236 1717 1301 1767 de
1336 1718 1435 1768 illo
1466 1718 1752 1781 monache,

249 1807 305 1853 et
339 1806 534 1868 postea
568 1802 624 1851 id
659 1817 767 1852 non
803 1804 1039 1868 amplius
1062 1801 1369 1869 predicavit
1390 1801 1459 1852 de
1481 1818 1581 1852 me.
1642 1803 1751 1852 Sed

246 1904 354 1938 non
390 1888 604 1938 debetis
640 1886 770 1937 aliis
805 1886 1006 1950 dicere,
1043 1889 1333 1951 propterea
1368 1887 1513 1950 quod
1546 1888 1750 1938 fratres

247 1973 620 2040 predicatores
666 1986 812 2021 nunc
847 1975 977 2022 sunt
1008 1986 1105 2036 pro
1139 1971 1297 2021 vobis
1334 1976 1528 2022 contra
1560 1971 1750 2023 docto—

245 2074 358 2108 rem
392 2057 690 2120 Reuchlin‚
740 2061 795 2106 et
837 2055 1137 2106 defendunt
1174 2056 1465 2106 ecclesiam
1500 2061 1557 2106 et
1590 2055 1747 2108 fidem

249 2143 578 2193 catholicam
627 2145 818 2192 contra
864 2141 993 2191 illos
1038 2145 1231 2204 poetas
1276 2141 1585 2208 seculares:
1646 2159 1747 2208 ego

245 2229 446 2278 vellem
472 2226 615 2291 quod
639 2227 743 2277 iste
769 2226 1065 2276 monachus
1090 2227 1289 2276 fuisset
1310 2225 1375 2276 de
1402 2225 1513 2276 alio
1538 2225 1745 2292 ordine,

247 2313 376 2376 quia
423 2313 519 2362 ille
567 2310 696 2362 ordo
745 2315 830 2360 est
872 2309 1037 2362 valde
1072 2309 1329 2360 mirificus
1364 2311 1508 2360 inter
1542 2327 1745 2362 omnes.

245 2399 357 2448 Vos
385 2398 548 2447 etiam
568 2397 781 2446 debetis
801 2396 934 2444 mihi
952 2394 1162 2459 aliquid
1180 2395 1391 2445 risibile
1412 2395 1745 2463 significare,

245 2487 304 2532 et
337 2498 444 2532 non
479 2481 784 2532 irascimini
817 2481 965 2529 mihi.
1036 2480 1120 2529 Ex
1156 2481 1518 2545 Wittenberg.
