1942 3109
300 248 368 301 78
424 262 805 301 »spumeum
829 262 1072 299 nst-nus.
1091 259 1309 299 comm
1328 258 1529 295 nuos.
1552 259 1679 295 0.v.
1699 260 1828 298 lm»,

300 370 471 434 flebo,
508 370 661 435 prius
696 371 817 436 ipse
852 371 1014 420 tones
1049 372 1348 433 antequam
1381 364 1670 418 fulmineo.
1729 367 1830 419 Sic

302 456 446 506 enim
481 458 683 507 natura.
724 455 1032 519 constituit,
1065 457 1130 504 ut
1163 454 1308 519 ignis
1342 457 1674 519 premoneat
1709 468 1826 505 cre·

299 542 421 607 pitu
458 544 755 604 antequam
790 542 1006 602 exurat,
1041 538 1205 589 ruina
1237 538 1478 603 fragore,
1517 540 1824 602 autequam

302 626 636 691 supprimat,
672 629 825 675 terra
856 627 1028 688 motu,
1067 627 1367 688 antequem
1401 620 1728 689 absorbeat,
1765 628 1825 674 ut

299 710 509 761 talibus
552 711 715 761 minis
762 710 947 760 omnia
1005 708 1114 759 sibi
1169 706 1477 757 animantia
1522 711 1746 774 possint
1789 726 1822 761 a

298 794 497 845 damno
534 808 749 845 cavere.
830 793 1042 845 Valeas
1087 792 1334 843 feliciter
1377 796 1508 857 opto
1553 808 1821 859 perquam

300 876 686 928 colendissimo
708 878 919 942 doctor,
958 882 1016 929 et
1037 876 1330 946 magnifice
1365 877 1638 930 facultati
1665 880 1820 931 theo·

296 963 447 1031 logie
484 966 693 1027 quauta
739 966 899 1029 potes
946 962 1246 1030 diligentis
1279 978 1368 1014 me
1403 964 1640 1015 obsecro
1677 980 1820 1017 com·

296 1047 539 1111 mendes,
576 1050 634 1097 in
668 1048 949 1100 meliorem
985 1052 1201 1114 partem
1237 1048 1421 1100 omnia
1449 1052 1506 1099 et
1525 1050 1823 1116 benig-nio-

294 1146 409 1181 rem
444 1131 878 1195 interpretando.
937 1134 1148 1183 Datum
1181 1148 1432 1199 peregre,
1469 1148 1630 1197 quum
1669 1136 1828 1188 forte

295 1216 520 1266 fortuna
554 1216 888 1269 tabellarius
926 1218 1150 1283 quidam
1175 1219 1503 1284 contigisset
1525 1217 1828 1272 accinctus

294 1301 499 1352 itineri.
572 1301 767 1365 quinto
816 1302 936 1353 Cal.
984 1304 1326 1355 Novembris.
1387 1302 1546 1354 Anno
1589 1303 1822 1357 domini.

292 1386 368 1435 Μ.
405 1386 475 1437 D.
512 1400 593 1437 11.

569 1463 622 1521 (I
643 1470 882 1523 Ioannes
906 1472 1180 1524 Reuchlin
1197 1468 1456 1538 phorcefi.
1479 1472 1543 1523 11.
1571 1472 1786 1527 doctor.

822 1608 995 1658 Nota
1031 1609 1269 1660 lector.

397 1714 450 1775 (I
492 1724 793 1778 Videamus
828 1738 978 1777 nunc
1014 1741 1179 1792 quam
1223 1728 1426 1779 leviter
1471 1734 1530 1781 et
1569 1732 1821 1784 inconsi-

292 1811 485 1863 derate
520 1813 579 1861 in
614 1812 721 1862 hac
758 1812 1000 1876 epistole
1036 1818 1306 1879 evagatus
1341 1814 1432 1864 sit.
1493 1814 1610 1866 Oro
1651 1818 1820 1884 igitur

292 1898 459 1958 atque
496 1897 725 1948 obsecro
759 1911 861 1947 vos
896 1897 955 1947 in
991 1896 1210 1949 domino
1244 1898 1374 1949 Iesu
1413 1902 1480 1949 ut
1511 1903 1826 1953 veritatem

287 1994 397 2031 non
432 1982 589 2034 modo
628 1982 817 2034 audire
854 1983 952 2035 sed
989 1985 1159 2035 etiam
1193 1984 1341 2034 tueri
1373 1983 1582 2036 velitis.

395 2058 448 2116 (I
492 2068 558 2118 In
604 2070 793 2135 primis
840 2071 1034 2134 itaque
1079 2066 1274 2120 laudat
1307 2069 1540 2121 mirifice
1573 2084 1830 2124 venera·

284 2151 453 2202 bilem
498 2155 676 2202 virum
720 2154 996 2203 dominum
1039 2151 1339 2204 Arnoldum
1375 2154 1830 2220 Tungerensem.

288 2237 489 2299 postea
526 2239 711 2283 autem
745 2236 805 2283 in
838 2250 941 2285 sua
978 2237 1300 2287 defensione
1339 2236 1463 2303 (sed
1496 2241 1694 2291 verius
1737 2245 1830 2293 of-

282 2315 556 2383 fensione)
595 2319 676 2369 ita.
708 2320 947 2383 turpiter
982 2323 1038 2369 et
1070 2320 1218 2371 falso
1243 2323 1476 2375 eundem
1499 2328 1832 2378 contemnit

284 2405 341 2453 et
371 2402 658 2466 vituperat
692 2407 754 2454 ut
788 2404 927 2454 nihil
960 2420 1147 2471 supra.

390 2478 443 2536 (I
498 2486 745 2539 Titulum
788 2492 976 2541 tamen
1021 2491 1261 2560 epistole
1307 2508 1417 2543 non
1462 2494 1827 2548 omittamus.

276 2568 532 2619 Videatis
568 2571 799 2623 obsecro
844 2573 1112 2636 quomodo
1146 2591 1404 2627 mucrone
1441 2592 1542 2628 suo
1577 2582 1830 2645 proprio

280 2652 631 2715 conficiatur,
691 2659 753 2704 ut
814 2658 989 2707 stulto
1035 2658 1472 2723 respondendum
1517 2662 1594 2712 sit
1644 2664 1828 2716 iuxta

276 2735 576 2786 stultitiam
610 2750 783 2787 suam.
854 2737 951 2788 Sic
997 2742 1143 2791 enim
1177 2742 1405 2807 scripsit
1439 2744 1714 2811 ‘Egregie
1763 2754 1828 2801 et
