1942 3109
253 225 355 279 372
431 243 722 281 ammona
745 245 1117 283 onscvnonvn
1140 246 1396 283 vrnonvu
1422 248 1602 287 novat.

251 365 338 400 me
375 365 590 416 semper
612 365 844 401 exerceo
877 351 936 401 in
969 352 1209 416 musica,
1243 352 1497 404 Psalmos
1522 353 1581 403 in
1608 355 1766 407 choro

252 433 483 499 lyrando
521 438 577 485 et
609 434 906 498 ululandogz
943 440 1003 486 et
1024 437 1131 488 hoo
1154 451 1266 487 non
1291 442 1377 488 est
1400 453 1614 503 rarum,
1650 439 1765 490 ideo

251 534 360 570 non
397 519 639 570 charum.
707 520 794 570 De
829 520 1157 572 mulieribus
1194 526 1280 573 est
1312 523 1447 573 mihi
1481 539 1655 589 grave
1690 524 1764 575 lo-

251 603 555 669 quendum:
593 604 727 669 quia
760 605 975 656 nullam
1009 605 1200 671 video,
1237 607 1346 657 nisi
1383 607 1605 672 quando
1629 609 1766 661 vado

251 689 323 739 ad
358 690 536 740 forum
573 705 694 739 eum
729 693 1083 755 procuratore
1135 693 1327 742 nostro
1372 693 1593 756 quando
1640 695 1769 744 emit

250 790 375 826 ova.
433 775 621 824 Etiam
657 773 878 838 qnando
911 774 1056 825 vado
1094 774 1165 826 ad
1198 776 1369 828 villas
1402 776 1475 827 ad
1500 777 1765 844 colligen-

249 856 377 909 dum
421 873 588 924 rapas
633 861 690 908 et
732 858 916 910 olerat
965 863 1023 910 et
1068 860 1117 910 si
1165 875 1295 912 earo
1339 877 1426 912 me
1480 868 1768 928 superaret

249 942 470 1008 quando
506 958 683 995 essem
729 943 876 1009 apud
919 959 1086 994 unam
1131 945 1420 1012 feminam,
1468 952 1599 998 tune
1641 949 1766 1013 ipsa

247 1043 358 1079 non
391 1032 610 1079 teneret
641 1029 795 1079 mihi.
865 1030 1015 1094 Ergo
1052 1029 1271 1094 qnando
1306 1047 1455 1082 nune
1490 1033 1651 1083 nobis
1684 1035 1767 1085 vi-

248 1128 376 1163 num
421 1114 808 1178 abbreviatur,
864 1114 1033 1178 quale
1090 1114 1353 1179 gaudium
1404 1117 1766 1168 habebimus?

248 1196 309 1248 Si
353 1197 589 1248 medium
635 1199 964 1250 haberemus
1010 1199 1091 1250 ita
1126 1201 1329 1251 bonum
1364 1201 1511 1252 sieut
1546 1201 1648 1253 alii
1682 1217 1767 1253 or-

245 1280 431 1347 dineS,
477 1286 538 1333 ut
582 1283 903 1335 sacerdotes
946 1285 1236 1336 nobiscum
1280 1285 1426 1352 apud
1472 1285 1767 1352 Spiritum·

247 1371 503 1417 sanetum
537 1369 957 1433 professionati!
996 1368 1173 1420 Credo
1210 1368 1355 1434 quod
1388 1371 1533 1422 bene
1568 1372 1767 1422 sciatis

249 1450 381 1515 quid
417 1453 492 1502 sit
527 1468 624 1518 pro
661 1454 880 1504 ordine:
923 1454 1035 1519 ipsi
1068 1455 1281 1507 habent
1314 1454 1569 1521 duplices
1606 1456 1767 1508 albas

249 1551 444 1587 eruces
487 1537 552 1586 in.
590 1539 810 1602 tunica,
869 1542 926 1588 et
968 1554 1080 1590 non
1124 1543 1255 1590 sunt
1298 1540 1413 1591 alte
1460 1541 1576 1591 rasi
1621 1542 1770 1593 sieut

244 1635 374 1672 noaz
413 1625 472 1672 et
505 1622 723 1686 quando
759 1621 878 1672 illis
899 1638 1069 1673 unum
1093 1623 1355 1690 gaudium
1378 1624 1618 1691 tollitur,
1658 1628 1770 1676 soi·

244 1703 384 1758 lieet
407 1706 626 1770 quando
651 1708 733 1758 eis
754 1707 943 1759 vinum
968 1709 1329 1760 abbreviatur
1352 1714 1578 1776 propter
1600 1726 1769 1762 unam

244 1792 782 1857 supergressionem,
836 1796 972 1843 tuno
1026 1793 1239 1844 habent
1282 1793 1437 1846 aliud
1481 1794 1773 1860 gaudium:

243 1874 383 1927 Nam
429 1881 662 1940 possunt
703 1877 999 1944 disponere
1045 1879 1364 1930 meretrices
1410 1895 1507 1945 per
1555 1879 1773 1931 olandi-

245 1967 464 2013 eantem
501 1961 764 2014 Ioannem
800 1964 898 2029 qui
931 1963 1091 2030 ligna
1124 1967 1304 2014 secat.
1378 1965 1548 2017 etiam
1583 1965 1774 2031 gradi·

245 2051 336 2098 tur
369 2063 536 2115 super
567 2048 825 2100 manibus
861 2051 919 2100 et
952 2047 1223 2115 genubus.
1294 2048 1545 2101 Possetia
1580 2048 1776 2101 dicere

243 2131 368 2200 ‘hee
388 2133 510 2185 vita
533 2135 861 2185 meretrieea
871 2134 1131 2186 nonlicet
1141 2133 1779 2201 Sanctispiritualibus‘.

238 2217 566 2284 Respondeo
584 2255 599 2282 ‚
636 2217 784 2283 quod
819 2217 1011 2270 audivi
1044 2234 1143 2285 pro
1180 2223 1362 2284 certo,
1400 2219 1547 2284 quod
1582 2233 1780 2271 eorum

239 2301 494 2354 dominus
518 2303 788 2370 magister
813 2302 1093 2368 (quamvis
1118 2319 1319 2370 senex,
1358 2303 1621 2369 claudus,
1659 2306 1779 2370 gri-

239 2401 397 2454 seus,
443 2392 502 2439 et
545 2388 825 2455 lippam,
881 2392 972 2440 eat
1014 2392 1203 2440 tamen
1251 2388 1451 2442 avidus
1498 2387 1571 2440 ad
1612 2388 1783 2440 illam

237 2485 382 2538 rem,
427 2489 538 2525 non
583 2478 769 2526 autem
816 2489 1034 2539 semper
1077 2474 1301 2540 potens)
1358 2473 1505 2525 solet
1560 2465 1785 2526 habere

238 2557 520 2622 propriam
557 2559 619 2610 in
669 2571 772 2608 sua
816 2557 1023 2609 atuffa:
1080 2561 1137 2608 et
1193 2557 1413 2622 quando
1472 2559 1791 2610 excavavit

237 2637 395 2691 illam
429 2643 712 2706 totaliter,
759 2646 894 2692 tunc
927 2642 1176 2708 disponit
1220 2643 1330 2693 sibi
1374 2657 1545 2694 unum
1589 2643 1789 2694 virum

241 2731 298 2778 et
343 2725 446 2777 dat
487 2727 597 2779 sibi
641 2727 844 2778 bonam
877 2726 1063 2780 dotem
1098 2743 1168 2778 ex
1204 2727 1609 2794 Gazophilaeio
1646 2725 1789 2794 spi»
