1942 3109
153 281 418 322 commu>
443 267 684 317 navent.
701 278 1059 318 Insrnvc'no.
1072 281 1125 316 D.
1139 278 1183 320 2.
1200 279 1315 318 um.
1332 277 1517 322 A.1512.
1586 268 1655 319 97

150 405 247 440 non
298 387 608 438 meminisse
663 385 761 437 ubi
816 385 944 436 nam
1004 382 1261 439 scandali
1307 389 1655 440 occasionem

151 473 478 541 prestitisses
540 475 638 522 aut
697 472 1008 536 scripturas
1070 473 1424 538 exposuisses
1486 470 1653 524 aliter

150 567 299 624 quam
331 555 580 623 patiatur
622 555 946 606 intellectus
995 555 1262 626 ecclesie,
1310 557 1525 608 Idcirco
1564 557 1653 607 his

147 643 336 694 nostris
370 641 578 694 litteris
614 639 854 691 indicenti
889 639 1237 706 implicatum
1272 641 1559 705 mittimuS,
1596 641 1653 691 in

147 743 244 795 quo
289 726 558 796 annotate
605 727 735 777 sunt
779 722 1191 792 propositiones
1240 729 1295 776 et
1355 722 1654 792 allegatio-

144 827 234 865 nes
275 814 510 879 sparsim
556 813 657 877 pe1‘·
703 807 760 862 te
809 825 878 861 ex
923 808 1204 875 sciiptura
1262 813 1426 862 sacra
1485 815 1541 862 et
1586 827 1654 862 ex

145 903 366 962 utroque
405 897 578 948 etiam
613 895 734 946 iure
771 893 1196 960 impertinenter
1234 895 1441 964 allate,
1490 899 1663 960 super

146 983 339 1046 quibus
376 979 460 1043 (ut
494 980 656 1030 nobis
689 981 868 1030 visum
907 977 1015 1044 est)
1054 979 1112 1027 in
1149 979 1503 1045 apologetIco
1539 982 1654 1044 tu0‚

146 1065 283 1131 quod
317 1065 493 1115 latine·
531 1063 798 1128 scriptum
835 1061 1237 1116 consultationi
1272 1065 1367 1132 tue
1404 1063 1653 1128 iunxisti,

141 1166 248 1202 non
299 1149 437 1200 satis
491 1163 590 1216 pro
645 1145 773 1198 fidei
829 1147 925 1216 tue
971 1147 1311 1212 synceritatc
1354 1153 1412 1198 te
1459 1163 1656 1214 expur-

141 1236 302 1302 gasti.
363 1233 542 1300 Super
565 1233 654 1283 his
690 1248 819 1298 ergo
844 1233 1086 1298 petimus
1110 1238 1174 1283 ut
1197 1249 1296 1297 per
1319 1236 1416 1282 tua
1441 1236 1655 1300 scripta

139 1335 238 1370 nos
268 1319 442 1369 latius
474 1322 713 1369 mentem
749 1322 901 1367 tuam
936 1315 1246 1368 develando
1270 1312 1534 1367 informes
1561 1321 1659 1367 aut

139 1404 388 1470 exemplo
421 1400 650 1453 humilis
689 1407 745 1453 et
789 1398 1063 1474 Sapientis
1098 1389 1396 1466 Augustini
1438 1399 1655 1466 palino-

135 1490 284 1540 diam
319 1487 596 1538 cantando
633 1486 923 1538 retractes.
962 1483 1068 1552 hec
1106 1483 1253 1535 enim
1290 1489 1378 1536 est
1410 1486 1657 1552 ingenua

136 1579 194 1626 et
225 1578 362 1626 vere·
395 1572 706 1624 christiana
745 1585 869 1620 cum
896 1567 1177 1620 charitate
1202 1571 1497 1636 severitas,
1538 1587 1656 1623 cor-

133 1660 318 1724 rigere
355 1659 526 1720 atque
565 1651 857 1707 emendare
895 1666 1035 1720 opus
1072 1653 1219 1718 quod
1255 1655 1574 1721 improvida
1602 1659 1659 1708 et

129 1743 279 1794 male
327 1741 731 1805 circumspecta
779 1736 1116 1789 festinantia
1172 1741 1401 1805 struxit,
1462 1745 1657 1806 quate-

127 1841 236 1877 nus
272 1811 656 1892 integritatem
691 1822 750 1874 in
786 1821 842 1874 te
869 1821 1185 1893 suam-fides
1211 1819 1657 1875 incontamInata

130 1909 437 1961 custodiat.
504 1909 666 1960 Vale.
736 1905 895 1959 Anno
946 1907 1221 1958 .M.D.xn.
1262 1907 1507 1962 secunda
1566 1909 1656 1961 Ia-

123 1993 335 2047 nuarii.

235 2071 293 2130 (s
337 2079 424 2130 Ex
469 2079 556 2131 his
601 2077 806 2130 litteris
843 2081 1031 2144 potest
1066 2079 1467 2142 uniusquisque
1506 2093 1657 2129 ama-

119 2172 214 2216 tor
249 2165 514 2215 veritatis
547 2161 797 2213 funditus
833 2163 1141 2229 percipere,
1179 2161 1323 2227 quod
1354 2161 1661 2215 laudabilis

115 2247 472 2300 universitas
511 2246 864 2299 Coloniensis
916 2243 997 2311 (in
1046 2262 1157 2313 qua
1202 2252 1288 2299 tot
1344 2249 1557 2315 egregii
1602 2253 1659 2301 et

116 2332 362 2386 honesti
400 2335 456 2382 et
490 2329 786 2394 benedocti
817 2332 929 2383 viri
965 2331 1117 2396 sunt)
1156 2347 1265 2384 non
1300 2333 1473 2383 fuerit
1493 2335 1658 2384 incli-

111 2423 266 2471 nata
293 2417 562 2469 Ioannem
586 2415 859 2466 Reucblin
895 2415 1081 2485 ledere
1120 2419 1218 2466 aut
1249 2416 1511 2470 honorem
1538 2420 1657 2468 eius

113 2517 395 2570 carpere,
454 2499 551 2552 sed
607 2500 942 2554 solummodo
997 2501 1331 2566 superfluam
1374 2501 1655 2552 maliciam

111 2588 441 2654 christiane
479 2586 720 2655 ecclesie
758 2588 1081 2652 extinguere
1131 2590 1187 2636 et
1234 2587 1305 2636 ab
1341 2586 1655 2637 hominibus

106 2670 333 2723 tollere
397 2675 472 2722 .et
498 2687 543 2721 c.
627 2672 788 2723 Nunc
848 2672 894 2720 si
954 2669 1230 2720 Reuchlin
1288 2671 1369 2720 ita
1426 2671 1661 2720 fecisset

107 2754 594 2822 quemadmodum
630 2757 936 2821 scripserat
971 2769 1031 2804 se
1076 2754 1381 2817 facturum,
1430 2757 1563 2802 tunc
1600 2753 1658 2802 in

1323 2838 1355 2886 7
