1942 3109
249 216 351 269 m
427 231 716 268 EPIS-'ronffl
743 231 1109 268 OBSGVBORVH
1134 229 1385 267 VIBOBVH
1410 232 1589 267 NOVAE.

250 339 387 389 tiam
425 337 602 402 egerit
637 341 694 389 et
725 338 898 388 vitam
935 335 1275 401 emendabit,
1322 351 1453 386 ecoe
1500 351 1603 402 ego
1638 354 1764 407 pre-

250 423 376 474 dic-o
413 423 465 474 ei
501 423 644 487 quod
681 423 785 473 erit
820 421 1103 472 habitator
1137 422 1295 487 regni
1330 420 1612 490 celorum,
1658 439 1765 474 neo

248 509 521 574 indigebit
552 507 684 558 ullis
721 507 848 556 aliis
875 505 1142 557 auxiliis'.
1198 507 1273 556 Et
1294 507 1378 557 sic
1401 509 1596 558 notavi
1618 510 1767 572 quod

249 595 358 644 iste
393 591 586 644 doctor
617 591 772 656 Reyss
821 594 906 641 est
946 590 1209 641 Inimicus
1252 592 1661 656 religiosorum:
1708 599 1766 645 et

250 679 470 730 videtur
515 677 685 728 etiam
727 675 864 727 mihi
911 675 1055 740 quod
1088 676 1247 727 favet
1278 675 1512 726 Iohanni
1546 677 1760 728 Reueh-

251 765 358 829 lin,
408 764 658 828 quamvis
704 762 911 812 nese-io.
984 775 1113 826 ergo
1158 760 1361 811 videtis
1406 762 1541 826 quid
1574 763 1649 812 sit
1680 761 1763 812 ‹li-

253 847 500 898 cendum.
569 845 720 898 Bene
771 844 1011 896 concedo
1048 845 1192 910 quod
1227 845 1495 912 Theologi
1532 845 1761 914 Coloniq

251 934 366 989 sint
408 934 467 982 in
509 947 711 997 magna
755 933 1143 996 veneratione,
1205 933 1263 982 et
1308 931 1451 994 quod
1496 930 1763 996 Theologi

252 1017 534 1084 seculares
561 1021 616 1068 et
637 1016 902 1066 mundani
924 1021 1054 1066 sunt
1076 1017 1135 1066 in
1166 1031 1367 1081 magna
1401 1011 1601 1066 unione
1640 1030 1763 1066 eum

253 1103 553 1166 religiosis:
611 1101 708 1152 sed
752 1101 843 1152 hio
887 1117 999 1152 non
1046 1106 1131 1152 est
1172 1103 1273 1152 ita.
1354 1100 1526 1166 Spero
1572 1105 1762 1152 tamen

251 1187 398 1252 quod
423 1187 640 1251 quando
662 1187 936 1238 Reuohlin
961 1187 1400 1251 erit·superatu3,
1425 1190 1559 1235 tune
1583 1187 1761 1238 Theo-

251 1273 368 1336 logi
401 1271 719 1336 gaudebunt
750 1272 1015 1334 invicem,
1054 1270 1198 1335 quod
1221 1274 1432 1337 prestet
1453 1272 1611 1321 nobis
1640 1271 1761 1321 Sal-

250 1360 412 1408 vator
454 1361 640 1407 noster
679 1355 1021 1422 unigenitus.
1097 1354 1287 1405 Amen.
1364 1357 1569 1406 Datum
1620 1356 1760 1406 Her-

251 1441 449 1506 bipoli.

962 1693 1049 1746 44.

508 1813 559 1872 1[
601 1810 892 1874 Petrus
941 1810 1032 1874 de
1076 1809 1511 1876 Wormatia

541 1914 874 1979 Magistro
913 1915 1198 1967 Ortvino
1236 1917 1475 1966 Gratio

633 1999 880 2050 Salutem
913 2001 1205 2065 plurimam
1240 2001 1393 2050 dicit.

357 2121 456 2171 Vir
481 2119 704 2183 eximie,
730 2119 1029 2170 seeundum
1056 2120 1198 2184 quod
1224 2121 1355 2172 estis
1380 2120 1513 2170 mihi
1536 2123 1765 2170 nabuta—

253 2206 384 2256 liter
427 2204 730 2254 inclinatus
775 2207 832 2254 et
873 2204 1103 2255 multum
1154 2205 1361 2255 favetis
1414 2205 1575 2255 mihi:
1634 2223 1765 2272 ergo

257 2291 426 2341 etiam
459 2289 586 2340 volo
609 2288 770 2339 vobis
793 2289 985 2340 faeere
1008 2289 1315 2355 possibilia.
1372 2291 1609 2342 Dixistis
1630 2289 1765 2339 mihi

257 2379 444 2425 autem
479 2369 753 2438 ‘o'Petre,
792 2374 1009 2438 quando
1044 2375 1249 2426 venitis
1283 2375 1532 2438 Romam,
1578 2372 1763 2424 videte

259 2477 332 2510 an
355 2463 484 2509 sunt
505 2459 636 2510 novi
657 2458 788 2509 libri
814 2463 870 2510 et
892 2461 1129 2509 mittatis
1153 2458 1285 2509 mihi
1308 2460 1559 2524 aliquos'.
1610 2457 1764 2510 Eece

256 2545 478 2596 habetis
514 2559 680 2594 unum
715 2559 913 2594 novum
949 2545 1148 2594 librum
1186 2545 1279 2607 qui
1316 2549 1401 2595 est
1423 2545 1514 2594 hie
1535 2543 1766 2608 impres-

257 2645 368 2681 sus.
437 2629 514 2679 Et
549 2630 681 2693 quia
717 2631 851 2680 estis
895 2633 1088 2693 poeta,
1136 2628 1295 2680 credo
1342 2629 1486 2693 quod
1529 2629 1767 2694 potestis

255 2731 356 2766 vos
391 2715 618 2766 multum
656 2731 722 2765 ex
757 2714 856 2764 illo
889 2711 1197 2764 meliorare.
1270 2714 1415 2776 Quia
1450 2712 1642 2766 audivi
1674 2714 1769 2765 hie
