1942 3109
255 422 555 468 PRAEFATIO
582 422 840 467 EDITORIS
868 425 948 466 AD
977 423 1089 467 Hoc
1114 423 1361 466 TERTIVM
1386 422 1507 467 EPP.
1536 424 1591 468 Ο.
1616 424 1675 470 V.

819 491 1115 534 VOLVMEN.

299 594 536 650 Antiquius
587 594 718 637 huius
755 594 874 636 tertii
907 595 1143 637 voluminis
1176 593 1421 685 exempslum
1455 607 1585 655 quam
1612 596 1730 649 quod

199 648 242 687 in
267 653 453 700 utraque
479 646 894 687 Pseudolondinensi
919 646 1212 701 Epistolarum
1234 646 1287 687 Ο.
1347 677 1357 688 .
1376 646 1577 696 ediuone,
1608 653 1650 687 et
1676 660 1728 688 ea

198 712 294 751 quae
335 700 430 739 sine
475 698 576 739 anni
618 696 880 738 indicatione
923 702 966 737 et
1017 709 1067 737 ea
1142 710 1207 739 uae
1250 698 1416 739 adiecto
1465 698 1565 738 anni
1606 698 1724 740 1689.

198 750 376 791 numero
411 749 594 803 prodiit,
645 747 826 801 paginis
861 748 936 791 503
967 777 979 787 .
1009 775 1022 788 .
1050 774 1063 787 .
1168 777 1181 791 .
1218 750 1426 799 accessit,
1464 760 1550 789 non
1577 754 1731 789 extare

198 801 392 849 videtur,
431 799 631 851 quamvis
665 798 1104 840 Pseudolondinensis
1139 798 1212 839 ille
1248 799 1396 841 editor.
1427 810 1453 838 a
1488 804 1579 840 erte
1620 799 1731 839 nihil

230 851 402 892 raestitit
439 850 526 891 nisi
566 850 684 902 quod
720 850 892 891 indocte
927 856 969 891 et
1002 850 1239 902 ineos-itate
1303 850 1393 891 rius
1468 850 1732 903 pistolarum

243 930 256 942 .
282 901 341 943 V.
369 899 616 955 exemplum
649 901 836 953 repetiit.
887 902 984 941 veri
1017 901 1131 941 enim
1166 900 1281 943 simil
1300 901 1432 943 imum
1469 902 1647 943 videtur
1685 902 1731 941 in

200 965 252 994 eo
278 953 499 1005 exemplo,
539 964 594 993 ex
630 964 716 1005 quo
743 950 1169 994 Pseudolondinense
1204 950 1365 993 factum
1400 957 1489 1004 est,
1526 951 1731 1006 aliquem,

201 1005 295 1045 sive
322 1004 493 1056 aliquos
520 1003 670 1054 malis,
707 1002 793 1045 sibi
827 1015 958 1044 manu
984 1014 1065 1043 sua
1092 1002 1301 1056 epistulas
1328 1004 1471 1044 aliave
1498 1002 1734 1045 dictamina

201 1058 267 1105 (ut
299 1067 398 1095 cum
433 1053 642 1096 Obscuris
679 1052 850 1107 loquar)
885 1054 1195 1108 adscripsisse,
1243 1066 1340 1106 quae
1381 1055 1438 1094 ad
1478 1053 1593 1095 idem
1635 1068 1734 1096 cum

199 1105 408 1158 Epistolis
437 1104 780 1148 O.V.ludicrum
807 1106 1027 1147 scribendi
1088 1117 1195 1146 enus
1222 1106 1439 1158 pertinere
1463 1105 1731 1157 viderentur,

201 1157 363 1210 quibus
409 1156 755 1207 accessionibus,
808 1168 903 1197 cum
947 1166 989 1197 a.
1030 1156 1052 1197 1
1106 1156 1147 1199 9.
1200 1157 1343 1209 operis
1392 1155 1731 1208 publicarentur,

202 1207 318 1249 tertii
357 1206 644 1261 epistolarum
680 1205 732 1248 O.
759 1205 818 1250 V.
847 1206 1082 1249 voluminis
1126 1218 1283 1248 nomen
1325 1208 1498 1257 datum,
1546 1212 1735 1253 ceterum

201 1269 252 1298 ea
284 1258 534 1311 inscriptio,
565 1271 574 1305 ι
604 1270 670 1299 uae
705 1257 804 1298 inde
838 1260 894 1299 ab
929 1271 970 1301 a.
1011 1259 1127 1301 1556.
1159 1258 1206 1298 in
1240 1269 1369 1299 usum
1407 1264 1610 1308 venerat,
1654 1259 1732 1300 ad-

195 1310 340 1351 hibita
371 1316 450 1351 est.
504 1271 727 1351 Itaqi‘acile
752 1307 974 1362 explicatu
998 1309 1172 1349 videtur
1227 1309 1272 1349 ui
1302 1308 1462 1351 sactum
1489 1309 1560 1360 sit,
1588 1314 1637 1351 ut
1662 1310 1733 1349 his

201 1359 464 1401 adversariis
503 1359 758 1411 litterariis,
803 1372 898 1412 quae
933 1359 1152 1414 peculiare
1191 1372 1217 1401 a
1235 1360 1369 1401 icuius
1404 1361 1591 1401 auctoris
1625 1372 1732 1413 opu·

205 1412 368 1451 sculum
404 1410 490 1450 dici
524 1424 580 1451 ne
611 1416 767 1461 neunt,
813 1411 870 1452 ab
907 1415 1163 1463 arg-umento
1198 1422 1401 1453 verarum
1435 1410 1733 1465 Epistolarum

201 1460 339 1511 O.V.,
371 1460 408 1501 si
435 1472 531 1513 cap.
560 1463 582 1502 1
617 1490 628 1502 .
656 1466 815 1501 nostrae
843 1460 911 1501 ed.
940 1461 1151 1514 excipias,
1182 1463 1314 1515 long-e
1341 1462 1508 1512 alienis,
1540 1466 1582 1500 et
1606 1460 1731 1502 locus

201 1517 244 1552 et
276 1512 436 1561 honor,
473 1524 560 1571 quo
598 1510 744 1557 hodie,
762 1511 960 1553 inmerito
1033 1512 1218 1563 audent,
1255 1513 1444 1566 quodam
1477 1511 1602 1564 quasi
1635 1512 1731 1552 iure

201 1562 296 1603 dari
323 1566 528 1616 potuerit.
580 1559 690 1602 Nam
724 1563 846 1603 varia
881 1567 982 1603 sunt
1045 1574 1104 1603 aec
1138 1564 1437 1615 coniectanea‚
1466 1567 1508 1602 et
1538 1562 1729 1614 inaequa·

200 1613 260 1655 lia
287 1619 333 1654 et
355 1613 470 1653 inter
495 1624 542 1653 se
568 1624 656 1654 non
685 1612 945 1654 cohaerentia
991 1614 1150 1665 partim
1176 1626 1229 1654 ex
1257 1614 1576 1668 antiquioribus
1586 1613 1729 1663 Quod-

200 1663 347 1706 libetis
382 1669 425 1705 et
461 1676 516 1704 ex
549 1664 656 1718 ipsis
697 1664 900 1717 genuinis
979 1694 992 1707 .
1019 1664 1077 1707 V.
1108 1666 1307 1717 epistolis
1346 1665 1606 1719 transcripta
1654 1671 1733 1706 aut

203 1716 524 1765 consarcinata,
552 1714 724 1769 partim,
753 1719 804 1756 ut
829 1717 993 1766 cap.4.,
1012 1727 1067 1755 ex
1093 1721 1287 1757 veterum
1313 1722 1551 1771 poetarum,
1582 1713 1733 1757 Ovidii

201 1765 447 1818 Tibullique
490 1765 697 1817 maxime,
742 1778 948 1807 versuum
991 1767 1192 1819 partibus
1236 1774 1417 1809 consuta
1452 1765 1603 1819 elegiae
1638 1767 1733 1806 sine

201 1829 333 1858 sensu
360 1817 526 1866 umbra,
547 1817 705 1870 partim
731 1816 853 1857 arida
880 1821 981 1858 sunt
997 1816 1179 1859 alicuius
1204 1819 1343 1860 tetrici
1362 1817 1561 1871 mag-istri
1587 1814 1732 1859 infice—
1806 1836 1811 1839 ·

202 1874 342 1922 taeque
360 1868 542 1921 puerilis
569 1868 740 1921 ingenii
765 1868 995 1910 imitatoris
1024 1866 1361 1921 lucubrationes,
1382 1868 1553 1910 dicendi
1606 1880 1734 1909 enere

203 1919 259 1961 ad
283 1931 490 1962 nauseam
517 1931 655 1971 usque
681 1920 804 1961 fatuo
831 1920 1138 1972 inconditoque
1164 1922 1221 1962 ab
1245 1920 1323 1961 illo
1346 1932 1447 1962 vere
1474 1920 1577 1961 scho
1599 1920 1734 1962 astico

202 1972 396 2064 &riorum
421 1971 690 2013 voluminum
717 1970 888 2012 dicendi
914 1983 1077 2025 genere
1108 1971 1245 2024 longe
1278 1972 1475 2013 diversae.
1530 1972 1735 2012 Attamen

267 2022 526 2076 eislingerus
580 2020 895 2075 Mi'mchiusque
939 2022 1082 2064 omnia
1130 2022 1216 2063 tria
1263 2021 1483 2063 volumina
1526 2027 1600 2062 tan
1634 2035 1733 2063 uam

203 2070 1737 2178 {33¹1ssssss⁵3uitii?iivfffflgf’inffgssssffinss'rsffl0ffrffffissefflssm‘issinffiss-fss

204 2176 416 2217 odoratus
443 2180 531 2215 est:
574 2187 676 2215 nam
702 2182 933 2229 postquam
969 2176 1023 2216 de
1049 2174 1134 2217 duo
1169 2187 1221 2217 us
1256 2176 1477 2229 prioribus
1502 2174 1734 2217 volumini-

204 2229 316 2277 buS‚
371 2236 555 2278 quorum
589 2230 805 2267 auctorem
842 2225 1126 2267 Reuchlinum
1168 2226 1305 2267 fuisse
1354 2226 1442 2267 sibi
1516 2225 1739 2268 ersuaderi

203 2288 363 2331 passus
390 2282 471 2327 est,
500 2288 553 2317 ea
580 2274 802 2317 divendita
834 2288 931 2317 csse
955 2278 1165 2330 praesatus
1192 2284 1273 2329 est,
1302 2277 1449 2331 pergit
1507 2291 1555 2319 oc
1582 2278 1733 2319 modo:

204 2328 420 2379 „Placuit
435 2328 630 2380 proinde
655 2340 810 2369 novam
835 2327 950 2369 hane
975 2328 1222 2371 Editionem
1256 2330 1389 2371 tertio
1416 2329 1629 2369 volumine
1654 2342 1735 2369 au·

205 2386 623 2433 ctam'procurare,
665 2392 763 2420 eum
797 2380 842 2419 in
873 2380 1030 2430 finem,
1075 2384 1129 2423 ut
1159 2385 1205 2422 et
1237 2382 1391 2423 doctus
1428 2380 1559 2421 Orbis
1593 2381 1738 2421 denuo

205 2440 452 2483 commu-at,
484 2430 664 2483 quantis
691 2431 899 2473 sordibus
943 2431 1044 2472 olim
1075 2432 1296 2474 stabulum
1328 2431 1482 2473 Latini
1519 2431 1739 2483 repletum

202 2484 362 2534 fuerit,
390 2486 639 2534 quantoque
663 2483 912 2525 constiterit
935 2482 1101 2533 labore,
1129 2483 1250 2525 illud
1266 2495 1494 2536 purqare:
1521 2480 1737 2523 Iuvencus

205 2544 311 2575 vero
343 2534 507 2573 exinde
540 2535 586 2573 in
625 2532 784 2575 Lettino
810 2546 1009 2575 sermone
1050 2534 1199 2575 discat
1221 2535 1367 2577 vitare
1402 2535 1666 2576 soloeon‘smos
1694 2537 1743 2574 ee

207 2584 534 2625 Germanismos
559 2583 703 2623 minus
730 2585 942 2627 decentes.
1006 2584 1110 2625 Utri
1138 2598 1190 2625 ue
1232 2587 1401 2626 demum
1428 2585 1524 2627 Deo
1554 2586 1737 2637 qralae‘as

206 2642 364 2687 ayant,
401 2636 521 2687 quod
550 2635 745 2686 linquam
779 2636 896 2677 hanc
921 2640 1013 2677 tam
1046 2649 1101 2677 no
1130 2637 1229 2677 ilem
1254 2638 1355 2677 olim
1392 2637 1436 2677 in
1465 2637 1737 2679 Barbarion·

203 2700 316 2741 pene
342 2696 533 2735 versam,
549 2686 745 2739 pristino
770 2688 912 2729 nitori
935 2689 1216 2730 restituerit.-
1252 2688 1386 2730 Vale!
1400 2690 1430 2710 “
