1942 3109
175 272 554 311 rnrzmcoam
579 260 654 307 An
678 271 852 307 nunu.
879 270 1005 308 con.
1032 271 1218 309 raum.
1244 266 1595 309 mandatio.
1666 258 1699 307 7

173 380 423 445 traduxi,
459 377 672 429 nullam
709 378 1007 428 commerui
1042 377 1471 428 christianorum
1506 381 1699 429 eontu-

173 465 416 516 meliam.
485 464 610 514 Hoc
665 461 889 513 tandem
945 463 1235 526 adiecero,
1290 462 1479 527 plures
1524 478 1707 527 nuper.

173 550 494 615 baptizatos
529 548 736 612 fuisse,
783 548 894 598 nisi
939 548 1153 613 scripta
1186 546 1461 599 Reuehlin
1496 562 1707 597 nonen·-

173 639 262 685 ter
286 634 654 685 obstitissent.
725 631 928 684 Valete
955 632 1217 684 feliciter.
1246 631 1493 699 colonie.
1542 630 1699 681 Anno

173 723 260 787 233.
288 719 388 773 rui.
413 718 439 769 ῑ
460 719 587 770 Iul’.

315 931 368 989 (l
411 938 889 991 Reverendissimo
935 938 997 987 in
1035 938 1257 990 Christo
1303 940 1448 1005 patri
1494 956 1563 990 ao
1698 945 1835 1017 gijb

310 1020 955 1089 Illustrissimo‘principi
971 1026 1031 1073 et
1053 1022 1286 1074 domino.
1307 1024 1377 1073 D.
1396 1024 1451 1072 H
1462 1040 1491 1074 e
1503 1039 1529 1073 r
1544 1050 1565 1059 ·

312 1126 367 1159 m
379 1124 414 1159 a.
425 1125 462 1159 n
477 1124 514 1159 n
526 1126 557 1160 o
628 1113 824 1176 sancte
897 1107 1249 1159 coloniensis
1322 1108 1564 1176 ecclesie

312 1195 493 1247 eleeto
531 1196 587 1245 et
631 1194 949 1245 confirmato
989 1192 1151 1243 Sacri
1183 1194 1419 1244 Romani
1464 1195 1563 1243 im·

310 1279 454 1345 perii
474 1295 574 1345 per
588 1279 815 1330 Italiam
825 1278 1363 1343 Archieanoellari0‚
1386 1294 1421 1343 p
1434 1295 1461 1327 ι·
1473 1280 1565 1328 in-

311 1381 345 1414 e
358 1365 453 1430 ipi
500 1363 608 1415 ele
622 1380 651 1414 e
664 1368 686 1413 t
699 1380 730 1414 o
742 1364 800 1413 ri
834 1363 1188 1431 Westphalie
1227 1367 1283 1414 et
1316 1362 1563 1432 Angarie

311 1448 441 1499 duci
475 1447 774 1515 legatoque
819 1451 954 1498 nato
993 1452 1049 1499 et
1074 1464 1120 1502 e.
1191 1450 1429 1501 Domino
1464 1465 1564 1501 suo

311 1534 714 1600 gratiosissimo
785 1534 858 1584 Io
874 1549 1085 1585 annes
1153 1535 1563 1601 Pepericor—

315 1635 438 1671 nus
475 1618 627 1669 Civis
654 1617 1023 1683 Coloniensis,
1063 1635 1185 1671 eum
1220 1636 1429 1671 summa
1465 1622 1564 1673 hu-

430 1702 671 1755 militate
709 1718 769 1755 se
804 1706 982 1755 totum
1018 1720 1076 1756 re
1084 1705 1445 1757 commendat.

280 1820 763 1874 Reverendissime
835 1838 904 1874 ao
971 1824 1347 1876 illustrissime
1417 1826 1699 1893 princepe,

174 1906 584 1975 gratiosissime
629 1906 862 1960 domine.
932 1909 1053 1975 Ego
1100 1911 1340 1961 omnium
1385 1914 1701 1981 reverentie

174 1998 273 2061 tue
307 1990 652 2043 subditorum
685 1993 975 2059 minimus,
1022 1994 1151 2045 nolo
1197 1999 1259 2044 ut
1293 1998 1578 2061 pretereat
1612 2012 1700 2046 re-

169 2076 472 2130 verendam
517 2079 915 2143 paternitatem
959 2084 1140 2143 tuam,
1196 2094 1282 2130 me
1339 2082 1472 2130 ante
1525 2095 1701 2131 annos

177 2163 397 2226 aliquot
434 2162 506 2211 ab
551 2162 926 2215 illustrissimo
974 2164 1227 2230 principe
1263 2163 1699 2231 Archiepiscopo

172 2244 503 2313 Moguntino
535 2247 796 2301 moderno
818 2252 878 2298 in
903 2264 1079 2299 causa
1101 2248 1393 2318 Iudeorum
1414 2249 1705 2318 Moguntie

173 2332 581 2399 interrogatum
617 2337 674 2385 et
708 2334 1000 2402 presertim
1038 2349 1208 2385 eausa
1240 2335 1582 2386 venerabilis
1608 2350 1699 2387 sa-

175 2417 448 2469 cramenti
479 2418 602 2469 veri
635 2418 726 2468 dei
773 2422 830 2469 et
873 2418 1139 2481 hominis,
1186 2422 1319 2469 tune
1366 2420 1629 2485 temporis
1666 2436 1702 2471 a

171 2502 396 2567 perfidis
431 2490 644 2570 Iudeis*
667 2502 726 2551 in
771 2503 1006 2555 civitate
1054 2503 1230 2567 ipsius
1264 2502 1491 2555 Perlino
1534 2503 1701 2555 dede-

177 2602 369 2639 corose
405 2587 570 2637 nimis
609 2592 776 2652 atque
813 2587 982 2653 impie
1018 2588 1267 2654 tractati,
1303 2590 1529 2654 propter
1553 2588 1701 2653 quod

177 2670 400 2735 quidem
455 2672 681 2723 facinus
739 2673 917 2722 frater
976 2671 1221 2722 eiusdem
1274 2672 1527 2723 Marc-hio
1571 2672 1699 2722 Ioa-

178 2754 326 2807 ohim
369 2756 630 2821 princeps
669 2755 882 2807 elector
918 2758 975 2805 et
1002 2769 1049 2804 e.
1095 2754 1297 2821 Iudeos
1345 2752 1429 2818 (ut
1477 2752 1700 2817 accepi)
