1942 3109
194 235 452 272 fernme.
466 233 506 270 A
521 232 728 270 ivnms
752 231 1029 270 raucos.
1046 233 1323 270 Lvmnnro
1344 233 1607 272 nura-vs.
1654 219 1723 272 65

193 345 256 392 ut
291 355 390 392 eos
423 338 688 390 seducere
725 342 956 404 possent
1000 340 1059 388 in
1094 355 1251 390 suam
1286 337 1445 390 fidem
1480 341 1599 390 sive
1634 356 1721 391 re-

195 427 344 476 ctius
367 423 669 490 perfidiam,
707 423 854 490 quod
879 423 1101 488 quidem
1122 423 1487 490 proculdubio
1510 425 1722 476 factum

197 514 300 562 est.
375 501 428 560 (I
471 509 630 561 Nunc
675 510 847 575 igitur
883 508 1341 573 animadvertite,
1388 509 1601 560 factum
1638 514 1723 560 est

195 597 258 646 in
290 611 400 646 uno
433 595 734 659 sabbathO,
773 593 920 658 quod
952 593 1112 661 Iudei
1144 595 1206 644 in
1242 593 1481 657 quadam
1514 609 1717 660 magna

195 681 328 734 aula
361 679 626 748 gaudium
668 681 868 746 ingens
914 682 972 728 et
1018 681 1347 730 conventum
1382 679 1715 732 habuerunt.

190 765 406 818 Deinde
445 767 648 829 autem,
688 761 1141 828 quemadmodum
1166 779 1269 828 ego
1296 764 1500 816 certior
1533 766 1721 818 factus

193 867 331 916 sum,
367 851 752 900 instruxerunt
775 847 932 916 Iudei
967 847 1107 898 duas
1142 849 1415 915 imagInes
1450 866 1553 903 seu
1584 849 1720 917 figu-

199 951 311 998 ras,
350 948 583 997 quarum
617 949 729 982 una
765 937 912 984 esset
945 933 1185 984 Ioannes
1219 933 1495 985 Reuehlin
1528 936 1587 985 in
1622 951 1719 986 an-

201 1018 388 1084 gelica
424 1017 602 1066 forma
637 1017 816 1066 instar
847 1018 1136 1085 prophete,
1172 1017 1366 1070 Altera
1388 1035 1519 1072 vero
1543 1019 1721 1085 figura

195 1102 606 1169 Pepericornus
649 1100 708 1150 in
752 1102 930 1152 forma
977 1102 1275 1154 diabolica.
1356 1104 1458 1154 has
1516 1103 1719 1170 figuras

197 1192 392 1239 contra
437 1203 528 1250 se,
585 1186 692 1239 hoc
739 1190 824 1238 est
867 1203 896 1236 e
933 1188 1191 1253 regione,
1248 1187 1319 1238 ad
1362 1189 1720 1240 intervallum

199 1270 434 1335 aliquod
471 1270 834 1322 collocarunt.
893 1273 1275 1336 unusquisque
1313 1273 1485 1338 igitur
1516 1272 1719 1339 Iudeus

195 1357 396 1408 habuit
442 1357 502 1406 in
545 1371 712 1406 manu
755 1371 860 1408 sua
910 1357 1115 1408 librum
1159 1355 1385 1408 Ioannis
1427 1356 1719 1443 Reuohlin,

197 1441 399 1494 erectis
444 1440 690 1492 brachiis
738 1443 944 1492 circum
980 1441 1111 1492 illas
1145 1443 1417 1508 imagines
1452 1441 1719 1494 ducentes

199 1527 432 1580 choreas
469 1525 762 1576 exilientes
809 1527 869 1576 in
914 1526 1117 1592 altum,
1163 1526 1614 1592 quemadmodum
1660 1529 1719 1579 in

192 1611 416 1678 Egypto
469 1612 676 1662 circum
737 1611 1075 1662 conflatilem
1131 1612 1367 1663 vitulum
1424 1613 1717 1676 saltarunt,

193 1698 352 1748 Inter
387 1693 776 1746 choi-isandum
813 1699 997 1746 autem
1021 1701 1151 1748 ante
1174 1698 1471 1764 imaginem
1491 1697 1718 1749 Ioannis

191 1779 470 1832 Reuchlin
501 1780 774 1833 flexerunt
817 1795 1003 1846 genua
1046 1797 1173 1847 sua,
1220 1797 1477 1847 magnum
1520 1784 1575 1834 ei
1616 1784 1717 1832 im-

195 1864 500 1930 pendentes
535 1866 823 1916 honorem:
869 1881 954 1916 me
1004 1871 1188 1918 autem
1222 1871 1489 1930 tanquam
1522 1865 1716 1918 diabo-

193 1949 310 2000 lum
351 1953 746 2014 percusserunt
791 1953 846 2000 et
892 1950 1089 2000 cultris
1134 1952 1433 2015 petierunt.
1517 1950 1715 2004 deinde

194 2033 434 2100 quodam
467 2032 556 2084 die
603 2033 742 2086 solis
788 2033 1017 2086 adducti
1060 2039 1191 2084 sunt
1233 2035 1293 2084 in
1337 2033 1521 2084 vicum
1553 2035 1714 2102 Iude-

193 2134 348 2171 orum
380 2119 440 2168 hi
473 2118 608 2169 libri
640 2117 870 2170 Ioannis
905 2119 1181 2170 Reuchlin
1214 2117 1553 2184 venalesque
1589 2135 1714 2184 pro-

192 2202 380 2268 positi.
461 2205 799 2268 quapropter
853 2205 1198 2255 mirabantur
1256 2202 1587 2269 Christiani,
1628 2221 1712 2266 eo

195 2284 342 2352 quod
365 2286 674 2338 inauditum
699 2291 848 2338 esset
871 2288 1045 2340 libros
1071 2287 1509 2340 Christianorum
1532 2290 1712 2341 solere

189 2370 362 2422 vendi
392 2370 608 2439 Iudeis:
666 2373 791 2422 Hoc
834 2378 1111 2436 postremo
1155 2371 1365 2422 dictum
1400 2376 1487 2424 est
1518 2372 1715 2424 Archi-

190 2456 456 2520 episcopo
489 2455 844 2520 Moguntino‚
884 2457 981 2520 qui
1016 2471 1139 2510 cum
1174 2455 1447 2520 audisset,
1496 2457 1721 2508 consul--

189 2541 466 2590 tationem
497 2538 672 2604 ipsius
711 2553 833 2589 esse
869 2555 904 2588 a
939 2555 1003 2590 se
1040 2543 1097 2590 et
1133 2539 1202 2590 ab
1252 2540 1381 2590 aliis
1426 2541 1711 2606 reiectam,
1775 2536 1776 2539 ’

191 2623 343 2672 misit
387 2623 462 2674 ad
499 2621 508 2686 Ι
547 2622 847 2688 plebanum
879 2622 1471 2674 Franckfordiensium
1513 2641 1673 2692 sacre
1698 2621 1850 2688 eiij*

194 2706 476 2774 theologie
535 2707 934 2773 professorem,
992 2711 1055 2758 ut
1112 2705 1411 2771 diligenter
1466 2707 1711 2756 animad-

1377 2787 1411 2836 5
