1942 3109
158 242 421 299 'Pnrnnross
442 256 555 293 cvu
580 247 971 289 consumans
993 242 1123 281 offis.
1144 236 1548 277 concnR'rA'rIo.
1619 217 1688 269 63

167 367 381 433 positus
430 359 501 412 ad
545 374 661 421 me,
707 354 903 405 merito
948 350 1188 403 Ioannes
1221 343 1495 397 Reuchlin
1529 339 1690 389 daret

170 450 322 501 mille
358 446 613 506 ducatos,
648 444 713 490 ut
750 436 1024 489 commode
1063 436 1120 485 et
1152 433 1358 483 honore
1395 441 1496 477 suo
1531 424 1688 475 salvo

174 535 503 585 exoneratus
546 528 654 577 hoc
699 524 933 589 negocio
979 521 1140 571 foret.
1235 512 1516 565 Iniciebat
1557 508 1694 559 mihi

176 622 431 686 preterea
465 615 668 665 bonam
692 624 863 675 spem,
901 603 1155 669 quamvis
1179 599 1452 651 Reuchlin
1477 592 1692 658 magnis

174 701 514 754 factionibus
560 698 803 761 stipatus
850 694 1000 743 esset
1035 689 1093 739 in
1132 686 1286 737 curia
1321 681 1694 747 imperatoris,

178 794 362 839 tamen
395 784 539 835 nihil
576 785 769 832 contra
804 793 889 827 me
928 778 1028 825 aut
1062 770 1324 838 perficere
1349 767 1578 817 deberet
1601 765 1699 813 aut

178 870 467 935 consequi:
514 868 623 917 Illo
672 866 841 929 igitur
878 858 1069 911 eodem
1102 869 1332 920 vespere
1373 848 1698 903 conferebat

177 971 235 1005 se
270 954 587 1020 prepositus
626 949 697 998 ad
728 946 1136 1010 imperatorem,
1170 940 1269 991 ubi
1293 937 1425 1002 quid
1449 952 1574 987 eum
1597 947 1698 983 sua

179 1038 475 1089 maiestate
510 1030 840 1083 tractaverit
873 1027 1099 1092 penitus
1133 1025 1351 1088 ignoro:
1391 1020 1502 1071 Sed
1533 1020 1702 1068 tertio

180 1119 376 1173 deinde
432 1118 521 1169 die
578 1132 729 1167 eram
786 1129 855 1163 ex
896 1109 1158 1161 mandato
1205 1106 1430 1175 cesaris
1490 1120 1524 1154 a
1573 1116 1702 1153 con·

180 1205 413 1256 silim-iis
449 1204 565 1252 suis
600 1202 835 1253 vocatus
872 1200 929 1246 et
964 1196 1370 1260 proposuerunt
1401 1189 1538 1239 mihi
1573 1202 1699 1253 gra-

181 1287 467 1337 vissimam
514 1282 797 1347 querelam
829 1279 1057 1329 Ioannis
1091 1276 1392 1339 Reuchlin‚
1453 1274 1548 1337 qui
1592 1286 1704 1321 non

184 1374 309 1421 erat
340 1383 596 1436 wesema,
633 1369 695 1415 ut
728 1363 1117 1429 responderem
1153 1361 1224 1411 ad
1259 1360 1434 1409 hanc:
1488 1374 1554 1408 ex
1593 1370 1702 1421 qua

182 1458 402 1505 ratione
438 1452 543 1503 hoc
578 1450 855 1500 fecissem.
924 1447 1208 1512 Respondi
1243 1461 1362 1511 ege,
1399 1444 1562 1495 unius
1596 1442 1706 1493 viri

182 1555 361 1591 sermo
396 1541 483 1588 est
516 1534 748 1598 medius,
786 1533 967 1583 altera
1006 1546 1222 1595 quoque
1257 1545 1388 1596 pars
1425 1526 1702 1581 audienda

184 1628 288 1675 est.
345 1623 486 1689 petii
520 1634 739 1685 quoque
774 1622 839 1667 ut
862 1616 1010 1681 apud
1031 1631 1116 1667 me
1141 1618 1438 1667 vocaretur
1462 1613 1702 1663 Ioannes

180 1706 459 1758 Reuchlin
506 1704 579 1753 ad
614 1699 943 1753 audiendum
989 1700 1198 1764 scripta
1246 1696 1330 1761 (ut
1371 1699 1454 1747 ita
1499 1694 1702 1759 dicam)

186 1794 383 1843 contra
419 1789 650 1853 scripta,
688 1800 749 1837 os
788 1788 984 1834 contra
1020 1798 1098 1833 os.
1159 1780 1356 1831 Adieci
1390 1794 1610 1843 quoque
1643 1784 1708 1828 ut

187 1872 454 1937 quiequid
498 1886 675 1923 essem
720 1870 940 1920 locutus
989 1871 1086 1917 aut
1131 1866 1507 1929 scripsissem,
1567 1862 1708 1913 illud

183 1955 357 2009 velim
404 1968 591 2003 coram
636 1949 1134 2000 excellentissimis
1188 1947 1526 1997 consiliariis
1572 1948 1710 1997 scri-

186 2041 303 2108 ptis
340 2044 397 2091 et
432 2040 553 2088 iure
588 2034 845 2100 probare.
903 2032 978 2080 Et
1013 2029 1083 2079 ad
1119 2030 1452 2093 legittimam
1485 2042 1710 2092 respon·

185 2128 400 2177 sionem
435 2136 615 2171 meam
651 2119 933 2169 iusserunt
965 2130 1053 2165 me
1091 2113 1400 2165 consiliarii
1433 2110 1710 2163 recedere.

186 2206 389 2259 deinde
435 2220 567 2255 vero
615 2202 749 2268 quid
788 2202 935 2252 inter
981 2214 1040 2251 se
1085 2198 1456 2249 tractaverint
1499 2199 1711 2263 ignoro,

187 2292 301 2343 Sed
349 2289 588 2357 cesaree
644 2287 963 2339 maiestatis
1023 2283 1408 2335 Cancellarius
1463 2282 1715 2336 dominus
1754 2298 1764 2309 ·

182 2380 309 2443 ipse
335 2374 689 2426 Serenteiner
725 2370 918 2421 attulit
952 2370 1090 2419 mihi
1125 2384 1160 2419 a
1186 2368 1338 2435 curie
1375 2368 1712 2419 consiliariis

183 2460 633 2526 responsionem,
678 2453 943 2520 quomodo
983 2452 1229 2520 Cesarea
1272 2453 1540 2505 maiestas
1574 2452 1718 2503 velit

183 2546 481 2611 negocium
517 2541 657 2593 illud
686 2540 1026 2593 committere
1050 2537 1330 2603 Episcopo
1353 2538 1716 2605 Aug-ustensi,

186 2634 247 2681 et
284 2646 385 2695 ego
422 2628 681 2679 deberem
703 2626 851 2693 letus
881 2622 1036 2673 abire
1062 2621 1276 2674 domum
1300 2624 1358 2673 in
1382 2625 1530 2675 bona
1552 2638 1716 2688 pace,

186 2729 297 2763 nec
340 2717 555 2765 interea
598 2710 863 2775 temporis
910 2708 1231 2757 contristari
1281 2711 1380 2757 aut
1415 2707 1548 2771 quid
1580 2705 1718 2755 mali
