1942 3109
173 249 400 286 Arri-mn.
432 249 564 285 vot..
601 249 643 282 1.
717 241 787 283 48.
817 228 912 298 [7.]
938 244 1053 280 uc.
1080 243 1151 280 nu
1178 243 1564 286 nuru-nu.
1604 228 1701 279 147

822 348 1047 401 Aliud.

239 437 478 491 Crescite
528 439 602 490 ab
651 437 790 501 hoc,
837 437 987 500 taxi,
1037 439 1298 488 crescant
1344 437 1565 488 aconIta
1610 451 1695 487 se-

979 521 1241 586 pulchro:

329 609 513 660 Ausus
554 610 683 658 erat
716 606 818 657 sub
857 621 922 657 eo
959 608 1057 671 qui
1092 608 1245 658 iacet
1279 622 1439 658 omne
1463 607 1694 672 nephas.

825 689 1047 741 Aliud.

227 781 406 844 Flete,
441 778 601 842 mali,
639 775 902 842 gaudete,
937 776 1104 840 boni,
1138 792 1285 829 mors
1321 793 1435 828 una
1472 775 1699 827 duorum

329 863 399 914 In
432 862 678 913 medium
709 863 942 912 veniens
982 862 1217 913 abstulit
1250 863 1365 928 hie,
1404 861 1555 913 dedit
1588 862 1692 913 his.

825 943 1047 997 Aliud.

227 1034 340 1084 Hic
373 1035 532 1083 iacet
551 1031 949 1095 Hochstrattoe,
986 1033 1265 1084 viventem
1288 1033 1436 1084 ferre
1462 1033 1694 1096 patIque

341 1119 519 1180 Quem
554 1119 780 1180 potuere
815 1116 981 1180 mali,
1017 1130 1129 1166 non
1163 1122 1392 1182 potuere
1425 1117 1587 1168 boni:

237 1203 366 1268 Ipse
403 1216 620 1267 quoque
657 1201 932 1252 excedens
965 1204 1088 1252 vita
1120 1201 1444 1268 indignatus
1480 1201 1695 1268 abina,

330 1287 550 1356 Mestus
586 1287 656 1338 ob
693 1288 824 1352 hoc,
873 1285 1021 1351 quod
1064 1303 1173 1338 non
1217 1288 1343 1354 plus
1388 1290 1696 1352 nocuisset,

983 1375 1119 1424 erat.
1282 1369 1289 1374 ’

157 1459 282 1525 Ego
319 1462 377 1509 et
411 1457 696 1507 Plebanus
735 1456 954 1520 quando
991 1459 1301 1509 invenimus
1335 1457 1495 1508 illam
1534 1455 1701 1508 cedu-

157 1545 302 1608 lam,
347 1547 487 1592 tunc
535 1543 735 1594 ivimus
785 1541 854 1592 ad
900 1541 1115 1593 domum
1164 1548 1221 1594 et
1256 1544 1528 1594 iacuimus
1566 1543 1693 1609 plus

159 1643 328 1692 quam
366 1631 502 1677 octo
535 1631 634 1677 aut
670 1627 1113 1690 quattuordecim
1137 1628 1253 1678 dies
1278 1643 1465 1694 supra,
1505 1631 1697 1677 et·n0n

155 1714 444 1779 potuimus
481 1711 832 1777 intelligere:
878 1711 1014 1762 mihi
1046 1712 1265 1764 videtur
1301 1712 1448 1777 quod
1483 1729 1570 1763 me
1607 1716 1692 1762 at-

159 1799 391 1862 tingant
423 1797 528 1848 illa
565 1801 773 1862 metra,
823 1799 954 1861 quia
993 1801 1108 1848 stat
1140 1799 1516 1848 Hochstratus
1553 1797 1693 1844 inte-

157 1882 312 1944 rius;
358 1879 458 1932 sed
505 1897 609 1947 ego
648 1882 819 1932 etiam
858 1882 1041 1948 cogito
1080 1881 1225 1947 quod
1262 1898 1372 1932 non
1408 1881 1698 1945 attingant

149 1983 243 2017 me
284 1969 452 2029 ante,
491 1967 624 2029 quia
661 1982 764 2032 ego
802 1982 912 2017 non
945 1983 1115 2019 vocor
1150 1969 1231 2016 ita
1268 1970 1325 2016 in
1360 1967 1559 2030 latine,
1597 1964 1694 2016 sed

148 2068 331 2105 vocor
351 2050 594 2102 Iacobus
631 2050 699 2102 de
736 2051 1051 2117 altaplatea
1085 2051 1178 2103 vel
1212 2053 1271 2101 in
1294 2051 1579 2101 teutonice
1603 2049 1694 2100 Ia-

153 2138 334 2188 cobus
369 2135 771 2187 Hochstraten.
847 2137 1033 2199 Quare
1070 2151 1173 2202 ego
1209 2137 1367 2186 mitto
1403 2134 1563 2187 illam
1598 2135 1693 2185 lit-

153 2227 338 2272 teram
373 2221 444 2271 ad
477 2235 597 2285 vos,
633 2220 782 2286 quod
815 2235 914 2272 vos
949 2221 1143 2272 'velitis
1180 2237 1303 2273 eam
1324 2222 1695 2287 interpretare

155 2323 230 2358 an
275 2305 421 2358 velit
465 2321 551 2355 me
595 2305 689 2356 vel
739 2305 928 2356 ali-um.
1002 2304 1063 2355 Si
1106 2305 1229 2356 vult
1260 2321 1347 2355 me
1386 2303 1555 2370 (quod
1592 2321 1696 2372 ego

157 2407 270 2441 non
309 2389 505 2453 crede,
553 2391 687 2454 quia
736 2406 838 2454 ego
887 2388 1070 2440 adhuc
1101 2406 1214 2441 non
1249 2407 1368 2442 sum
1402 2390 1693 2456 mortuus),

157 2479 292 2525 tunc
327 2474 458 2526 volo
495 2474 918 2538 inquisitionem
951 2473 1173 2539 facere,
1222 2479 1279 2524 et
1309 2475 1540 2541 'quando
1589 2492 1691 2540 ego

159 2559 342 2611 habeo
381 2573 534 2623 eum,
578 2563 717 2609 tunc
750 2557 879 2610 volo
917 2558 1029 2608 sibi
1062 2574 1229 2609 unum
1262 2561 1526 2611 balneum
1562 2575 1687 2624 pre-

157 2659 395 2709 parare,
445 2642 591 2707 quod
637 2657 749 2692 non
794 2640 961 2692 debet
995 2641 1205 2692 ridere:
1253 2659 1354 2707 ego
1388 2645 1532 2693 bene
1567 2655 1695 2701 pos-

158 2743 300 2778 sum.
373 2727 497 2792 Ego
544 2727 730 2778 habeo
773 2726 868 2775 hic
917 2738 1087 2773 unum
1141 2725 1347 2773 bonum
1405 2723 1700 2768 fautorem,

1294 2799 1406 2848 10*
