1942 3109
221 240 324 293 390
355 257 430 293 EX
455 254 826 292 OBSGVBORVH
851 252 1108 290 vntolzvu
1136 251 1371 290 sAvas
1396 251 1711 289 cmunxrvs

224 363 391 425 carii,
428 360 731 423 Advocati,
777 360 985 411 domini
1028 358 1096 410 de
1132 358 1508 424 parlamentO,
1558 373 1746 411 omnes

224 448 418 499 clerici
469 446 824 511 vinagiorum
880 445 1183 510 loquuntur
1239 444 1387 495 sicut
1440 460 1561 499 nos.
1640 443 1749 497 Sed

219 534 317 583 isti
350 533 561 584 habent
594 546 751 582 suum
786 530 1027 581 latinum
1060 546 1159 597 per
1194 545 1271 582 se.

323 634 380 668 κ.
419 631 720 669 onrvmvs.
775 616 930 668 Deus
967 619 1053 667 est
1084 616 1271 679 testis,
1310 614 1456 679 quod
1491 632 1593 682 ego
1632 633 1747 669 cre·

220 704 318 768 do,
366 703 510 768 quod
555 702 604 753 si
651 701 856 766 aliquis
898 703 1271 766 interrogaret
1307 716 1429 765 eos,
1478 702 1747 766 quomodo

221 789 537 840 declinatur
571 787 764 849 Musa,
804 785 950 851 quod
984 787 1096 852 ipsi
1129 801 1240 836 non
1275 790 1507 851 possent
1540 787 1747 839 dicere.

321 890 379 923 u.
415 887 727 925 Lvrormvs.
782 871 858 921 Et
899 875 1091 922 tamen
1131 870 1243 937 ipsi
1276 871 1497 922 faciunt
1530 872 1597 923 de
1630 888 1746 925 ma-

221 960 344 1025 gnis
382 958 620 1010 clericis.

321 1060 378 1095 u.
420 1058 802 1097 eracemum.
863 1044 954 1094 Ita
1000 1042 1097 1107 da,
1146 1045 1204 1094 ct
1235 1041 1434 1094 volunt
1470 1044 1747 1109 corrigere

218 1130 559 1197 Magnificat.

82 1219 202 1270 §.14.
323 1231 380 1265 n.
420 1230 721 1269 onrvmvs.
778 1215 939 1266 Nunc
976 1212 1083 1265 iste
1118 1212 1449 1265 latinizator
1481 1214 1749 1267 Erasmus

216 1301 383 1366 dicit,
423 1300 568 1366 quod
601 1305 793 1352 nostra
826 1300 1007 1351 biblia
1042 1299 1183 1350 nihil
1217 1299 1388 1350 valet.

319 1402 377 1436 u.
416 1400 725 1438 nvponnvs.
783 1385 860 1434 Et
893 1384 1168 1435 Reuchlin
1205 1386 1374 1435 etiam
1410 1385 1685 1437 similiter.

318 1486 374 1519 u.
427 1484 810 1522 Gmeom’nvs.
881 1468 1187 1529 Et,Faber
1233 1470 1433 1533 etiam,
1483 1472 1579 1534 qui
1622 1472 1747 1523 vult

216 1556 427 1619 dicere,
467 1554 613 1619 quod
648 1558 778 1606 sunt
812 1558 925 1604 tres
960 1553 1156 1604 Mariae
1191 1554 1559 1621 Magdalenae.

79 1644 198 1693 §.15.
318 1656 375 1693 u.
401 1653 705 1691 oum-ruva.
761 1640 836 1690 Et
871 1638 1017 1704 quod
1040 1643 1259 1706 oportet
1281 1639 1467 1691 dicere
1492 1641 1550 1690 in
1572 1640 1747 1692 missa

213 1726 306 1776 ‘Et
341 1726 398 1775 in
434 1729 584 1777 terra
619 1741 732 1791 pax
766 1725 1082 1776 hominibus
1116 1725 1267 1777 bona
1300 1725 1598 1778 voluntas’.

315 1825 371 1860 u.
410 1826 722 1863 nvronnvsJ.
782 1808 991 1861 Sancta
1015 1810 1221 1874 Maria,
1263 1826 1366 1877 ego
1400 1810 1593 1863 nescio
1628 1826 1742 1863 ma·

212 1896 327 1961 gis,
368 1910 532 1960 quam
567 1895 800 1947 bibliam
835 1896 1182 1948 habebimus.

314 1996 376 2032 u.
415 1980 794 2034 mucosum.
843 1981 1029 2032 Etiam
1065 1996 1215 2046 papa
1253 1983 1339 2031 est
1361 1982 1502 2032 bene
1528 1982 1741 2047 fatuus,

213 2066 358 2132 quod
391 2083 503 2118 non
539 2068 981 2119 excommunicat
1022 2067 1162 2117 istos
1210 2081 1431 2131 grossos
1465 2065 1737 2119 buffones.

77 2154 202 2206 §.16.
319 2167 377 2204 u.
415 2166 715 2204 onrvmvs.
774 2153 849 2203 Et
881 2151 950 2203 de
987 2155 1147 2218 parte
1193 2150 1432 2216 diaboli,
1479 2153 1589 2217 ipsi
1632 2168 1745 2203 non

210 2236 467 2287 facerent
502 2238 586 2287 tot
621 2235 895 2287 disturbia
929 2237 989 2285 in
1023 2235 1244 2302 populo.

312 2335 368 2370 u.
406 2335 716 2373 Lvroznvs.
780 2320 1020 2372 Sanctus
1054 2322 1426 2385 Hieronymus
1462 2337 1573 2373 non
1620 2326 1748 2373 erat

209 2406 292 2459 ita
327 2420 559 2471 magnus
599 2407 866 2473 clericus,
904 2407 1051 2457 sicut
1085 2406 1194 2472 ipsi
1228 2408 1392 2457 sunt?

312 2508 370 2544 u.
411 2507 794 2544 amcomnvs.
852 2491 926 2543 Et
961 2496 1191 2542 sanctus
1228 2492 1576 2555 Ambrosius,
1613 2506 1742 2543 san-

212 2579 334 2627 ctus
369 2574 739 2641 Augustiana,
792 2581 849 2628 et
894 2577 998 2627 alii
1042 2591 1227 2627 omnes
1274 2576 1611 2628 zelosissimi
1644 2575 1744 2627 do-

211 2662 392 2710 ctores
427 2675 537 2711 non
573 2662 830 2714 sciebant
863 2661 974 2727 ipsi
1004 2662 1149 2713 bene
1186 2663 1298 2726 tot,
1353 2662 1503 2712 sicut
1537 2662 1635 2711 isti
1668 2662 1746 2712 ri-

207 2743 396 2799 baldi?
