1942 3109
300 254 366 295 65.
395 246 474 301 [3.]
501 256 707 290 nAnrn.
734 254 900 290 xu'rz.
948 250 1016 291 66.
1042 242 1123 298 [4.]
1149 252 1373 288 ΑΒΒΑΑΜ
1402 254 1581 291 tsAAC.
1650 238 1749 291 367

223 364 310 413 vit
341 377 456 425 me,
495 358 714 423 quando
751 359 978 409 ascendi
1016 358 1161 409 altos
1196 362 1412 408 montes
1457 360 1515 408 in
1550 358 1751 423 Algoia

227 462 352 497 cum
396 446 534 495 meis
579 445 768 493 sociis.
840 444 914 493 Et
959 442 1179 507 quando
1225 445 1355 494 veni
1400 443 1469 492 ad
1508 443 1750 507 Curiam,

227 534 415 581 factus
463 546 583 580 sum
627 544 819 579 serv-us
869 528 1175 593 corporalis
1223 530 1385 578 unius
1433 527 1749 579 cardinalis

225 631 396 681 prope
435 613 702 678 Campum
735 614 896 679 flore:
943 617 1000 663 et
1044 614 1128 663 fui
1172 614 1411 663 servitor
1459 628 1590 662 suus
1628 618 1753 663 octo

227 700 511 750 mensibus
562 714 684 747 cum
729 713 932 763 magna
967 697 1269 763 diligentia
1304 713 1402 762 pro
1436 714 1546 748 uno
1583 699 1749 747 bene-

226 785 354 833 ficio
404 786 594 832 curato
639 784 698 831 in
741 782 1247 847 Kelbertzhausen‚
1304 782 1449 845 quod
1494 783 1646 832 iacet
1690 783 1749 831 in

225 867 692 932 Vollenbergensi
715 867 943 917 diocesi.
1005 868 1079 916 Et
1114 867 1411 932 impetravi
1444 883 1611 932 super
1645 868 1749 917 hoc

228 968 395 1001 unam
430 952 645 1002 bullam
683 966 805 1001 cum
841 950 1130 1001 duodecim
1166 951 1372 1015 sigillis
1408 951 1475 1000 de
1501 952 1752 1002 omnibus

230 1034 644 1086 Cardinalibus.
702 1036 778 1084 Et
812 1036 1198 1085 sanctissimus
1222 1039 1413 1085 noster
1434 1036 1574 1084 fecit
1594 1051 1752 1085 suum

227 1120 476 1185 sigillum
501 1122 671 1170 etiam
697 1124 848 1183 ante,
875 1120 945 1170 ad
969 1120 1233 1169 maiorem
1261 1119 1558 1169 cautelam.
1595 1120 1752 1169 Tune

230 1221 352 1254 cum
389 1205 576 1269 letitia
613 1206 761 1255 exivi
786 1209 842 1254 et
864 1205 1018 1255 volui
1042 1205 1449 1269 possessionem
1476 1205 1756 1269 acciperet

227 1294 362 1340 tunc
398 1288 496 1338 ille
533 1289 684 1353 prior
717 1289 991 1353 plebanus
1028 1304 1138 1338 non
1176 1292 1261 1337 est
1300 1291 1575 1337 mortuus:
1621 1292 1754 1339 tunc

229 1390 331 1439 ego
379 1374 436 1421 in
483 1388 686 1437 magna
731 1374 817 1422 ira
866 1373 1013 1423 dixi:
1060 1372 1408 1422 ‘Percutiant
1443 1373 1596 1423 mille
1634 1372 1753 1422 dia-

225 1458 344 1509 boli
369 1457 437 1507 ad
463 1458 595 1507 hoc:
633 1456 808 1507 debeo
841 1458 1137 1521 pecuniam
1160 1473 1340 1507 meam
1364 1458 1447 1507 sic
1472 1457 1699 1523 perdere
1710 1460 1753 1508 ‘1‘’

227 1544 562 1592 Etiam¹fuit
598 1557 828 1608 parvum
863 1541 1219 1593 beneficium:
1256 1543 1306 1593 si
1342 1544 1399 1592 in
1436 1540 1605 1592 Curia
1644 1544 1752 1593 sci-

227 1630 464 1690 vissem,
505 1643 606 1691 ego
643 1642 754 1676 non
791 1627 1086 1677 exivissem
1122 1632 1434 1691 propterea.
1494 1628 1614 1691 Ego
1650 1642 1750 1691 pu-

227 1710 348 1759 tavi
383 1709 530 1773 quod
563 1714 754 1773 posset
787 1714 1013 1774 portare
1049 1710 1108 1759 in
1144 1712 1395 1761 omnibus
1444 1712 1605 1761 annis
1645 1728 1751 1761 .xx.

226 1796 462 1844 florenos
514 1796 572 1844 in
627 1798 929 1845 reservato.
1011 1795 1123 1845 Vos
1176 1797 1347 1845 etiam
1399 1798 1541 1847 bene
1594 1797 1753 1847 scitis

229 1878 376 1941 quod
421 1894 524 1941 ego
570 1894 681 1927 non
725 1894 922 1927 maneo
965 1879 1339 1939 personaliter
1383 1882 1443 1929 in
1476 1880 1592 1930 illis
1628 1897 1753 1945 par-

230 1962 401 2011 tibus.
473 1961 592 2025 Ego
628 1960 833 2011 vellem
868 1959 1140 2010 libentius
1172 1963 1383 2013 habere
1427 1965 1755 2015 beneficium

228 2048 288 2095 in
321 2046 636 2096 Daventria
681 2060 852 2109 prope
897 2044 1137 2108 patriam
1179 2049 1424 2096 nostram
1471 2063 1593 2097 cum
1630 2064 1755 2098 cen-

229 2134 345 2178 tum
381 2128 631 2191 florenis,
679 2133 736 2178 et
782 2144 905 2178 cum
951 2144 1064 2178 una
1108 2130 1351 2194 simplici
1396 2132 1586 2197 puella
1622 2134 1754 2184 duo-

230 2212 411 2261 decim
458 2226 749 2279 annorum,
807 2228 972 2279 quam
1015 2214 1074 2263 in
1114 2215 1221 2265 illa
1266 2217 1547 2281 superiore
1594 2223 1752 2284 parte

228 2312 398 2345 unum
435 2310 558 2345 cum
593 2299 828 2365 triginta
861 2300 1114 2364 florenis,
1152 2304 1209 2350 et
1247 2316 1369 2351 oum
1406 2303 1613 2353 callida
1636 2319 1753 2353 ma·

227 2387 390 2432 trona
435 2384 729 2448 sexaginta
775 2400 1059 2434 annorum.
1144 2384 1251 2435 Sed
1309 2386 1411 2436 illa
1466 2392 1755 2438 reservata

224 2468 368 2517 bene
414 2467 670 2517 facerent
712 2470 826 2519 uni.
909 2468 1166 2519 Secundo
1212 2470 1435 2534 schitia,
1482 2471 1755 2537 Magister

227 2552 480 2616 Ortvine‚
519 2552 663 2617 quod
699 2553 898 2605 deinde
922 2570 1034 2605 non
1058 2555 1216 2620 potui
1238 2555 1322 2603 ita
1348 2556 1537 2605 statim
1560 2558 1751 2606 venire

228 2636 298 2684 ad
325 2635 548 2687 Curiam
585 2643 811 2705 propter
845 2638 1001 2689 bella
1036 2640 1096 2686 in
1119 2638 1322 2687 Italia=
1358 2640 1491 2702 quia
1528 2642 1753 2687 currunt

225 2720 488 2771 hincinde
511 2722 647 2771 nudi
667 2722 912 2773 Ribaldi.
974 2722 1049 2772 Et
1074 2723 1123 2771 si
1145 2737 1286 2770 unus
1313 2722 1599 2784 acciperet
1620 2719 1757 2767 mihi
