1942 3109
491 219 555 262 63.
585 213 668 268 [1.]
695 222 927 258 1011111110
955 223 1025 256 m:
1055 223 1509 262 scnwmronnu.
1664 207 1765 259 355

225 347 346 382 non
380 331 553 380 habet
589 329 735 378 alias
775 321 1057 377 columnas
1080 329 1191 378 nisi
1215 327 1547 378 monachos'.
1605 328 1764 378 Tunc

228 417 334 468 ille
371 415 543 464 dixit:
581 412 704 478 ‘ego
739 412 1019 477 distinguo
1056 412 1123 463 de
1160 411 1473 462 monachis:
1511 413 1643 474 quia
1669 427 1763 462 ac·

229 502 516 566 cipiantur
551 498 731 557 tribus
785 497 977 547 modis.
1058 498 1240 547 Primo
1288 514 1385 562 pro
1440 499 1652 546 satietis
1709 501 1766 547 et

227 585 499 635 utilibus:
540 582 637 633 sed
674 581 763 631 illi
798 586 928 631 sunt
961 583 1021 631 in
1060 582 1199 649 celo.
1262 581 1513 632 Secundo
1537 598 1635 646 pro
1659 598 1765 632 nec

228 671 468 720 utilibus
506 652 612 717 nec
647 667 970 730 inutilibus,
1024 671 1080 716 et
1116 666 1205 716 illi
1234 669 1370 720 011111
1404 667 1545 730 picti
1579 668 1638 717 in
1674 683 1764 716 ec-

231 755 434 804 elesia.
497 752 686 801 Tertio
722 752 879 802 modo
915 768 1012 816 pro
1049 751 1165 801 illis
1202 753 1297 816 qui
1334 751 1514 802 adhuc
1548 753 1763 816 vivunt,

231 844 291 890 et
337 839 426 888 illi
468 837 659 886 multis
705 840 936 901 nocent,
998 837 1167 886 etiam
1214 853 1324 886 non
1370 841 1500 887 sunt
1548 839 1762 887 sancti:

230 924 368 987 quia
411 923 496 971 ita
541 923 766 986 superbi
819 924 949 970 sunt
1002 921 1147 970 sicut
1198 937 1339 970 unus
1392 921 1758 987 secularium:

231 1007 312 1054 Et
346 1007 426 1055 ita
460 1006 701 1056 libenter
735 1005 947 1056 habent
983 1005 1252 1071 pecunias
1279 1008 1335 1054 et
1359 1004 1623 1068 pulchras
1646 1021 1760 1054 mu-

231 1093 429 1142 lieres:
485 1091 616 1153 quia
669 1091 800 1140 veni
853 1105 1031 1154 nuper
1085 1105 1151 1138 ex
1203 1088 1611 1154 Heidelberga,
1665 1089 1762 1138 ubi

227 1191 404 1241 prope
441 1175 943 1240 Heidelbergenses
984 1176 1069 1222 est
1101 1189 1243 1222 unus
1288 1188 1520 1238 magnus
1568 1174 1765 1236 abbae,

229 1259 455 1324 pinguis
491 1259 767 1309 discolus:
817 1262 874 1308 et
907 1259 1016 1308 iste
1055 1257 1309 1322 abigavit
1346 1273 1533 1307 omnes
1568 1273 1758 1308 mona-

232 1344 367 1394 chos
413 1343 480 1393 (10
529 1343 782 1408 Collegio
830 1343 1018 1392 sancti
1060 1343 1277 1392 Iacobi:
1333 1346 1388 1392 et
1433 1343 1553 1407 ipse
1600 1341 1763 1404 dixit,

232 1427 382 1494 quod
405 1427 528 1478 vult
551 1429 634 1478 eis
659 1431 810 1477 recte
834 1428 1038 1476 bonum
1062 1427 1402 1492 pulmentum
1428 1444 1759 1496 preparare:

231 1517 292 1564 et
326 1516 524 1578 postea
552 1512 798 1562 cessavit
821 1511 970 1562 ultra
996 1511 1200 1563 dicere.
1262 1512 1371 1562 Sed
1404 1514 1512 1578 ipsi
1547 1514 1759 1577 dicunt,

227 1597 378 1662 quod
412 1598 554 1646 bene
589 1597 786 1646 volunt
823 1596 1045 1646 credere
1073 1597 1217 1660 quod
1242 1598 1442 1648 fecerit
1465 1597 1590 1648 ideo
1619 1597 1756 1662 (Der

227 1685 333 1747 gut
354 1679 578 1746 bruder)
609 1682 738 1743 quia
757 1682 1053 1732 Palatinus
1076 1683 1199 1732 vult
1222 1698 1387 1732 unam
1411 1683 1579 1732 aliam
1604 1684 1755 1733 viam

227 1767 525 1815 instituere
562 1765 706 1829 quod
738 1767 933 1817 veniat
966 1782 1108 1816 unus
1134 1766 1310 1816 Poeta
1336 1765 1405 1816 ad
1429 1766 1755 1818 Heidelber-

233 1865 363 1913 gam
400 1851 494 1912 qui
528 1851 707 1901 faciat
742 1851 1043 1901 monachos
1078 1851 1215 1901 istos
1254 1855 1309 1900 01
1345 1851 1487 1901 alios
1533 1852 1755 1901 studen-

231 1937 320 1983 tes
366 1948 542 1983 novum
584 1935 764 1986 latine
808 1934 981 1998 loqui.
1052 1936 1211 1985 Tunc
1255 1935 1353 1984 ille
1400 1935 1625 2000 pinguis
1662 1937 1759 1986 ab·

233 2019 336 2070 bas
366 2019 478 2069 cito
504 2020 787 2070 intellexit
809 2019 1079 2084 quomodo
1115 2020 1272 2069 iocus
1306 2019 1431 2068 vult
1464 2017 1625 2068 finem
1664 2035 1757 2068 ac-

228 2106 445 2169 cipere,
491 2109 549 2154 et
593 2104 736 2154 dixit
781 2103 1079 2168 „monachi
1124 2105 1233 2152 mei
1277 2118 1387 2152 non
1431 2102 1635 2154 debent
1679 2103 1759 2153 di-

225 2204 384 2239 scere
422 2189 661 2239 latinum
697 2204 926 2251 novum,
966 2189 1101 2252 quia
1124 2191 1321 2254 postea
1348 2192 1510 2238 erunt
1533 2191 1761 2254 superbi

225 2272 372 2336 quod
409 2273 598 2322 sciunt
633 2272 758 2336 plus
806 2288 970 2336 quam
1019 2289 1149 2340 ego:
1197 2276 1332 2322 tunc
1378 2290 1481 2338 ego
1526 2275 1757 2339 pulchre

135 2406 138 2411 .
221 2359 475 2408 venirem
531 2358 680 2406 inter
735 2373 829 2407 eos
876 2360 938 2407 ut
982 2359 1205 2423 pinguis
1256 2359 1446 2408 asinus
1491 2360 1639 2408 inter
1685 2359 1757 2408 01-

223 2443 442 2492 mias'’.’
514 2439 614 2490 sed
648 2455 844 2514 revera
878 2441 983 2492 illa
1018 2441 1305 2492 distinctio
1340 2457 1450 2492 non
1488 2445 1573 2492 est
1619 2443 1757 2491 mul-

221 2530 341 2575 tum
386 2525 668 2576 formalis:
715 2527 848 2589 quia
891 2542 1004 2576 non
1048 2530 1136 2576 est
1184 2525 1526 2590 bimembris,
1574 2532 1632 2576 et
1676 2527 1759 2576 sic

223 2626 338 2660 non
373 2615 563 2674 potest
610 2606 958 2660 concludere.
1031 2610 1151 2674 Ego
1198 2611 1356 2661 mitto
1403 2611 1563 2662 vobis
1610 2611 1759 2659 hunc

224 2694 458 2757 librum,
507 2709 671 2760 quem
715 2694 934 2744 debetis
980 2693 1172 2742 facere
1217 2695 1581 2756 impressere,
1627 2691 1759 2754 quia

1351 2773 1459 2824 23*
