1942 3109
344 220 449 273 216
490 232 965 275 amsa-arrosus
981 236 1304 301 'onscvaom
1329 238 1529 277 vrnon.
1563 226 1876 295 [vna-anns,

338 354 462 393 rum
494 344 702 393 natura
730 341 965 408 depelli,
1012 340 1356 412 Scandalose
1389 359 1528 397 vero
1569 347 1876 403 huiusmod

340 426 693 493 garrulitatis
728 431 990 481 auctores
1021 427 1216 481 debita
1249 428 1780 490 animadversione
1811 452 1876 503 pu

339 510 468 563 niri.
551 512 833 576 Quocirca.
900 514 1240 565 auctoritate
1299 515 1644 581 apostolica
1713 527 1876 577 tenore

337 597 681 665 presentium
724 612 912 650 omnes
956 602 1015 649 et
1057 597 1312 665 singulos
1361 602 1688 670 utriusque
1739 620 1876 659 sexus

340 679 745 741 christifideles
782 684 1162 748 cuiuscunque
1197 687 1379 735 status
1392 722 1408 750 ,
1443 690 1682 753 gradus
1721 693 1875 759 digni

336 766 475 817 tatis
520 770 579 817 et
624 768 959 837 excellentie
1005 769 1140 832 sint,
1199 770 1536 834 requirimus
1595 782 1663 828 et
1709 792 1875 829 mone—

334 865 484 915 mus,
540 850 736 917 eisque
780 854 885 905 sub
932 854 1523 907 excommunicationis
1577 862 1714 931 late
1755 862 1872 915 Sen-

334 935 516 1005 tentie
560 952 737 1003 pena,
794 938 919 1005 ipso
977 938 1132 991 facto
1184 953 1292 1003 quo
1346 946 1724 1010 presentibus
1782 964 1872 999 non

334 1021 647 1089 paruerint,
678 1023 1029 1086 incur-reuda,
1067 1040 1102 1073 a
1136 1038 1250 1087 qua
1283 1026 1508 1077 nonnisi
1543 1044 1580 1078 a
1619 1032 1867 1084 Romano

334 1106 617 1173 pontifice,
652 1112 1010 1175 preterquam
1043 1108 1101 1157 in
1133 1109 1329 1159 mortis
1367 1112 1601 1161 articulo
1619 1116 1870 1173 ,absolvi

330 1190 577 1255 possint,
620 1190 872 1243 districte
907 1191 1268 1261 precipiendo
1303 1194 1660 1261 mandamus,
1706 1200 1869 1262 Qua-

330 1276 495 1327 tenus
541 1276 694 1327 infra.
734 1275 1002 1339 triduum,
1062 1290 1168 1341 quo
1214 1281 1553 1347 presentium
1605 1284 1866 1337 notitiam

330 1356 656 1424 habuerint,
702 1376 738 1411 a
773 1359 912 1411 dicti
945 1360 1158 1425 libelli,
1194 1364 1424 1427 eiusque
1461 1368 1860 1433 exemplarium

334 1441 580 1497 lectione
612 1448 880 1510 perpetuo
918 1446 1260 1512 abstineant,
1295 1446 1510 1513 illaque
1545 1467 1656 1516 per
1691 1458 1860 1506 omnia

192 1520 491 1591 aiijbigne
536 1527 890 1591 comburant,
937 1531 996 1577 et
1031 1531 1128 1593 qui
1161 1530 1340 1597 ipsius
1377 1533 1568 1586 libelli
1607 1538 1876 1603 auclltorisl

193 1607 320 1673 aiij*
332 1624 435 1661 seu
480 1610 601 1661 eius
649 1594 1046 1677 exemplarium
1098 1613 1110 1675 Ι
1158 1617 1554 1683 impressorum
1594 1625 1698 1676 vel
1717 1608 1862 1675 'scri-

327 1698 577 1761 ptor-um,
614 1698 714 1749 aut
748 1694 855 1747 illa
886 1698 1196 1749 tenentium
1232 1704 1289 1751 et
1325 1703 1662 1759 comburere
1701 1711 1860 1778 negli-

326 1782 575 1847 gentium
618 1780 712 1833 vel
755 1783 1161 1848 recusantium,
1221 1800 1322 1837 seu
1377 1803 1564 1839 eorum
1625 1792 1860 1847 alicuius

326 1865 595 1927 noticiam
628 1865 955 1930 habuerint,
1003 1883 1096 1919 eos
1134 1868 1446 1923 Ordinariis
1481 1872 1787 1945 locorum,
1819 1883 1859 1931 In

328 1962 558 2013 quorum
593 1946 935 2002 Civitatibus
968 1952 1062 2003 vel
1097 1952 1413 2007 diocesibus
1448 1956 1539 2007 illi
1575 1962 1733 2015 tune
1769 1974 1876 2016 mo-1

326 2048 445 2085 ram
480 2034 725 2101 trahent,
763 2039 862 2087 aut
894 2051 1082 2089 eorum
1116 2038 1452 2091 officialibus
1487 2057 1598 2093 seu
1637 2049 1863 2099 vicariis

329 2134 431 2183 per
466 2135 563 2169 eos
598 2119 789 2169 debita
821 2136 969 2185 pena
1007 2120 1540 2189 afficiendos-,infra
1575 2128 1742 2183 idem
1773 2134 1860 2183 tri·

322 2202 487 2254 duum
530 2202 801 2253 revelent.
870 2204 1218 2270 Iniungimus
1265 2222 1483 2273 quoque
1540 2212 1607 2263 in
1655 2219 1860 2269 virtute

321 2288 517 2352 sancte
553 2282 869 2355 obedientie
907 2292 967 2339 et
999 2289 1102 2341 sub
1140 2291 1332 2343 eadem
1365 2308 1512 2359 pena
1539 2294 1859 2354 ordinariis

319 2370 589 2438 prefatis,
624 2386 921 2438 eorumque
954 2372 1226 2440 Vicariis,
1264 2376 1628 2433 officialibus
1668 2392 1741 2437 et
1775 2391 1876 2441 mii

320 2455 543 2521 nistris‚
588 2459 652 2505 ut
688 2459 884 2509 contra
920 2462 1178 2511 auctores
1213 2460 1662 2519 diffamationum
1701 2478 1773 2524 et
1805 2474 1858 2523 il-

318 2536 497 2597 larum
530 2538 831 2601 scriptores
867 2546 925 2592 et
958 2543 1316 2609 impressores
1351 2547 1670 2603 huiusmodi
1691 2562 1856 2621 prout

318 2616 517 2669 delicti
550 2618 799 2683 qualitas
836 2625 1040 2689 exigit,
1075 2625 1308 2699 iusticie
1336 2632 1650 2685 vindictam
1700 2656 1856 2693 exer·

322 2704 517 2763 ceant,
556 2705 613 2755 et
648 2708 1270 2765 excommunicationem
1302 2728 1403 2781 per
1436 2730 1536 2771 nos
1572 2716 1772 2781 latam
1807 2727 1858 2777 in
