1942 3109
75 246 542 284 nsuaunnonns
577 248 881 283 onscvsson.
909 249 1213 302 nnvcnmu.
1239 249 1419 285 novas.
1488 235 1587 288 301

69 355 197 417 buS,
234 365 437 416 easque
475 352 690 401 cunctis
727 355 841 401 tam
874 356 1124 403 veterum
1162 368 1325 416 quam
1362 357 1587 407 neothe-

69 439 308 488 ricorum
352 435 666 501 disciplinis
712 437 1074 500 anteponenti
1107 437 1422 504 Theologus
1468 443 1588 506 qui-

68 523 200 573 dam
243 525 300 572 et
333 521 550 571 canicie
583 521 950 584 venerabiliS,
1000 524 1057 571 et
1090 537 1339 574 sermone
1377 522 1461 589 (ut
1492 540 1588 576 ve-

68 623 190 658 rum
225 604 428 671 fatear)
464 621 606 656 unus
649 605 886 656 omnium
921 604 1382 673 modestissimus,
1429 609 1589 660 ‘Ora-

68 694 190 755 tio',
234 691 414 755 inquit
448 689 702 742 *venusta
739 693 796 740 et
829 690 1186 756 perelegans,
1232 708 1342 743 non
1377 693 1587 745 habens

69 780 289 843 dignam
335 776 531 827 auditu
575 777 936 840 sententiam,
983 773 1221 826 ridicula
1267 781 1351 827 est
1393 778 1587 844 plane—

68 871 176 927 que
212 861 487 924 volatilis,
531 862 749 912 inculta
795 862 965 910 etiam
1012 875 1081 910 ac
1127 863 1366 926 strepltu
1413 863 1587 913 exibi-

68 945 241 997 landa
277 943 604 998 auditorum.
650 946 792 996 Nam
827 945 999 996 sicuti
1037 961 1235 1010 corpus
1269 947 1455 996 vivum
1488 963 1585 997 no-

68 1029 238 1082 bilius
275 1032 360 1079 est
393 1044 501 1080 non
536 1030 697 1093 viv0,
741 1030 824 1079 sic
873 1031 1044 1079 etiam
1091 1032 1269 1081 oratio
1306 1032 1493 1096 gravis
1530 1036 1588 1082 et

68 1113 265 1166 humili
312 1117 572 1164 contexta
615 1113 735 1177 filo,
782 1114 1042 1178 elegante
1077 1114 1319 1165 nobilior
1354 1119 1440 1164 est
1474 1132 1583 1167 non

68 1199 244 1267 gravi.
287 1198 540 1261 Itemque
577 1197 1028 1261 quemadmodum
1066 1215 1261 1264 corpus
1296 1215 1407 1250 non
1440 1202 1584 1252 vivit

68 1302 121 1336 ·.n
161 1285 427 1346 quantum
464 1296 680 1347 corpus,
718 1281 814 1332 sed
847 1297 947 1347 per
981 1282 1036 1332 id
1062 1279 1229 1346 (alias
1256 1283 1400 1333 enim
1424 1299 1581 1335 omne

68 1351 264 1433 corpus
287 1365 534 1431 viveret).
563 1366 707 1430 quod
740 1367 985 1419 nobilius
1022 1371 1125 1431 est,
1161 1371 1299 1434 puta
1324 1369 1580 1433 animam,

68 1461 144 1505 ‚ta
182 1452 351 1502 etiam
386 1451 590 1514 oratio,
637 1452 813 1516 magis
847 1452 1138 1502 verborum
1180 1468 1381 1518 pompa
1416 1467 1583 1518 quam

67 1536 462 1592 3ententiarum
506 1538 782 1602 gravitate
829 1545 1129 1602 exurgens,
1185 1538 1452 1589 exanimis
1496 1542 1584 1590 est

68 1624 394 1691 penitusque
432 1619 756 1685 reiicienda,
781 1623 1074 1690 presertim
1109 1625 1159 1672 si
1190 1622 1364 1674 bonos
1400 1623 1580 1674 laces-

69 1724 216 1770 mre,
275 1706 437 1756 malis
485 1705 731 1769 adulari,
791 1720 860 1754 ac
905 1721 1035 1756 suos
1080 1707 1302 1757 tandem
1349 1701 1581 1771 eriores,

69 1792 154 1845 rel
189 1791 464 1840 insaniam
498 1791 712 1855 potius,
751 1805 849 1855 per
883 1805 1074 1840 omnes
1107 1791 1445 1858 impudentie
1480 1807 1581 1842 nu·

69 1890 240 1928 ueros
275 1874 568 1925 defensare
613 1889 724 1924 non
762 1874 1093 1926 erubescat’.
1162 1875 1285 1941 Hec
1318 1890 1404 1924 me
1441 1876 1581 1926 invi-

69 1977 176 2013 um
213 1959 403 2009 audire
438 1959 546 2009 viri
581 1960 768 2024 coegit
802 1959 1136 2022 auctoritas,
1186 1974 1291 2026 que
1328 1960 1378 2008 si
1409 1959 1579 2025 talpis

70 2045 432 2107 senebricosa,
469 2043 724 2108 lyncibus
759 2047 947 2094 tamen
971 2040 1058 2107 (ut
1092 2043 1180 2092 illi
1214 2041 1431 2107 volunt)
1457 2059 1580 2108 per-

70 2121 268 2197 ,picua'
303 2129 446 2177 satis
502 2143 624 2178 esse
669 2127 942 2178 videntur.
1022 2127 1143 2192 Ego
1200 2130 1385 2177 autem
1434 2127 1581 2192 quod

70 2217 203 2265 ,cire
243 2213 426 2276 cupis,
473 2211 588 2263 illis
622 2225 974 2275 nequaquam
1010 2213 1313 2274 assentior,
1362 2213 1583 2262 etiamsi

69 2298 356 2351 veritatem
399 2296 604 2361 ipsam,
649 2295 917 2345 millesies
967 2296 1091 2363 celo
1134 2295 1421 2360 delapsam
1459 2296 1578 2361 (ob—

76 2381 261 2435 tinati
315 2379 460 2429 enim
513 2379 571 2428 in
625 2379 852 2429 malicia
909 2395 1032 2429 cum
1084 2379 1323 2430 diabolis
1368 2380 1577 2442 sumus)

69 2483 182 2520 uce
224 2464 431 2514 clarius
473 2463 738 2512 intuerer.
806 2465 1010 2514 Verum
1044 2464 1149 2531 hec
1186 2465 1349 2514 aliae.
1421 2465 1579 2527 Quod

69 2555 322 2618 ›reterea
360 2547 648 2598 Coloniam
690 2546 997 2597 insalutato
1033 2547 1251 2612 hospite
1288 2549 1577 2613 reliqueri-

71 2641 159 2697 is,
196 2632 341 2681 nihil
377 2629 513 2681 mihi
544 2633 727 2697 potuit
762 2631 853 2682 vel
891 2631 1083 2680 auditu
1117 2630 1439 2695 iucundius,
1486 2632 1576 2682 vel

69 2716 226 2772 aude
273 2717 451 2782 magis
495 2717 716 2782 dignum
761 2715 972 2766 referri.
1044 2716 1166 2766 Hoc
1222 2716 1366 2766 enim
1411 2717 1573 2767 nobis
