1942 3109
235 237 268 286 4
488 253 772 287 Errsronffl:
811 251 1179 286 onscvnonvu
1216 251 1484 286 vinorum.

237 363 320 407 est
355 363 547 422 poeta,
598 361 653 406 et
687 372 784 422 pro
821 361 977 421 parte
1016 361 1101 406 est
1134 357 1360 421 artista,
1408 359 1651 408 medicus
1687 363 1745 409 et

236 443 452 506 iurista,
492 447 547 493 et
582 443 694 492 iam
727 443 866 508 legit
899 441 1176 492 ordinarie
1205 441 1461 492 Ovidium
1485 443 1543 491 in
1568 449 1739 494 meta-

233 528 524 592 morphosi,
563 531 618 577 et
655 527 880 591 exponit
902 543 1087 576 omnes
1112 527 1337 577 fabulas
1362 529 1659 593 allegorice
1686 533 1743 578 et

232 613 571 674 litteraliter,
609 616 665 662 et
700 629 802 677 ego
837 613 919 662 fui
944 612 1163 662 auditor
1186 612 1323 676 eius,
1362 613 1493 676 quia
1518 616 1747 678 exponit

232 697 462 746 multum
497 697 1006 760 fundamentaliter,
1046 701 1103 746 et
1138 697 1307 746 etiam
1341 699 1481 763 legit
1503 699 1560 747 in
1584 699 1740 749 domo

232 797 333 831 sua
381 781 784 844 Quint-ilianum
831 786 886 832 et
929 783 1261 845 Iuveneum,
1311 787 1366 832 et
1410 783 1528 848 ipse
1564 786 1743 833 tenuit

232 867 545 931 oppositum
581 869 842 932 magistro
879 867 1311 930 Warmsemmel,
1348 879 1405 918 et
1437 868 1577 917 dixit
1600 869 1745 932 quod

231 950 492 1001 debemus
517 951 701 1002 dicere
727 950 1378 1016 ‘magisternostrandus'.
1428 954 1572 1015 Quia
1598 955 1745 1003 sicut
1774 951 1779 957 ’

134 1083 136 1085 ,
232 1041 318 1085 est
351 1035 665 1086 differentia
700 1036 846 1085 inter
883 1035 1166 1100 ‘magister
1199 1039 1423 1100 noster‘,
1460 1042 1515 1088 et
1538 1036 1745 1088 ‘noster

225 1121 530 1185 'magister’,
553 1121 636 1172 ita
661 1121 832 1172 etiam
854 1125 938 1170 est
962 1120 1275 1172 differentia
1298 1123 1443 1173 inter
1462 1122 1745 1188 ‘magister

230 1206 600 1268 nostrandus',
638 1210 694 1256 et
725 1205 928 1256 ‘noster
949 1207 1402 1272 magistrandus':
1440 1207 1743 1271 Quia‘ma-

239 1292 614 1355 gisternoster’
661 1290 864 1340 dieitur
897 1290 1088 1341 doctor
1121 1293 1179 1341 in
1215 1292 1522 1358 theologia,
1570 1297 1627 1342 et
1661 1299 1749 1343 est

229 1391 339 1425 nna
377 1375 565 1440 dictio,
601 1375 699 1425 sed
724 1374 931 1426 ‘noster
953 1377 1237 1442 magister‘
1263 1383 1391 1426 sunt
1414 1377 1517 1444 due
1542 1377 1742 1428 dictio-

228 1475 344 1523 neS,
383 1465 438 1510 et
473 1461 704 1510 sumitur
737 1476 833 1525 pro
869 1476 1199 1526 unoquoque
1236 1463 1499 1527 magistro
1522 1463 1580 1512 in
1604 1479 1741 1527 qua-

231 1559 443 1608 cunque
469 1545 708 1594 seientia
734 1545 974 1609 liberali,
1002 1561 1099 1596 seu
1124 1548 1448 1598 mechanica
1472 1549 1737 1612 manuali,

228 1645 327 1678 seu
363 1629 622 1694 capitali;
674 1633 729 1679 et
776 1645 885 1680 non
931 1631 1119 1681 obstat
1154 1631 1298 1695 quod
1342 1631 1547 1682 ‘nostro
1597 1637 1737 1683 -tras

232 1715 422 1763 -trare’
458 1729 566 1763 non
591 1718 676 1764 est
697 1715 754 1762 in
779 1730 900 1779 usu,
939 1716 1034 1779 qui
1057 1732 1341 1780 possumus
1366 1716 1569 1781 fingere
1593 1733 1738 1768 nova

227 1799 520 1861 voeabula,
560 1802 616 1848 et
649 1799 768 1863 ipse
810 1800 1081 1866 allegavit
1104 1817 1268 1866 super
1290 1802 1393 1851 hoe
1416 1801 1735 1853 Horatium:

228 1887 362 1932 tune
405 1884 660 1950 magistri
701 1885 929 1934 multum
965 1885 1373 1936 admiraverunt
1408 1888 1525 1937 eius
1560 1889 1735 1938 subti-

228 1969 469 2031 litatem,
525 1973 582 2018 et
633 1985 774 2019 unus
819 1971 1067 2034 portavit
1110 1971 1163 2020 ei
1206 1951 1369 2021 unum
1417 1973 1739 2023 cantharum

231 2054 497 2120 cerevisie
533 2054 966 2121 Neubergensist,
1009 2059 1065 2105 et
1099 2055 1215 2119 ipse
1252 2035 1417 2106 dixit:
1456 2055 1575 2122 ‘ego
1608 2059 1737 2108 volo

229 2142 540 2203 expectare,
568 2139 663 2188 sed
687 2140 932 2204 parcatis
957 2140 1127 2204 mihi',
1166 2145 1222 2191 et
1244 2142 1432 2207 tetigit
1454 2142 1755 2208 birretum,-

229 2206 309 2274 etx
331 2225 454 2273 risit
497 2225 781 2288 hilariter,
831 2229 886 2274 et
931 2225 1178 2288 portavit
1222 2227 1485 2290 magistro
1521 2227 1736 2277 Warm—

227 2310 466 2373 semmel,
495 2315 550 2360 et
573 2309 732 2358 dixit:
757 2307 920 2358 ‘Eece
947 2308 1160 2359 domine
1186 2312 1467 2376 magister,
1486 2327 1555 2361 ne
1580 2317 1737 2376 pute-

224 2396 300 2444 tis
349 2394 490 2457 quod
535 2411 654 2444 sum
697 2394 952 2443 inimicus
996 2395 1222 2458 vester',
1272 2400 1327 2445 et
1358 2396 1503 2447 bibit
1536 2397 1593 2444 in
1628 2413 1739 2448 uno

227 2479 500 2540 anhelitu3
539 2483 594 2528 et
627 2479 890 2542 magister
925 2480 1336 2530 Warmsemmel
1370 2481 1649 2544 respondit
1686 2484 1740 2533 ei

225 2565 444 2613 fortIter
476 2579 572 2627 pro
609 2563 812 2612 honore
839 2563 1180 2612 Slesitarum.
1252 2564 1325 2612 Et
1346 2567 1599 2630 magistri
1624 2583 1737 2616 om-

223 2663 322 2697 nes
357 2649 581 2697 fuerunt
614 2647 745 2712 leti,
783 2650 840 2696 et
876 2651 1073 2711 postea
1109 2649 1220 2696 fuit
1242 2649 1520 2712 pulsatum
1547 2650 1617 2698 ad
1639 2667 1737 2702 ve-

224 2747 432 2797 sperae.
505 2733 849 2794 Quapropter
895 2745 1026 2796 rogo
1073 2733 1461 2783 excellentiam
1493 2739 1737 2785 vestram
