1942 3109
237 240 336 290 244
413 254 702 291 nprsronae
727 253 1092 291 onscvnonvu
1116 254 1370 291 vrnonvnt
1396 256 1571 292 NOVAE.

949 445 1033 499 27.

360 562 754 647 Magister
797 560 1293 627 Wilhelmus‘
1324 561 1607 627 Storeh

443 692 447 696 «
523 667 852 732 Magistro
891 666 1175 717 Ortvino
1212 666 1457 717 Gratio

605 751 850 801 Salutem
885 752 1176 816 plurimam
1210 750 1364 801 dicit.

338 869 482 933 Quid
525 874 611 919 est
653 869 798 933 quod
832 870 1062 921 multum
1098 870 1341 920 scribitis
1376 870 1510 919 mihi
1544 869 1610 919 de
1647 886 1743 921 vo-

234 956 324 1006 bis
362 959 418 1005 et
450 958 636 1005 tamen
671 970 779 1006 non
813 955 1207 1023 representatis
1231 954 1365 1003 mihi
1389 954 1560 1005 semel
1582 954 1741 1004 illum

234 1040 431 1091 librum
469 1054 628 1105 quem
663 1041 964 1105 scripsistis
991 1043 1183 1091 contra
1204 1040 1505 1090 Iohannem
1529 1039 1742 1090 Reueh-

234 1125 332 1179 lin.
392 1128 465 1175 Et
501 1126 746 1175 scribitis
781 1125 913 1175 mihi
949 1124 1094 1189 quod
1116 1124 1389 1175 habuistis
1424 1126 1625 1175 bonum
1660 1126 1745 1174 in-

237 1210 456 1274 genium
501 1208 718 1273 quando
763 1210 1144 1275 composuistis
1189 1209 1346 1260 illum
1404 1209 1631 1273 librum,
1690 1214 1749 1259 et

237 1290 458 1343 creditis
503 1292 648 1357 quod
692 1293 824 1344 talis
868 1293 1011 1343 liber
1056 1294 1162 1345 erit
1194 1294 1423 1344 multum
1457 1294 1743 1360 notabilis,

235 1380 316 1427 ita
360 1377 506 1443 quod
549 1392 689 1427 unus
733 1376 1029 1442 impressor
1071 1379 1249 1429 voluit
1289 1381 1449 1431 vobis
1493 1378 1626 1430 dare
1660 1380 1744 1431 vi-

236 1464 378 1528 ginti
420 1464 656 1513 florenos
697 1462 844 1525 quod
887 1463 1183 1514 mitteretis
1241 1480 1362 1514 eum
1414 1465 1743 1528 imprimere.

235 1548 309 1595 Et
332 1547 576 1597 scribitis
597 1546 729 1595 mihi
753 1546 897 1611 quod
917 1547 1090 1598 vultis
1111 1548 1246 1597 mihi
1268 1550 1487 1599 mittere
1506 1550 1744 1613 copiam,

237 1630 383 1695 quod
417 1630 590 1681 debeo
625 1630 914 1682 ostendere
949 1632 1041 1681 hie
1068 1632 1377 1683 Curtisanis
1404 1638 1460 1683 et
1496 1634 1745 1698 cepistis,

239 1720 294 1767 et
326 1728 530 1767 vexare
567 1732 688 1781 eos,
729 1718 860 1781 quia
893 1732 1003 1768 non
1036 1718 1233 1769 volunt
1269 1717 1493 1769 credere
1515 1717 1663 1782 quod
1684 1718 1744 1767 in

236 1802 493 1852 Almania
547 1806 676 1853 sunt
729 1803 896 1853 etiam
949 1804 1032 1853 ita
1084 1803 1225 1853 bene
1279 1806 1444 1868 poete.
1498 1804 1644 1853 sieut
1684 1803 1746 1851 in

237 1886 424 1937 Italia.
503 1888 578 1937 Et
623 1891 770 1937 esset
813 1888 954 1937 bene
998 1888 1199 1937 bonum
1256 1887 1399 1951 quod
1450 1888 1748 1938 mitteretis
1826 1912 1831 1916 ·

235 1970 371 2020 mihi
415 1986 552 2021 eum.
627 1970 732 2023 Sed
777 1986 886 2023 non
930 1972 1154 2024 facitis:
1200 1976 1257 2021 et
1300 1975 1485 2039 tumen
1529 1986 1747 2039 semper

237 2056 486 2107 scribitis
522 2056 664 2121 quod
697 2057 870 2109 vultis
904 2058 1112 2108 facere.
1181 2058 1255 2107 Et
1286 2072 1418 2123 rogo
1452 2072 1553 2108 vos
1598 2054 1745 2119 quod

238 2142 430 2191 velitis
464 2142 597 2191 mihi
629 2143 848 2193 mittere
883 2142 1025 2192 illud
1060 2140 1336 2192 dictamen
1380 2156 1481 2192 seu
1523 2142 1744 2191 librum.

240 2225 385 2288 Quia
418 2226 546 2277 volo
580 2225 671 2275 hic
703 2239 906 2277 vexare
943 2226 1161 2291 aliquos
1198 2228 1469 2292 eopIstas,
1508 2227 1605 2291 qui
1628 2240 1749 2277 ere—

238 2309 374 2360 dunt
407 2310 552 2375 quod
586 2324 744 2362 nemo
767 2298 888 2361 'soit
923 2310 1135 2375 aliquid
1168 2325 1332 2375 quam
1366 2310 1497 2376 ipsi.
1560 2312 1747 2361 Etiam

237 2396 643 2461 reprehendunt
683 2397 776 2447 hie
820 2398 1071 2447 camina.
1108 2411 1232 2447 mea
1278 2396 1495 2461 quando
1553 2395 1747 2460 aliqua

239 2482 449 2545 scribo,
485 2481 736 2532 dicentes
773 2481 916 2546 quod
949 2496 1059 2533 non
1096 2482 1397 2533 sunt·bene
1426 2481 1745 2547 compilata.

238 2564 490 2617 Videatis
513 2570 698 2617 tamen
721 2567 772 2617 si
795 2571 878 2617 est
910 2581 1127 2632 verum,
1164 2566 1295 2631 quia
1329 2566 1422 2616 hic
1454 2567 1614 2615 mitto
1649 2581 1747 2617 vo·

239 2650 326 2699 bis
370 2665 534 2699 unum
581 2650 722 2714 quod
771 2653 1053 2716 composui
1094 2666 1269 2716 nuper
1312 2650 1531 2715 quando
1564 2650 1745 2717 Magi-

241 2737 356 2784 ster
388 2735 586 2786 Noster
619 2736 919 2789 Hoohstrat
954 2734 1180 2787 advenit
1216 2739 1273 2784 et
1306 2736 1466 2801 posui
1502 2733 1573 2785 ad
1607 2735 1746 2786 Pas-
