<?xml version="1.0" encoding="UTF-8"?>
<!DOCTYPE html PUBLIC "-//W3C//DTD XHTML 1.0 Transitional//EN"
    "http://www.w3.org/TR/xhtml1/DTD/xhtml1-transitional.dtd">
<html xmlns="http://www.w3.org/1999/xhtml" xml:lang="en" lang="en">
 <head>
  <title>
</title>
<meta http-equiv="Content-Type" content="text/html;charset=utf-8" />
  <meta name='ocr-system' content='tesseract 3.04.00' />
  <meta name='ocr-capabilities' content='ocr_page ocr_carea ocr_par ocr_line ocrx_word'/>
</head>
<body>
  <div class='ocr_page' id='page_1' title='image "./epistolaeobscur00huttgoog_0653.png"; bbox 0 0 1942 3109; ppageno 0'>
   <div class='ocr_carea' id='block_1_1' title="bbox 277 204 1825 255">
    <p class='ocr_par' dir='ltr' id='par_1_1' title="bbox 277 204 1825 255">
     <span class='ocr_line' id='line_1_1' title="bbox 277 204 1825 255; baseline -0.001 0"><span class='ocrx_word' id='word_1_1' title='bbox 277 204 372 255; x_wconf 80' lang='lat'><strong>192</strong></span> <span class='ocrx_word' id='word_1_2' title='bbox 411 216 787 255; x_wconf 68' lang='lat' dir='ltr'><strong>rnnmconm</strong></span> <span class='ocrx_word' id='word_1_3' title='bbox 815 213 1289 253; x_wconf 55' lang='lat' dir='ltr'><strong>»sunamitin</strong></span> <span class='ocrx_word' id='word_1_4' title='bbox 1316 212 1825 253; x_wconf 66' lang='lat' dir='ltr'><strong>uxos.0.v.131³12.</strong></span> 
     </span>
    </p>
   </div>
   <div class='ocr_carea' id='block_1_2' title="bbox 273 319 1821 1408">
    <p class='ocr_par' dir='ltr' id='par_1_2' title="bbox 273 319 1821 1408">
     <span class='ocr_line' id='line_1_2' title="bbox 274 319 1821 390; baseline -0.001 -15"><span class='ocrx_word' id='word_1_5' title='bbox 274 340 454 390; x_wconf 86' lang='lat' dir='ltr'><strong>posse,</strong></span> <span class='ocrx_word' id='word_1_6' title='bbox 491 322 636 386; x_wconf 86' lang='lat' dir='ltr'><strong>quod</strong></span> <span class='ocrx_word' id='word_1_7' title='bbox 669 323 922 387; x_wconf 79' lang='lat' dir='ltr'>nosipsos</span> <span class='ocrx_word' id='word_1_8' title='bbox 955 319 1207 372; x_wconf 86' lang='lat' dir='ltr'><strong>deridere</strong></span> <span class='ocrx_word' id='word_1_9' title='bbox 1252 322 1353 370; x_wconf 76' lang='lat' dir='ltr'><strong>aut</strong></span> <span class='ocrx_word' id='word_1_10' title='bbox 1395 321 1569 384; x_wconf 79' lang='lat' dir='ltr'><strong>parvi</strong></span> <span class='ocrx_word' id='word_1_11' title='bbox 1619 322 1821 374; x_wconf 76' lang='lat' dir='ltr'><strong>faeere</strong></span> 
     </span>
     <span class='ocr_line' id='line_1_3' title="bbox 273 406 1821 476; baseline -0.002 -15"><span class='ocrx_word' id='word_1_12' title='bbox 273 410 622 476; x_wconf 72' lang='lat' dir='ltr'><strong>dignoscunt.</strong></span> <span class='ocrx_word' id='word_1_13' title='bbox 678 408 798 473; x_wconf 83' lang='lat' dir='ltr'><strong>Ego</strong></span> <span class='ocrx_word' id='word_1_14' title='bbox 821 408 1061 475; x_wconf 81' lang='lat' dir='ltr'><strong>ingenue</strong></span> <span class='ocrx_word' id='word_1_15' title='bbox 1095 406 1305 470; x_wconf 73' lang='lat' dir='ltr'><strong>fateor,</strong></span> <span class='ocrx_word' id='word_1_16' title='bbox 1340 420 1428 455; x_wconf 84' lang='lat' dir='ltr'><strong>me</strong></span> <span class='ocrx_word' id='word_1_17' title='bbox 1470 406 1703 457; x_wconf 76' lang='lat' dir='ltr'><strong>auxilio</strong></span> <span class='ocrx_word' id='word_1_18' title='bbox 1740 408 1821 458; x_wconf 87' lang='lat' dir='ltr'><strong>di-</strong></span> 
     </span>
     <span class='ocr_line' id='line_1_4' title="bbox 275 490 1819 558; baseline -0.002 -11"><span class='ocrx_word' id='word_1_19' title='bbox 275 496 405 547; x_wconf 88' lang='lat' dir='ltr'><strong>vino</strong></span> <span class='ocrx_word' id='word_1_20' title='bbox 443 492 858 558; x_wconf 74' lang='lat' dir='ltr'><strong>quatuordecim</strong></span> <span class='ocrx_word' id='word_1_21' title='bbox 893 492 1107 542; x_wconf 80' lang='lat' dir='ltr'><strong>animas</strong></span> <span class='ocrx_word' id='word_1_22' title='bbox 1142 490 1413 541; x_wconf 72' lang='lat' dir='ltr'><strong>salvatori</strong></span> <span class='ocrx_word' id='word_1_23' title='bbox 1460 495 1670 543; x_wconf 77' lang='lat' dir='ltr'><strong>nostro</strong></span> <span class='ocrx_word' id='word_1_24' title='bbox 1723 495 1819 544; x_wconf 87' lang='lat' dir='ltr'><strong>ob-</strong></span> 
     </span>
     <span class='ocr_line' id='line_1_5' title="bbox 277 574 1815 644; baseline -0.001 -14"><span class='ocrx_word' id='word_1_25' title='bbox 277 580 472 630; x_wconf 73' lang='lat' dir='ltr'><strong>tulisse</strong></span> <span class='ocrx_word' id='word_1_26' title='bbox 509 582 568 629; x_wconf 80' lang='lat' dir='ltr'><strong>et</strong></span> <span class='ocrx_word' id='word_1_27' title='bbox 602 577 846 644; x_wconf 84' lang='lat' dir='ltr'><strong>quinque</strong></span> <span class='ocrx_word' id='word_1_28' title='bbox 881 577 1109 640; x_wconf 81' lang='lat' dir='ltr'><strong>insuper</strong></span> <span class='ocrx_word' id='word_1_29' title='bbox 1143 591 1241 641; x_wconf 84' lang='lat' dir='ltr'><strong>per</strong></span> <span class='ocrx_word' id='word_1_30' title='bbox 1276 590 1360 625; x_wconf 90' lang='lat' dir='ltr'><strong>me</strong></span> <span class='ocrx_word' id='word_1_31' title='bbox 1386 574 1603 625; x_wconf 85' lang='lat' dir='ltr'><strong>dudum</strong></span> <span class='ocrx_word' id='word_1_32' title='bbox 1632 594 1703 628; x_wconf 76' lang='lat' dir='ltr'><strong>ex</strong></span> <span class='ocrx_word' id='word_1_33' title='bbox 1726 578 1815 627; x_wconf 87' lang='lat' dir='ltr'><strong>Iu-</strong></span> 
     </span>
     <span class='ocr_line' id='line_1_6' title="bbox 276 660 1813 725; baseline -0.003 -10"><span class='ocrx_word' id='word_1_34' title='bbox 276 664 486 715; x_wconf 81' lang='lat' dir='ltr'><strong>daismo</strong></span> <span class='ocrx_word' id='word_1_35' title='bbox 533 662 846 715; x_wconf 81' lang='lat' dir='ltr'><strong>offerendas</strong></span> <span class='ocrx_word' id='word_1_36' title='bbox 891 662 1093 725; x_wconf 83' lang='lat' dir='ltr'><strong>fuisse,</strong></span> <span class='ocrx_word' id='word_1_37' title='bbox 1150 660 1258 710; x_wconf 87' lang='lat' dir='ltr'><strong>nisi</strong></span> <span class='ocrx_word' id='word_1_38' title='bbox 1312 660 1533 724; x_wconf 77' lang='lat' dir='ltr'><strong>scripta</strong></span> <span class='ocrx_word' id='word_1_39' title='bbox 1584 660 1813 713; x_wconf 80' lang='lat' dir='ltr'><strong>Ioannis</strong></span> 
     </span>
     <span class='ocr_line' id='line_1_7' title="bbox 275 745 1799 812; baseline -0.003 -13"><span class='ocrx_word' id='word_1_40' title='bbox 275 749 550 799; x_wconf 84' lang='lat' dir='ltr'><strong>Reuchlin</strong></span> <span class='ocrx_word' id='word_1_41' title='bbox 585 749 784 799; x_wconf 78' lang='lat' dir='ltr'>misere</span> <span class='ocrx_word' id='word_1_42' title='bbox 819 746 979 797; x_wconf 83' lang='lat' dir='ltr'><strong>nobis</strong></span> <span class='ocrx_word' id='word_1_43' title='bbox 1014 745 1381 795; x_wconf 73' lang='lat' dir='ltr'><strong>obstitissent.</strong></span> <span class='ocrx_word' id='word_1_44' title='bbox 1432 758 1547 812; x_wconf 75' lang='lat' dir='ltr'><strong>que</strong></span> <span class='ocrx_word' id='word_1_45' title='bbox 1589 746 1799 796; x_wconf 75' lang='lat' dir='ltr'><strong>tandem</strong></span> 
     </span>
     <span class='ocr_line' id='line_1_8' title="bbox 278 829 1796 899; baseline -0.003 -16"><span class='ocrx_word' id='word_1_46' title='bbox 278 837 544 899; x_wconf 82' lang='lat' dir='ltr'><strong>quantum</strong></span> <span class='ocrx_word' id='word_1_47' title='bbox 579 833 711 883; x_wconf 87' lang='lat' dir='ltr'><strong>boni</strong></span> <span class='ocrx_word' id='word_1_48' title='bbox 745 832 859 881; x_wconf 81' lang='lat' dir='ltr'><strong>sint</strong></span> <span class='ocrx_word' id='word_1_49' title='bbox 893 829 1132 897; x_wconf 72' lang='lat' dir='ltr'><strong>ecclesie</strong></span> <span class='ocrx_word' id='word_1_50' title='bbox 1170 832 1575 895; x_wconf 73' lang='lat' dir='ltr'><strong>procuratum,</strong></span> <span class='ocrx_word' id='word_1_51' title='bbox 1614 831 1796 881; x_wconf 82' lang='lat' dir='ltr'><strong>obseu-</strong></span> 
     </span>
     <span class='ocr_line' id='line_1_9' title="bbox 275 914 1803 984; baseline -0.003 -16"><span class='ocrx_word' id='word_1_52' title='bbox 275 934 458 969; x_wconf 86' lang='lat' dir='ltr'><strong>rorum</strong></span> <span class='ocrx_word' id='word_1_53' title='bbox 495 916 728 984; x_wconf 71' lang='lat' dir='ltr'><strong>epistole</strong></span> <span class='ocrx_word' id='word_1_54' title='bbox 766 920 822 967; x_wconf 78' lang='lat' dir='ltr'><strong>et</strong></span> <span class='ocrx_word' id='word_1_55' title='bbox 857 916 975 965; x_wconf 79' lang='lat' dir='ltr'><strong>alia</strong></span> <span class='ocrx_word' id='word_1_56' title='bbox 1010 914 1269 979; x_wconf 82' lang='lat' dir='ltr'><strong>nequiter</strong></span> <span class='ocrx_word' id='word_1_57' title='bbox 1306 914 1559 964; x_wconf 79' lang='lat' dir='ltr'><strong>conflata.</strong></span> <span class='ocrx_word' id='word_1_58' title='bbox 1600 920 1803 967; x_wconf 70' lang='lat' dir='ltr'><strong>testan-</strong></span> 
     </span>
     <span class='ocr_line' id='line_1_10' title="bbox 277 998 1811 1067; baseline -0.002 -14"><span class='ocrx_word' id='word_1_59' title='bbox 277 1007 384 1053; x_wconf 73' lang='lat' dir='ltr'><strong>tur.</strong></span> <span class='ocrx_word' id='word_1_60' title='bbox 469 1003 640 1053; x_wconf 81' lang='lat' dir='ltr'><strong>Latro</strong></span> <span class='ocrx_word' id='word_1_61' title='bbox 685 1002 857 1067; x_wconf 78' lang='lat' dir='ltr'><strong>igitur</strong></span> <span class='ocrx_word' id='word_1_62' title='bbox 901 1000 960 1049; x_wconf 92' lang='lat' dir='ltr'><strong>in</strong></span> <span class='ocrx_word' id='word_1_63' title='bbox 1012 1003 1313 1063; x_wconf 83' lang='lat' dir='ltr'><strong>conspeetu</strong></span> <span class='ocrx_word' id='word_1_64' title='bbox 1358 998 1601 1063; x_wconf 86' lang='lat' dir='ltr'><strong>domini,</strong></span> <span class='ocrx_word' id='word_1_65' title='bbox 1650 1003 1811 1050; x_wconf 88' lang='lat' dir='ltr'><strong>immo</strong></span> 
     </span>
     <span class='ocr_line' id='line_1_11' title="bbox 278 1076 1813 1139; baseline -0.003 0"><span class='ocrx_word' id='word_1_66' title='bbox 278 1076 715 1139; x_wconf 76' lang='lat' dir='ltr'><strong>Christianorum</strong></span> <span class='ocrx_word' id='word_1_67' title='bbox 758 1085 1003 1136; x_wconf 76' lang='lat' dir='ltr'><strong>laniator</strong></span> <span class='ocrx_word' id='word_1_68' title='bbox 1054 1099 1123 1133; x_wconf 82' lang='lat' dir='ltr'><strong>ac</strong></span> <span class='ocrx_word' id='word_1_69' title='bbox 1176 1081 1595 1134; x_wconf 78' lang='lat' dir='ltr'><strong>mendaciorum</strong></span> <span class='ocrx_word' id='word_1_70' title='bbox 1651 1086 1813 1135; x_wconf 80' lang='lat' dir='ltr'><strong>faber</strong></span> 
     </span>
     <span class='ocr_line' id='line_1_12' title="bbox 277 1166 1807 1235; baseline -0.004 -12"><span class='ocrx_word' id='word_1_71' title='bbox 277 1174 516 1223; x_wconf 83' lang='lat' dir='ltr'><strong>Ioannes</strong></span> <span class='ocrx_word' id='word_1_72' title='bbox 550 1171 851 1235; x_wconf 83' lang='lat' dir='ltr'><strong>Reuohlin,</strong></span> <span class='ocrx_word' id='word_1_73' title='bbox 896 1173 959 1219; x_wconf 78' lang='lat' dir='ltr'><strong>ut</strong></span> <span class='ocrx_word' id='word_1_74' title='bbox 1003 1167 1225 1218; x_wconf 82' lang='lat' dir='ltr'><strong>tandem</strong></span> <span class='ocrx_word' id='word_1_75' title='bbox 1268 1168 1385 1219; x_wconf 89' lang='lat' dir='ltr'><strong>suis</strong></span> <span class='ocrx_word' id='word_1_76' title='bbox 1432 1168 1617 1219; x_wconf 87' lang='lat' dir='ltr'><strong>verbis</strong></span> <span class='ocrx_word' id='word_1_77' title='bbox 1655 1166 1807 1232; x_wconf 88' lang='lat' dir='ltr'><strong>(qui—</strong></span> 
     </span>
     <span class='ocr_line' id='line_1_13' title="bbox 277 1252 1810 1318; baseline -0.001 -11"><span class='ocrx_word' id='word_1_78' title='bbox 277 1258 384 1308; x_wconf 89' lang='lat' dir='ltr'><strong>bus</strong></span> <span class='ocrx_word' id='word_1_79' title='bbox 431 1273 517 1309; x_wconf 87' lang='lat' dir='ltr'><strong>me</strong></span> <span class='ocrx_word' id='word_1_80' title='bbox 561 1257 834 1307; x_wconf 82' lang='lat' dir='ltr'><strong>insontem</strong></span> <span class='ocrx_word' id='word_1_81' title='bbox 877 1256 938 1305; x_wconf 88' lang='lat' dir='ltr'><strong>in</strong></span> <span class='ocrx_word' id='word_1_82' title='bbox 985 1269 1083 1304; x_wconf 86' lang='lat' dir='ltr'><strong>suo</strong></span> <span class='ocrx_word' id='word_1_83' title='bbox 1119 1252 1414 1318; x_wconf 86' lang='lat' dir='ltr'><strong>Hyssopeo</strong></span> <span class='ocrx_word' id='word_1_84' title='bbox 1464 1252 1614 1305; x_wconf 71' lang='lat' dir='ltr'><strong>false</strong></span> <span class='ocrx_word' id='word_1_85' title='bbox 1650 1252 1810 1305; x_wconf 80' lang='lat' dir='ltr'><strong>diffa-</strong></span> 
     </span>
     <span class='ocr_line' id='line_1_14' title="bbox 281 1337 1642 1408; baseline -0.002 -16"><span class='ocrx_word' id='word_1_86' title='bbox 281 1341 474 1408; x_wconf 79' lang='lat' dir='ltr'><strong>mavit)</strong></span> <span class='ocrx_word' id='word_1_87' title='bbox 513 1356 634 1393; x_wconf 85' lang='lat' dir='ltr'><strong>sese</strong></span> <span class='ocrx_word' id='word_1_88' title='bbox 671 1356 780 1392; x_wconf 87' lang='lat' dir='ltr'><strong>non</strong></span> <span class='ocrx_word' id='word_1_89' title='bbox 813 1339 1017 1389; x_wconf 82' lang='lat' dir='ltr'><strong>iniuria</strong></span> <span class='ocrx_word' id='word_1_90' title='bbox 1056 1337 1371 1389; x_wconf 83' lang='lat' dir='ltr'><strong>confossum</strong></span> <span class='ocrx_word' id='word_1_91' title='bbox 1406 1338 1642 1389; x_wconf 77' lang='lat' dir='ltr'><strong>sentiat.</strong></span> 
     </span>
    </p>
   </div>
   <div class='ocr_carea' id='block_1_3' title="bbox 353 1469 1736 1609">
    <p class='ocr_par' dir='ltr' id='par_1_3' title="bbox 353 1469 1736 1609">
     <span class='ocr_line' id='line_1_15' title="bbox 353 1469 1736 1541; baseline -0.001 -14"><span class='ocrx_word' id='word_1_92' title='bbox 353 1469 402 1527; x_wconf 75' lang='lat' dir='ltr'><strong>(l</strong></span> <span class='ocrx_word' id='word_1_93' title='bbox 439 1476 532 1526; x_wconf 88' lang='lat' dir='ltr'><strong>De</strong></span> <span class='ocrx_word' id='word_1_94' title='bbox 569 1474 1057 1541; x_wconf 72' lang='lat' dir='ltr'><strong>predicatione</strong></span> <span class='ocrx_word' id='word_1_95' title='bbox 1097 1486 1295 1539; x_wconf 83' lang='lat' dir='ltr'><strong>quam</strong></span> <span class='ocrx_word' id='word_1_96' title='bbox 1332 1488 1454 1540; x_wconf 84' lang='lat' dir='ltr'><strong>ego</strong></span> <span class='ocrx_word' id='word_1_97' title='bbox 1493 1474 1641 1525; x_wconf 77' lang='lat' dir='ltr'><strong>feci</strong></span> <span class='ocrx_word' id='word_1_98' title='bbox 1674 1476 1736 1525; x_wconf 89' lang='lat' dir='ltr'><strong>in</strong></span> 
     </span>
     <span class='ocr_line' id='line_1_16' title="bbox 773 1556 1300 1609; baseline -0.004 -2"><span class='ocrx_word' id='word_1_99' title='bbox 773 1556 1300 1609; x_wconf 82' lang='lat' dir='ltr'><strong>Franckfordia.</strong></span> 
     </span>
    </p>
   </div>
   <div class='ocr_carea' id='block_1_4' title="bbox 151 1675 1819 2761">
    <p class='ocr_par' dir='ltr' id='par_1_4' title="bbox 279 1675 1819 2425">
     <span class='ocr_line' id='line_1_17' title="bbox 383 1675 1813 1743; baseline -0.001 -12"><span class='ocrx_word' id='word_1_100' title='bbox 383 1682 428 1730; x_wconf 95' lang='grc' dir='ltr'><strong>Ο</strong></span> <span class='ocrx_word' id='word_1_101' title='bbox 477 1678 798 1731; x_wconf 78' lang='lat' dir='ltr'><strong>beatissime</strong></span> <span class='ocrx_word' id='word_1_102' title='bbox 843 1676 1029 1743; x_wconf 75' lang='lat' dir='ltr'><strong>pater‘,</strong></span> <span class='ocrx_word' id='word_1_103' title='bbox 1077 1679 1141 1726; x_wconf 79' lang='lat' dir='ltr'><strong>ut</strong></span> <span class='ocrx_word' id='word_1_104' title='bbox 1183 1675 1308 1726; x_wconf 85' lang='lat' dir='ltr'><strong>luce</strong></span> <span class='ocrx_word' id='word_1_105' title='bbox 1358 1676 1577 1727; x_wconf 74' lang='lat' dir='ltr'><strong>clarius</strong></span> <span class='ocrx_word' id='word_1_106' title='bbox 1622 1678 1813 1729; x_wconf 77' lang='lat' dir='ltr'><strong>videat</strong></span> 
     </span>
     <span class='ocr_line' id='line_1_18' title="bbox 279 1759 1809 1829; baseline -0.013 -10"><span class='ocrx_word' id='word_1_107' title='bbox 279 1766 553 1819; x_wconf 73' lang='lat' dir='ltr'><strong>sanctitas</strong></span> <span class='ocrx_word' id='word_1_108' title='bbox 597 1767 696 1815; x_wconf 80' lang='lat' dir='ltr'><strong>tua</strong></span> <span class='ocrx_word' id='word_1_109' title='bbox 740 1763 1003 1815; x_wconf 80' lang='lat' dir='ltr'><strong>Ioannem</strong></span> <span class='ocrx_word' id='word_1_110' title='bbox 1036 1759 1313 1811; x_wconf 82' lang='lat' dir='ltr'><strong>Reuehlin</strong></span> <span class='ocrx_word' id='word_1_111' title='bbox 1358 1760 1488 1823; x_wconf 84' lang='lat' dir='ltr'><strong>plus</strong></span> <span class='ocrx_word' id='word_1_112' title='bbox 1533 1778 1684 1829; x_wconf 59' lang='lat' dir='ltr'><strong>equo</strong></span> <span class='ocrx_word' id='word_1_113' title='bbox 1730 1765 1809 1813; x_wconf 57' lang='lat' dir='ltr'><strong>fa-</strong></span> 
     </span>
     <span class='ocr_line' id='line_1_19' title="bbox 281 1844 1817 1917; baseline -0.007 -10"><span class='ocrx_word' id='word_1_114' title='bbox 281 1870 412 1908; x_wconf 86' lang='lat' dir='ltr'><strong>vere</strong></span> <span class='ocrx_word' id='word_1_115' title='bbox 446 1851 662 1917; x_wconf 76' lang='lat' dir='ltr'><strong>Iudeis,</strong></span> <span class='ocrx_word' id='word_1_116' title='bbox 707 1850 830 1913; x_wconf 86' lang='lat' dir='ltr'><strong>ipse</strong></span> <span class='ocrx_word' id='word_1_117' title='bbox 876 1848 935 1897; x_wconf 90' lang='lat' dir='ltr'><strong>in</strong></span> <span class='ocrx_word' id='word_1_118' title='bbox 969 1845 1173 1897; x_wconf 80' lang='lat' dir='ltr'><strong>fallaci</strong></span> <span class='ocrx_word' id='word_1_119' title='bbox 1208 1861 1313 1896; x_wconf 80' lang='lat' dir='ltr'><strong>sua</strong></span> <span class='ocrx_word' id='word_1_120' title='bbox 1346 1844 1683 1898; x_wconf 77' lang='lat' dir='ltr'><strong>defensione</strong></span> <span class='ocrx_word' id='word_1_121' title='bbox 1724 1849 1817 1899; x_wconf 74' lang='lat' dir='ltr'><strong>lit-</strong></span> 
     </span>
     <span class='ocr_line' id='line_1_20' title="bbox 280 1920 1819 1999; baseline -0.007 -11"><span class='ocrx_word' id='word_1_122' title='bbox 280 1945 402 1989; x_wconf 79' lang='lat' dir='ltr'><strong>tera</strong></span> <span class='ocrx_word' id='word_1_123' title='bbox 447 1935 496 1991; x_wconf 71' lang='grc' dir='ltr'><strong>ΣΒ</strong></span> <span class='ocrx_word' id='word_1_124' title='bbox 546 1920 804 1986; x_wconf 37' lang='lat' dir='ltr'><strong>columna*</strong></span> <span class='ocrx_word' id='word_1_125' title='bbox 843 1930 1087 1983; x_wconf 80' lang='lat' dir='ltr'><strong>secunda</strong></span> <span class='ocrx_word' id='word_1_126' title='bbox 1130 1931 1191 1980; x_wconf 88' lang='lat' dir='ltr'><strong>in</strong></span> <span class='ocrx_word' id='word_1_127' title='bbox 1234 1930 1537 1994; x_wconf 78' lang='lat' dir='ltr'><strong>pessimam</strong></span> <span class='ocrx_word' id='word_1_128' title='bbox 1598 1938 1819 1999; x_wconf 67' lang='lat' dir='ltr'><strong>putem</strong></span> 
     </span>
     <span class='ocr_line' id='line_1_21' title="bbox 281 2012 1818 2089; baseline -0.005 -14"><span class='ocrx_word' id='word_1_129' title='bbox 281 2024 680 2089; x_wconf 75' lang='lat' dir='ltr'><strong>interpretatur</strong></span> <span class='ocrx_word' id='word_1_130' title='bbox 716 2018 860 2083; x_wconf 85' lang='lat' dir='ltr'><strong>quod</strong></span> <span class='ocrx_word' id='word_1_131' title='bbox 896 2033 999 2083; x_wconf 87' lang='lat' dir='ltr'><strong>ego</strong></span> <span class='ocrx_word' id='word_1_132' title='bbox 1036 2019 1169 2067; x_wconf 79' lang='lat' dir='ltr'><strong>ante</strong></span> <span class='ocrx_word' id='word_1_133' title='bbox 1206 2014 1469 2080; x_wconf 78' lang='lat' dir='ltr'><strong>templum</strong></span> <span class='ocrx_word' id='word_1_134' title='bbox 1517 2012 1647 2079; x_wconf 88' lang='lat' dir='ltr'><strong>(ubi</strong></span> <span class='ocrx_word' id='word_1_135' title='bbox 1700 2020 1818 2086; x_wconf 74' lang='lat' dir='ltr'><strong>ceci</strong></span> 
     </span>
     <span class='ocr_line' id='line_1_22' title="bbox 283 2100 1813 2169; baseline -0.006 -9"><span class='ocrx_word' id='word_1_136' title='bbox 283 2113 340 2160; x_wconf 83' lang='lat' dir='ltr'><strong>et</strong></span> <span class='ocrx_word' id='word_1_137' title='bbox 375 2108 477 2158; x_wconf 82' lang='lat' dir='ltr'><strong>alii</strong></span> <span class='ocrx_word' id='word_1_138' title='bbox 510 2103 750 2155; x_wconf 86' lang='lat' dir='ltr'><strong>mendici</strong></span> <span class='ocrx_word' id='word_1_139' title='bbox 787 2100 1062 2153; x_wconf 75' lang='lat' dir='ltr'><strong>cantando</strong></span> <span class='ocrx_word' id='word_1_140' title='bbox 1098 2101 1285 2169; x_wconf 77' lang='lat' dir='ltr'><strong>sepius</strong></span> <span class='ocrx_word' id='word_1_141' title='bbox 1310 2100 1673 2167; x_wconf 76' lang='lat' dir='ltr'><strong>obstrepunt)</strong></span> <span class='ocrx_word' id='word_1_142' title='bbox 1698 2119 1813 2154; x_wconf 80' lang='lat' dir='ltr'><strong>ver-</strong></span> 
     </span>
     <span class='ocr_line' id='line_1_23' title="bbox 282 2183 1819 2253; baseline -0.002 -12"><span class='ocrx_word' id='word_1_143' title='bbox 282 2196 356 2244; x_wconf 78' lang='lat' dir='ltr'><strong>ba</strong></span> <span class='ocrx_word' id='word_1_144' title='bbox 401 2190 471 2239; x_wconf 83' lang='lat' dir='ltr'><strong>ad</strong></span> <span class='ocrx_word' id='word_1_145' title='bbox 516 2188 777 2253; x_wconf 89' lang='lat' dir='ltr'><strong>populum</strong></span> <span class='ocrx_word' id='word_1_146' title='bbox 827 2189 1021 2236; x_wconf 79' lang='lat' dir='ltr'><strong>contra</strong></span> <span class='ocrx_word' id='word_1_147' title='bbox 1066 2183 1266 2253; x_wconf 73' lang='lat' dir='ltr'><strong>Iudeos</strong></span> <span class='ocrx_word' id='word_1_148' title='bbox 1300 2184 1621 2236; x_wconf 86' lang='lat' dir='ltr'><strong>habuerim.</strong></span> <span class='ocrx_word' id='word_1_149' title='bbox 1698 2190 1819 2251; x_wconf 78' lang='lat' dir='ltr'><strong>Qua</strong></span> 
     </span>
     <span class='ocr_line' id='line_1_24' title="bbox 285 2268 1817 2342; baseline -0.003 -16"><span class='ocrx_word' id='word_1_150' title='bbox 285 2278 507 2342; x_wconf 80' lang='lat' dir='ltr'><strong>propter</strong></span> <span class='ocrx_word' id='word_1_151' title='bbox 541 2275 603 2321; x_wconf 79' lang='lat' dir='ltr'><strong>ut</strong></span> <span class='ocrx_word' id='word_1_152' title='bbox 637 2269 832 2337; x_wconf 80' lang='lat' dir='ltr'><strong>paucis</strong></span> <span class='ocrx_word' id='word_1_153' title='bbox 867 2268 1084 2333; x_wconf 85' lang='lat' dir='ltr'><strong>finiam,</strong></span> <span class='ocrx_word' id='word_1_154' title='bbox 1122 2285 1207 2321; x_wconf 90' lang='lat' dir='ltr'><strong>me</strong></span> <span class='ocrx_word' id='word_1_155' title='bbox 1248 2268 1619 2339; x_wconf 70' lang='lat' dir='ltr'><strong>christianum</strong></span> <span class='ocrx_word' id='word_1_156' title='bbox 1644 2272 1817 2325; x_wconf 83' lang='lat' dir='ltr'><strong>homi·</strong></span> 
     </span>
     <span class='ocr_line' id='line_1_25' title="bbox 283 2338 1815 2425; baseline -0.001 -15"><span class='ocrx_word' id='word_1_157' title='bbox 283 2376 433 2425; x_wconf 88' lang='lat' dir='ltr'><strong>nem,</strong></span> <span class='ocrx_word' id='word_1_158' title='bbox 481 2357 670 2410; x_wconf 88' lang='lat' dir='ltr'><strong>eodem</strong></span> <span class='ocrx_word' id='word_1_159' title='bbox 713 2355 772 2404; x_wconf 91' lang='lat' dir='ltr'><strong>in</strong></span> <span class='ocrx_word' id='word_1_160' title='bbox 816 2354 938 2405; x_wconf 85' lang='lat' dir='ltr'><strong>loeo</strong></span> <span class='ocrx_word' id='word_1_161' title='bbox 974 2352 1203 2420; x_wconf 73' lang='lat' dir='ltr'><strong>Iudenm</strong></span> <span class='ocrx_word' id='word_1_162' title='bbox 1250 2369 1399 2419; x_wconf 81' lang='lat' dir='ltr'><strong>aqua.</strong></span> <span class='ocrx_word' id='word_1_163' title='bbox 1443 2338 1691 2407; x_wconf 78' lang='lat' dir='ltr'><strong>tinctum</strong></span> <span class='ocrx_word' id='word_1_164' title='bbox 1740 2360 1815 2408; x_wconf 92' lang='lat' dir='ltr'><strong>in-</strong></span> 
     </span>
    </p>

    <p class='ocr_par' dir='ltr' id='par_1_5' title="bbox 151 2437 1815 2761">
     <span class='ocr_line' id='line_1_26' title="bbox 151 2437 1815 2510; baseline -0.001 -16"><span class='ocrx_word' id='word_1_165' title='bbox 151 2442 468 2510; x_wconf 65' lang='lat' dir='ltr'><strong>wiijbdigne</strong></span> <span class='ocrx_word' id='word_1_166' title='bbox 494 2441 790 2509; x_wconf 80' lang='lat' dir='ltr'><strong>appellans</strong></span> <span class='ocrx_word' id='word_1_167' title='bbox 821 2437 830 2503; x_wconf 82' lang='grc' dir='ltr'>Ι</span> <span class='ocrx_word' id='word_1_168' title='bbox 862 2439 1046 2490; x_wconf 81' lang='lat' dir='ltr'><strong>omnia</strong></span> <span class='ocrx_word' id='word_1_169' title='bbox 1072 2454 1179 2506; x_wconf 71' lang='lat' dir='ltr'><strong>que</strong></span> <span class='ocrx_word' id='word_1_170' title='bbox 1214 2439 1419 2490; x_wconf 85' lang='lat' dir='ltr'><strong>ibidem</strong></span> <span class='ocrx_word' id='word_1_171' title='bbox 1454 2438 1515 2488; x_wconf 89' lang='lat' dir='ltr'><strong>in</strong></span> <span class='ocrx_word' id='word_1_172' title='bbox 1548 2456 1645 2493; x_wconf 83' lang='lat' dir='ltr'><strong>me</strong></span> <span class='ocrx_word' id='word_1_173' title='bbox 1682 2444 1815 2493; x_wconf 83' lang='lat' dir='ltr'><strong>scri-</strong></span> 
     </span>
     <span class='ocr_line' id='line_1_27' title="bbox 285 2523 1813 2592; baseline 0.001 -16"><span class='ocrx_word' id='word_1_174' title='bbox 285 2528 421 2591; x_wconf 80' lang='lat' dir='ltr'><strong>psit,</strong></span> <span class='ocrx_word' id='word_1_175' title='bbox 459 2526 713 2587; x_wconf 77' lang='lat' dir='ltr'><strong>nequiter</strong></span> <span class='ocrx_word' id='word_1_176' title='bbox 749 2526 834 2573; x_wconf 78' lang='lat' dir='ltr'><strong>est</strong></span> <span class='ocrx_word' id='word_1_177' title='bbox 868 2525 1150 2575; x_wconf 83' lang='lat' dir='ltr'><strong>mentitus.</strong></span> <span class='ocrx_word' id='word_1_178' title='bbox 1222 2524 1345 2573; x_wconf 84' lang='lat' dir='ltr'><strong>Non</strong></span> <span class='ocrx_word' id='word_1_179' title='bbox 1378 2523 1681 2590; x_wconf 76' lang='lat' dir='ltr'><strong>predicavi</strong></span> <span class='ocrx_word' id='word_1_180' title='bbox 1716 2544 1813 2592; x_wconf 86' lang='lat' dir='ltr'><strong>ego</strong></span> 
     </span>
     <span class='ocr_line' id='line_1_28' title="bbox 284 2604 1811 2673; baseline 0.002 -15"><span class='ocrx_word' id='word_1_181' title='bbox 284 2607 676 2673; x_wconf 78' lang='lat' dir='ltr'><strong>pontificaliter</strong></span> <span class='ocrx_word' id='word_1_182' title='bbox 730 2607 796 2657; x_wconf 88' lang='lat' dir='ltr'><strong>de</strong></span> <span class='ocrx_word' id='word_1_183' title='bbox 855 2608 1025 2658; x_wconf 89' lang='lat' dir='ltr'><strong>verbo</strong></span> <span class='ocrx_word' id='word_1_184' title='bbox 1080 2606 1171 2655; x_wconf 86' lang='lat' dir='ltr'><strong>dei</strong></span> <span class='ocrx_word' id='word_1_185' title='bbox 1219 2610 1277 2657; x_wconf 77' lang='lat' dir='ltr'><strong>et</strong></span> <span class='ocrx_word' id='word_1_186' title='bbox 1322 2604 1426 2656; x_wconf 89' lang='lat' dir='ltr'><strong>fide</strong></span> <span class='ocrx_word' id='word_1_187' title='bbox 1474 2607 1811 2673; x_wconf 77' lang='lat' dir='ltr'><strong>ohristiana,</strong></span> 
     </span>
     <span class='ocr_line' id='line_1_29' title="bbox 284 2688 1815 2761; baseline 0.001 -18"><span class='ocrx_word' id='word_1_188' title='bbox 284 2691 381 2743; x_wconf 86' lang='lat' dir='ltr'><strong>sed</strong></span> <span class='ocrx_word' id='word_1_189' title='bbox 427 2690 537 2743; x_wconf 83' lang='lat' dir='ltr'><strong>tria.</strong></span> <span class='ocrx_word' id='word_1_190' title='bbox 579 2690 781 2742; x_wconf 87' lang='lat' dir='ltr'><strong>solum:</strong></span> <span class='ocrx_word' id='word_1_191' title='bbox 837 2689 1037 2761; x_wconf 73' lang='lat' dir='ltr'><strong>Iudeos</strong></span> <span class='ocrx_word' id='word_1_192' title='bbox 1084 2688 1154 2741; x_wconf 78' lang='lat' dir='ltr'><strong>ad</strong></span> <span class='ocrx_word' id='word_1_193' title='bbox 1200 2691 1422 2741; x_wconf 80' lang='lat' dir='ltr'><strong>labores</strong></span> <span class='ocrx_word' id='word_1_194' title='bbox 1466 2706 1541 2743; x_wconf 87' lang='lat' dir='ltr'><strong>ne</strong></span> <span class='ocrx_word' id='word_1_195' title='bbox 1588 2708 1815 2747; x_wconf 81' lang='lat' dir='ltr'><strong>usuram</strong></span> 
     </span>
    </p>
   </div>
  </div>
 </body>
</html>
