1942 3109
243 274 344 326 342
419 288 710 325 nmsrotun
737 288 1099 326 onscvnonvn
1124 288 1377 325 vmonvn
1402 290 1579 326 nova.

246 395 544 445 reiicerent
592 411 678 444 me
730 394 934 445 domini
986 395 1406 445 examinatores.
1493 394 1755 449 Scribitis

243 480 376 529 mihi
412 479 556 543 quod
594 494 764 530 causa
799 478 927 529 fidei
961 478 1104 529 male
1142 482 1255 529 stat
1288 479 1473 548 Rome.
1546 480 1756 535 Sancte

191 560 199 568 ‘
245 564 407 629 deun,
445 564 576 629 quid
611 563 870 631 debemus
906 563 1125 614 dicere?
1160 564 1267 615 Isti
1288 564 1482 633 iuriste
1510 570 1566 617 et
1588 572 1755 637 poete

240 649 435 701 volunt
469 649 748 701 destruere
784 651 956 699 totam
981 649 1318 700 facultatem
1341 650 1671 701 Artistarum
1699 657 1757 703 et

242 733 668 799 Theologorum:
715 734 860 797 Quia
907 734 1075 783 etiam
1128 734 1221 783 hic
1274 735 1331 784 in
1385 739 1575 786 nostra
1624 738 1747 786 uni-

240 819 506 871 versitate
560 820 670 883 ipsi
723 817 1055 886 pretendunt
1108 819 1285 869 multa
1334 824 1525 871 contra
1565 820 1745 886 Magi-

243 908 388 955 stros
417 907 472 955 et
495 903 823 970 TheologOS.
879 902 954 952 Et
991 903 1214 967 quidam
1248 920 1423 970 nuper
1446 905 1577 955 dixit
1600 906 1748 970 quod

241 1005 381 1040 unus
405 989 728 1040 bucularius
753 990 896 1040 Iuris
931 988 1159 1041 deberet
1192 991 1249 1039 in
1284 992 1629 1055 processione
1665 991 1749 1041 ire

243 1090 410 1141 super
455 1090 618 1125 unum
663 1076 985 1140 magistrum
1030 1076 1089 1125 in
1131 1075 1375 1125 Artibus.
1460 1076 1573 1125 dixi
1627 1074 1751 1125 ‘hoc

241 1176 351 1210 non
387 1162 471 1211 est
503 1159 786 1227 possibile.
847 1153 1003 1221 Quia‘
1026 1159 1153 1210 volo
1187 1160 1421 1225 probare
1458 1160 1602 1224 quod
1634 1160 1750 1211 Ma·

245 1246 408 1311 gistri
447 1246 507 1295 in
554 1245 764 1295 artibus
811 1246 939 1293 sunt
983 1259 1149 1309 super
1193 1244 1443 1295 doctores
1501 1246 1560 1294 in
1616 1247 1751 1296 iure.

245 1332 389 1394 Quia
433 1330 684 1381 doctores
728 1329 786 1377 in
828 1329 947 1377 iure
986 1329 1169 1376 sciunt
1202 1331 1419 1377 tantum
1452 1345 1619 1380 unam
1655 1331 1753 1380 Ar-

241 1416 349 1464 t'em
365 1452 377 1477 ,
393 1426 396 1429 ’
415 1414 634 1464 scilicet
669 1416 842 1463 artem
866 1412 1035 1473 IuriS,
1074 1410 1179 1461 Sed
1203 1412 1457 1476 magistri
1481 1418 1610 1463 sunt
1632 1414 1753 1464 Ma-

243 1500 402 1563 gistri
434 1498 493 1546 in
517 1500 728 1561 septem
754 1495 964 1546 artibus
990 1494 1343 1545 liberalibus:
1382 1500 1437 1545 et
1460 1498 1543 1546 sic
1567 1499 1759 1549 sciunt

245 1582 407 1647 plus'.
465 1582 620 1631 Tunc
655 1579 754 1630 ille
789 1580 956 1630 dixit:
996 1576 1165 1630 ‘Vade
1203 1580 1261 1627 in
1295 1579 1542 1643 Italiam,
1582 1584 1639 1631 et
1663 1584 1758 1634 die

242 1666 386 1731 quod
448 1680 504 1715 es
559 1664 826 1730 Magister
867 1664 1191 1731 Lipsensis,
1249 1667 1305 1737 et
1356 1664 1569 1715 videbis
1617 1681 1753 1730 quo-

239 1751 396 1803 modo
421 1751 703 1801 vexabunt
725 1753 780 1801 te
807 1747 920 1799 ibi'.
983 1750 1138 1799 Tunc
1175 1748 1317 1814 dixi,
1356 1750 1498 1814 quod
1534 1766 1751 1815 possem

241 1836 420 1886 adhue
461 1837 543 1884 ita
595 1835 736 1885 bene
791 1832 1084 1885 defendere
1138 1836 1520 1901 magisterium
1572 1852 1751 1887 meum

241 1921 386 1971 sicut
419 1936 560 1971 unus
599 1936 665 1970 ex
700 1919 888 1970 Italia.
957 1919 1031 1969 Et
1079 1920 1230 1971 abivi
1276 1921 1345 1971 ab
1394 1936 1458 1971 eo
1497 1924 1751 1986 cogitans

240 2021 451 2057 mecum
487 2005 631 2070 quod
665 2006 912 2056 facultas
957 2008 1150 2055 nostra
1196 2006 1425 2055 multum
1458 2006 1752 2071 parvipen-

242 2091 414 2155 ditur,
463 2095 518 2141 et
565 2094 650 2141 est
682 2092 912 2155 malum,
962 2090 1095 2155 quia
1140 2090 1389 2155 magistri
1434 2091 1491 2140 in
1537 2091 1751 2141 artibus

241 2175 504 2225 deberent
537 2189 726 2239 regere
764 2176 1194 2238 universitates,
1232 2190 1377 2224 nune
1400 2175 1601 2243 Iuriste
1628 2192 1751 2243 pre-

240 2259 473 2310 tendunt
525 2273 618 2308 eas
673 2258 1005 2323 gubernare,
1061 2257 1202 2321 quod
1256 2262 1341 2309 est
1389 2258 1555 2310 valde
1600 2259 1753 2310 inde-

243 2348 448 2395 center.
518 2343 591 2393 Et
624 2342 751 2393 volo
785 2357 886 2392 vos
925 2342 1211 2393 consolare
1248 2342 1392 2407 quod
1434 2358 1544 2394 non
1588 2343 1751 2395 debe—

241 2430 313 2479 tis
359 2428 646 2493 desperare
691 2429 746 2478 in
795 2442 966 2477 eausa
1012 2426 1155 2477 fidei.
1228 2429 1373 2491 Quia
1410 2444 1567 2493 spero
1605 2430 1754 2493 quod

242 2514 375 2563 deus
407 2514 551 2563 bene
584 2511 896 2577 providebit
936 2528 1055 2564 vos.
1125 2514 1200 2561 Et
1246 2528 1367 2562 eum
1412 2514 1515 2563 hoc.
1548 2513 1753 2565 Valete
1834 2504 1843 2511 ’

242 2602 355 2648 tam
400 2597 495 2646 diu
537 2596 710 2647 donec
751 2596 1101 2647 Pfefferkorn
1146 2601 1333 2647 manet
1379 2596 1750 2649 Christianae.

240 2684 447 2733 Datum
481 2678 740 2747 Liptzick
775 2682 831 2731 in
868 2681 1118 2749 Collegio
1143 2682 1434 2748 Principis.
