1942 3109
58 233 560 275 sLAMENTATIONsss
599 208 907 268 onscvuoss.
931 231 1124 266 vmoss.
1153 212 1469 282 [VETERES]
1514 219 1612 268 227

58 343 262 396 :Nobis
289 342 448 390 erunt
471 337 710 406 presidio
737 336 909 404 Iudei.
981 337 1193 385 Lurent
1214 335 1379 405 viole.
1444 336 1611 386 Suam

58 428 324 494 quisque
361 423 574 474 domum
612 426 851 472 tueatur.

149 512 313 562 Tunc
348 512 446 558 tua
490 523 578 559 res
615 509 824 573 agitur,
863 508 1055 572 paries
1093 522 1213 556 cum
1260 503 1283 572 ΙΙ
1329 507 1606 571 proximus
1640 523 1669 562 α
1695 507 1745 556 5b

595 593 773 643 ardet.

71 689 169 737 Tu
218 681 368 732 solus
414 695 500 742 es,
545 682 792 730 nostrum
837 693 970 728 vero
1016 676 1191 726 multi.
1263 679 1613 742 Quapropter

63 777 135 821 ut
186 772 282 834 tue
317 765 578 832 petitioni
612 764 989 825 satisfaciam,
1038 763 1086 810 si
1128 762 1291 812 nobis
1327 763 1490 812 timor
1524 763 1605 812 in-

67 853 340 906 cubuerit
385 852 598 914 gravi3‚
647 847 880 913 Caspios
926 851 1176 912 petemus
1220 853 1466 911 monteS,
1511 848 1608 899 ubi

63 950 264 999 neque
300 933 569 997 theologi,
615 947 795 994 neque
841 931 968 981 fidei
1016 932 1293 1000 catholice
1329 932 1742 1008 halbitantffljb

63 1023 424 1074 defensores.
487 1015 568 1083 [Si
601 1031 734 1067 vero
770 1019 827 1066 te
863 1017 985 1080 ipse
1020 1016 1395 1080 suspended-ie,
1432 1033 1605 1081 penas

61 1106 258 1159 nolito
317 1104 678 1154 extimescere
735 1102 1052 1152 inferorum.
1132 1101 1401 1152 Mortales
1463 1103 1609 1154 enim

61 1205 288 1249 sumuS,
328 1192 384 1236 et
420 1188 660 1236 animam
693 1188 934 1236 fortasse
969 1187 1131 1237 nobis
1157 1202 1277 1236 cum
1304 1187 1607 1252 pecudibus

62 1259 433 1326 communem*
455 1268 781 1334 consecuti]
815 1271 956 1322 Vale
983 1271 1229 1322 feliciter
1266 1287 1386 1322 cum
1420 1277 1607 1322 nostro

63 1355 388 1421 Capnione.
439 1355 726 1421 Moguntie
763 1372 830 1406 ex
865 1356 1095 1420 publiea
1130 1371 1351 1420 corona,
1391 1356 1605 1407 Obscu-

57 1444 261 1496 rorum
295 1443 473 1503 portu,
544 1439 703 1490 Anno
741 1455 849 1504 quo
878 1455 1070 1505 supra.

800 1610 879 1662 13.

267 1692 318 1748 11
363 1687 781 1754 Conradus
827 1693 922 1756 de
965 1694 1411 1758 Zuiccavia

563 1791 826 1843 doctori
861 1796 1113 1859 Grillo,

357 1873 709 1924 obscurorum
748 1877 1021 1930 advocato
1062 1881 1133 1932 .S.
1160 1883 1223 1931 P.
1242 1884 1313 1932 D.

173 1974 376 2024 Omnia
420 1974 580 2024 nobis
627 1975 858 2027 adversa
903 1985 1058 2044 sunt,
1116 1982 1307 2032 doctor
1354 1990 1595 2051 egregie,

57 2062 256 2118 omnia
300 2062 580 2122 prostrata
627 2075 696 2110 ac
743 2060 924 2112 diruta
969 2065 1185 2129 iacent,
1242 2067 1594 2132 clamantque

57 2155 114 2200 [ῃ
169 2142 380 2208 plateis
427 2147 484 2194 et
529 2145 704 2210 puelli
751 2149 806 2196 et
863 2147 1119 2216 edentule
1170 2149 1403 2216 quedam
1454 2169 1593 2204 anus

58 2236 269 2289 hisce,
295 2227 444 2290 'proh
480 2228 659 2295 dolor,
695 2233 881 2282 verbis
917 2233 1075 2284 nobis
1111 2234 1443 2302 illudendo]:
1494 2237 1591 2290 ‘Os

57 2296 275 2369 eabent
323 2316 377 2361 et
412 2328 521 2362 non
556 2315 850 2381 videbunt,
897 2318 1088 2368 oculos
1133 2320 1343 2369 habent
1392 2327 1448 2372 et
1482 2339 1591 2374 non

69 2401 378 2465 oquentur,
419 2412 580 2449 aures
617 2400 824 2451 habent
862 2407 917 2453 et
939 2419 1049 2454 non
1074 2404 1398 2470 odorabunt,
1426 2424 1588 2460 nares

57 2486 270 2538 aabent
317 2487 373 2532 et
417 2499 528 2533 non
573 2485 827 2552 audient,
877 2505 1073 2538 manus
1118 2490 1329 2541 habent
1376 2498 1432 2544 et
1476 2511 1584 2546 non

57 2567 452 2631 zmbulabunn
509 2571 678 2635 pedes
730 2573 941 2625 habent
1000 2578 1057 2625 et
1100 2591 1210 2626 non
1254 2579 1580 2645 palpabunt,

115 2704 134 2737 ¹
182 2701 350 2752 Curet
373 2708 419 2754 1.
446 2710 496 2756 2.

1170 2797 1277 2849 15*
