1942 3109
278 258 346 310 54
535 272 825 309 amsronm
862 270 1227 310 onscvnonvu
1263 270 1534 309 vmonvu.

280 394 421 429 unus
458 379 642 429 socius
680 380 775 442 qui
810 379 1056 442 portavit
1094 382 1247 428 certa
1276 380 1538 441 carmina,
1578 381 1634 427 et
1659 376 1813 426 dixit

282 462 427 528 quod
458 478 557 515 vos
595 464 985 528 composuistis
1021 462 1139 527 illa,
1179 466 1236 512 et
1270 447 1574 513 intimastis
1609 462 1671 511 in
1697 460 1812 513 Co-

279 550 460 599 lonia:
508 551 643 598 tunc
685 546 831 597 'unus
876 551 1044 612 poeta
1078 546 1170 597 hic
1207 549 1303 611 qui
1337 548 1508 597 habet
1542 562 1815 611 magnam

276 633 521 697 laudem,
559 631 656 683 sed
691 648 801 682 non
838 634 923 681 est
956 632 1099 681 bene
1138 632 1494 696 christianus,
1529 630 1675 682 vidit
1697 630 1814 681 illa

283 722 341 768 et
385 717 525 767 dixit
570 716 714 781 quod
762 731 872 766 non
918 721 1048 767 sunt
1091 718 1264 781 bona,
1313 720 1369 767 et
1415 715 1559 780 quod
1593 715 1816 765 habent

264 802 461 852 ·mu1ta
496 802 665 851 vitia:
714 801 769 851 et
804 816 905 866 ego
942 800 1083 850 dixi:
1133 798 1200 850 ‘si
1233 802 1499 866 magister
1536 800 1815 851 Ortvinus

288 887 624 951 composuit,
662 888 795 934 tunc
830 900 940 935 non
977 884 1185 935 habent
1218 886 1385 948 vitia,
1421 886 1527 935 hoc
1565 889 1651 935 est
1688 900 1817 935 cer-

288 972 451 1033 tum’g
490 974 545 1019 et
578 969 734 1020 volui
758 970 1126 1034 impignorare
1151 970 1400 1019 tunicam
1424 985 1620 1033 meam,
1660 969 1817 1033 quod

283 1056 333 1105 si
368 1056 471 1105 illa
506 1057 684 1103 metra
718 1054 991 1103 haberent
1024 1054 1185 1118 vitia,
1221 1058 1355 1104 tunc
1388 1068 1488 1105 vos
1524 1068 1634 1105 non
1662 1069 1816 1103 com-

285 1141 641 1205 posuissetis:
680 1137 779 1189 sed
803 1138 853 1188 si
868 1131 976 1189 'vos
1004 1139 1487 1203 composuissetis,
1524 1142 1662 1187 tunc
1695 1153 1818 1189 non

288 1223 557 1273 haberent
577 1222 749 1273 vitia:
788 1226 845 1272 et
877 1223 1038 1273 mitto
1062 1223 1221 1273 vobis
1246 1223 1362 1273 ista
1388 1223 1636 1273 carmina
1663 1222 1818 1287 quod

287 1306 528 1358 videatis
578 1321 650 1356 an
682 1322 781 1357 vos
817 1305 1056 1356 finxistis
1092 1306 1224 1369 illa,
1263 1312 1320 1356 et
1355 1308 1616 1358 scribatis
1653 1306 1814 1357 mihi.

285 1392 359 1441 Et
396 1395 481 1441 est
517 1390 656 1441 illud
694 1404 914 1440 carmen
949 1391 1218 1456 scriptum
1250 1391 1309 1441 in
1342 1395 1515 1441 morte
1549 1377 1821 1457 Magistri

285 1477 462 1525 nostri
486 1474 681 1540 Sotphi
706 1476 765 1525 in
787 1474 955 1525 bursa
981 1474 1196 1539 Kneck,
1224 1475 1320 1539 qui
1343 1474 1474 1526 olim
1501 1462 1820 1539 composuit

290 1560 503 1625 glosam
527 1559 847 1623 notabilem,
875 1562 931 1608 et
953 1573 1100 1607 nunc
1120 1558 1415 1623 prohdolor
1435 1564 1520 1610 est
1542 1564 1817 1611 mortuus

288 1644 631 1707 Requiescat
664 1643 723 1692 in
758 1656 915 1706 pace.
989 1642 1062 1691 Et
1099 1646 1186 1693 cst
1220 1645 1302 1691 sic
1337 1644 1646 1694 initiatum:

354 1812 477 1862 Hic·
502 1812 641 1862 obiit
674 1826 838 1862 unum
874 1812 1319 1863 solennissimum
1352 1814 1718 1879 suppositum,
1801 1808 1804 1811 ’

356 1897 464 1945 Per
500 1896 1010 1960 spiritumsanctum
1044 1897 1401 1947 universitati
1437 1901 1644 1961 natum,

360 1978 519 2042 Quod
553 1979 697 2028 rexit
731 1980 789 2027 in
824 1980 995 2029 bursa
1029 1980 1246 2031 Kneck.

363 2063 450 2113 Do
486 2062 675 2113 macht
711 2079 771 2112 er
806 2062 895 2113 die
934 2062 1161 2128 copulat
1192 2080 1302 2116 von
1337 2066 1504 2116 stuck
1529 2082 1597 2116 zu
1621 2068 1821 2119 stuck.

361 2147 408 2196 Ο
446 2148 495 2196 si
528 2148 810 2211 potuisset
845 2146 1053 2197 diutius
1087 2150 1280 2201 vivere
1869 2136 1878 2143 ’

355 2229 429 2278 Et
463 2229 589 2295 plus
624 2231 682 2280 in
718 2231 877 2295 glosa
913 2233 1150 2283 notabili
1185 2233 1457 2286 scribere:

361 2314 517 2364 Tunc
556 2312 891 2366 adiuvasset'
916 2316 1062 2366 hanc
1097 2317 1516 2369 universitatem
1583 2340 1586 2343 ·

357 2397 433 2446 Et
466 2397 746 2449 docuisset
780 2398 1064 2451 scholares
1098 2402 1300 2452 bonam
1333 2401 1707 2453 latinitatem:

361 2480 471 2532 Sed
505 2496 651 2531 nunc
685 2487 979 2549 postquam
1014 2484 1256 2536 decessit

357 2564 431 2615 Et
466 2565 838 2617 Alexandrum
872 2568 1111 2620 nondum
1148 2572 1285 2620 satis
1323 2572 1616 2636 expressit,

358 2648 711 2701 Universitas
748 2652 902 2717 luget
938 2668 1096 2704 suum
1130 2655 1428 2705 membrum

358 2735 649 2799 Tanquam
684 2751 848 2787 unam
884 2737 1170 2787 lucernam
1200 2738 1294 2789 vel
1330 2739 1748 2809 candelabrum,
