1942 3109
154 212 158 216 “
223 207 326 260 434
445 219 844 259 Erre-:romnus
883 221 1251 259 onscvnonvu
1289 222 1544 261 vrsonvu

228 331 532 379 extremum
554 328 688 380 vitae
711 326 948 379 halitum
986 342 1110 379 eam
1141 326 1441 395 defendere
1476 328 1754 383 iuramen-

224 416 342 465 tum
385 411 699 479 iuraverat,
745 413 981 478 ideoque
1026 416 1090 462 ut
1133 414 1253 466 voti
1288 429 1353 464 eo
1390 413 1561 477 citius
1596 414 1757 469 fieret

225 512 476 567 compos,
521 514 671 551 more
719 513 918 550 canum
963 497 1281 555 timidorum
1324 498 1539 551 latratu
1572 502 1755 567 magis

225 596 390 649 quam
425 599 609 635 morsu
645 583 999 637 adversarios
1020 583 1343 636 invadebat.
1383 582 1530 649 Quid
1552 584 1753 650 plura?

223 668 500 735 gratulari
557 670 664 721 tibi
718 670 902 735 potins
963 667 1133 720 debes
1192 681 1359 733 quam
1416 670 1753 733 contristari,

221 753 520 818 pristinum
561 753 711 805 hunc
753 753 1025 806 Parnassi
1066 756 1277 805 statum
1318 756 1587 805 mutatum
1624 766 1749 803 esse

221 837 282 889 in
315 838 533 890 melius.
604 838 833 889 Gratias
869 837 1146 906 agendum
1181 842 1267 891 est
1301 836 1432 903 diis,
1470 836 1615 903 quod
1646 852 1749 902 pro

222 921 577 989 benignitate
613 938 718 975 sua
753 924 1051 976 securitati
1088 922 1338 977 civitatis
1374 937 1489 978 sum
1521 936 1753 989 prospe-

225 1007 436 1072 xerint,
475 1011 532 1059 et
569 1009 1036 1076 compotationes,
1074 1008 1287 1075 iurgia,
1322 1007 1753 1073 provocationes

227 1095 284 1147 et
328 1091 518 1144 duella.
561 1094 975 1159 prohibuerint3
1022 1108 1159 1165 sane
1206 1091 1379 1143 officii
1426 1092 1517 1143 sui
1560 1096 1751 1159 partes

222 1177 320 1231 vix
354 1176 470 1228 ullo
505 1177 665 1231 modo
701 1178 900 1231 melius
937 1177 1163 1245 explere
1198 1176 1542 1244 potuissent,
1584 1188 1754 1241 quam

223 1261 332 1315 hoc
365 1278 503 1329 uno,
542 1263 690 1329 quod
725 1263 791 1317 de
827 1266 1171 1315 incremento
1205 1262 1570 1329 Reipublicae,
1609 1260 1755 1325 quod

225 1350 527 1401 maximam
571 1352 788 1415 partem
832 1350 892 1399 in
930 1348 1355 1400 conservatione
1389 1345 1755 1397 membrorum

227 1423 452 1485 utiliuin
487 1434 766 1498 consistit,
805 1432 1017 1485 soliciti
1050 1434 1297 1484 fuerunt.
1368 1428 1621 1483 Gaudere
1656 1428 1753 1479 de-

227 1519 358 1583 bes,
405 1516 552 1585 quod
585 1517 731 1570 tales
767 1516 874 1569 tibi
905 1517 1180 1569 Doctores
1222 1516 1473 1569 invenire
1506 1512 1753 1577 licuerit,

233 1605 331 1669 qui
372 1618 484 1655 non
527 1616 689 1656 vanae
733 1601 1115 1669 persuasionis
1160 1604 1329 1653 oestro
1372 1598 1599 1669 perciti,
1642 1612 1749 1649 nec

226 1688 464 1756 propriae
507 1688 802 1739 sententiae
845 1692 1106 1753 tenaces,
1151 1686 1330 1740 solum
1374 1683 1519 1751 quod
1563 1696 1755 1737 verum

226 1786 471 1839 vereque
518 1773 720 1825 bonum
767 1776 880 1837 est,
926 1776 1259 1839 proponunt.
1325 1768 1472 1837 nge,
1519 1780 1754 1817 commo·

229 1872 354 1911 rare
389 1857 696 1926 paulisper,
731 1858 1023 1925 patientiae
1058 1862 1170 1911 tuae
1204 1860 1261 1907 te
1295 1869 1405 1906 non
1440 1850 1755 1920 poenitebit.

229 1942 391 1999 Vale.
