1942 3109
234 169 302 219 46
494 184 786 220 EPISTOLAE:
824 184 1190 219 onscvnonvu
1227 184 1499 220 vmonvu.

226 287 401 338 vellet
448 302 571 337 eum
616 292 805 339 tenere
842 305 940 354 pro
977 290 1186 353 spurio.
1255 289 1375 353 Ego
1415 289 1578 338 eredo
1613 288 1758 352 quod

229 372 485 421 diabolus
521 377 606 422 est
639 374 697 423 in
731 374 857 423 istis
892 374 1127 424 ribaldis
1165 373 1310 437 quod
1333 374 1415 423 ita
1438 374 1762 437 vituperant

226 472 343 507 vos,
428 463 767 522 quapropter
822 459 1086 507 scribatis
1143 458 1276 507 mihi
1335 456 1480 521 quod
1536 473 1760 522 possum

227 545 472 591 vestrum
507 542 767 592 honorem
803 541 1126 592 defendere:
1167 543 1300 605 quia
1338 546 1488 591 esset
1518 540 1758 591 scanda-

229 624 339 673 lum
387 626 531 689 quod
576 626 768 677 doctor
800 626 1076 676 Reuehlin
1109 627 1282 675 sciret
1315 626 1382 675 de
1416 626 1576 676 vobis
1613 626 1762 689 quod

230 710 431 759 essetis
468 712 703 775 spurius.
776 710 871 760 sed
906 710 1039 760 dato
1075 710 1222 773 quod
1257 712 1401 773 sitis,
1439 714 1624 759 tamen
1661 710 1760 760 ille

230 809 341 843 non
375 798 561 857 pot-est
596 794 940 845 sufficienter
975 796 1229 859 probare,
1269 799 1325 845 et
1347 795 1400 843 si
1420 794 1641 845 videtur
1661 810 1762 844 vo—

228 878 318 927 bis
354 879 575 942 bonum,
610 882 744 929 tune
768 880 1022 930 volumus
1051 880 1224 928 citare
1250 880 1429 944 ipsum
1455 878 1526 927 ad
1551 880 1764 928 curiam

230 978 539 1026 romanam,
586 967 644 1013 et
688 978 885 1029 cogere
925 963 1071 1027 quod
1107 963 1272 1013 debet
1305 964 1496 1013 faeere
1531 976 1764 1013 revoca-—

228 1047 451 1111 tionem,
489 1049 635 1097 sicut
658 1049 847 1097 sciunt
868 1048 1066 1114 iux-iste
1095 1046 1447 1109 concludere3
1487 1050 1543 1096 et
1565 1062 1764 1111 possu-

231 1146 348 1181 mus
396 1147 518 1181 eum
553 1133 742 1181 facere
778 1132 1167 1197 irregularem,
1217 1136 1274 1181 et
1306 1147 1406 1195 per
1439 1136 1765 1195 procurato-

232 1230 345 1263 rem
390 1231 677 1279 possumus
726 1217 998 1266 tribulare
1045 1232 1194 1277 eum,
1245 1220 1301 1265 et
1345 1216 1602 1279 accipere
1641 1217 1766 1265 eius

230 1299 507 1349 beneficia
543 1301 591 1349 si
626 1300 925 1349 incurrerit
960 1300 1455 1364 irregularitatem,
1495 1300 1627 1361 quia
1661 1300 1766 1349 ha-

232 1383 329 1433 bet
372 1399 540 1434 unum
588 1385 974 1434 canonicatum
1010 1384 1100 1433 hie
1135 1384 1454 1451 Magantie,
1503 1386 1560 1433 et
1594 1399 1769 1432 unam

233 1468 581 1532 parrochiam
619 1470 773 1519 alibi.
838 1473 893 1518 et
914 1485 1028 1521 non
1051 1468 1314 1519 habeatis
1337 1468 1471 1517 mihi
1495 1482 1592 1533 pro
1617 1469 1769 1518 malo

236 1552 381 1614 quod
416 1554 657 1604 scribam
692 1554 850 1603 vobis
890 1552 1020 1616 quid
1056 1552 1264 1615 audivi,
1301 1552 1433 1615 quia
1458 1556 1592 1616 puto
1618 1554 1770 1616 opti—

234 1653 336 1687 me.
408 1636 483 1685 Et
516 1637 703 1687 valete
739 1638 797 1685 in
832 1637 1050 1687 domino
1087 1638 1188 1687 deo
1225 1639 1322 1701 qui
1348 1636 1628 1686 custodiat
1651 1652 1770 1685 om-

235 1736 333 1769 nes
368 1722 490 1771 vias
526 1725 762 1771 vestras.
833 1722 1041 1771 Datum
1075 1721 1380 1788 Maguntie.

960 2039 1053 2101 17.

474 2140 870 2224 Magister
912 2143 1258 2207 Ioannes
1303 2142 1515 2227 Hipp

780 2262 1030 2313 Salutem
1067 2262 1207 2311 dicit

514 2362 856 2427 Magistro
895 2366 1185 2415 Ortvino
1224 2365 1488 2415 Gratio.

338 2497 637 2563 ‘Letamini
670 2500 729 2548 in
764 2499 981 2549 domino
1019 2503 1075 2549 et
1099 2499 1346 2549 exultate
1372 2498 1525 2563 iusti,
1564 2504 1620 2549 et
1645 2500 1771 2565 glo-

237 2584 459 2631 riamini
492 2599 679 2633 omnes
714 2586 854 2634 recti
880 2584 1078 2648 eorde’‚
1116 2584 1304 2634 Psalm
1333 2588 1501 2633 ‚xxxL
1559 2582 1667 2633 Sed
1695 2601 1768 2635 ne

237 2666 493 2717 habeatis
552 2669 863 2719 molestiam
908 2670 1185 2719 dicentes:
1247 2669 1401 2733 ‘quid
1443 2672 1608 2734 putat
1653 2670 1768 2721 ist-e
