1942 3109
186 231 288 282 368
366 247 655 282 nrlsrorm
682 247 1051 284 osscvnonvu
1078 249 1333 284 vmonvu
1358 252 1537 288 novat.

185 351 550 415 vestimenta,
575 352 709 400 tunc
731 352 1097 416 perdidissem
1119 359 1506 420 paupertatem
1532 375 1709 410 meam

187 437 464 499 totaliter,
512 437 659 486 sicut
701 436 842 486 dixit
885 439 1060 488 semel
1103 455 1229 488 una·
1262 440 1453 492 vetula
1492 445 1709 506 quando

185 522 356 586 fregit
404 535 510 571 ova
555 535 721 585 super
766 526 991 586 pontem
1036 523 1093 571 in
1140 524 1446 589 Helpruna.
1517 529 1593 578 Et
1629 531 1709 579 sic

184 606 463 670 permansi
506 605 718 656 duobus
763 607 1047 657 mensibus
1094 608 1152 656 in
1186 608 1337 659 valle
1374 610 1445 659 ad
1481 611 1712 678 Wimpi-

185 706 340 753 nam‚
398 691 570 740 etiam
625 705 748 739 cum
795 691 1123 754 quibusdam
1169 693 1331 742 bonis
1379 693 1709 746 Curtisanis.

188 779 244 825 et
288 775 368 824 ibi
415 774 585 824 didici
631 791 797 824 unum
843 775 1029 824 ludum
1076 792 1109 826 a
1156 776 1365 828 Ioanne
1401 779 1707 844 Greyferio,

189 859 283 923 qui
328 862 416 908 est
459 857 622 908 valde
672 859 952 924 liberalis,
1009 860 1142 922 quia
1194 861 1348 912 dedit
1393 864 1563 914 semel
1610 879 1708 915 sex

189 943 386 1006 sociiS,
435 957 664 1006 quorum
707 959 810 1008 ego
855 945 938 993 fui
984 957 1155 1008 unus,
1204 945 1276 994 ad
1322 947 1709 998 comedendum

185 1032 399 1092 septem
436 1043 541 1079 ova
580 1031 638 1078 et
673 1043 783 1078 non
817 1028 1017 1078 minus.
1077 1029 1149 1078 Et
1185 1029 1283 1078 ille
1320 1030 1483 1080 ludus
1508 1030 1715 1083 dicitur

185 1116 242 1162 in
276 1114 470 1177 lingua
495 1112 700 1162 Italica
735 1114 908 1163 Trent
942 1129 1069 1163 uno.
1130 1114 1253 1164 Hoc
1292 1130 1393 1179 ego
1430 1130 1712 1179 nunquam

185 1195 302 1246 vidi
336 1197 394 1246 in
427 1197 676 1247 Romana
713 1199 887 1249 curia.
947 1198 1135 1247 Etiam
1170 1214 1281 1248 non
1318 1202 1403 1249 est
1436 1200 1713 1266 mirabile,

187 1281 319 1344 quia
365 1283 614 1346 oportuit
657 1298 742 1332 me
791 1298 1007 1347 semper
1051 1283 1258 1333 habere
1306 1283 1713 1336 advertentiam

187 1364 258 1414 ad
293 1365 498 1414 mulum
532 1366 592 1414 in
626 1367 850 1417 stabulo
886 1367 1138 1419 inferius,
1196 1367 1271 1416 Et
1306 1366 1551 1417 audiatis
1578 1359 1712 1431 quoss

29 1443 42 1454 ’
91 1476 94 1479 -
127 1464 134 1472 ’
186 1448 344 1501 modo
381 1465 597 1514 semper
630 1451 882 1501 fecimus.
942 1451 1055 1502 Nos
1093 1452 1293 1502 ivimus
1329 1452 1630 1516 aliquando
1654 1455 1715 1503 in

185 1533 468 1598 Wimpina
495 1541 669 1598 'super
715 1535 992 1598 scholam,
1035 1537 1133 1586 ubi
1178 1552 1394 1601 semper
1440 1551 1713 1589 convene-

186 1622 316 1668 runt
348 1633 516 1682 super
553 1621 711 1668 extra
745 1619 877 1668 boni
913 1620 1071 1669 socii.
1132 1620 1206 1668 Et
1239 1621 1350 1670 fuit
1383 1636 1526 1671 unus
1560 1622 1711 1673 inter

185 1718 277 1753 eos
316 1703 413 1766 qui
448 1702 654 1753 dicitur
677 1703 977 1769 Gregorius
1002 1703 1248 1768 Spiculi:
1284 1704 1384 1756 ille
1423 1711 1511 1756 est
1542 1707 1709 1758 valde

181 1787 560 1839 declarativus
596 1787 664 1838 de
697 1787 856 1838 modo
881 1789 1245 1854 supponendi.
1302 1789 1431 1855 Ipse
1456 1789 1710 1840 declarat

180 1873 328 1922 hanc
373 1876 666 1923 materiam
714 1873 796 1923 ita
845 1873 999 1924 clare
1044 1874 1195 1924 sicut
1234 1889 1336 1925 vos
1382 1877 1541 1926 nobis
1577 1875 1709 1925 olim

181 1958 431 2008 Tertiam
474 1962 691 2024 partem
726 1957 1032 2009 Alexandri
1076 1957 1143 2008 de
1181 1963 1299 2009 arte
1336 1959 1710 2010 versificandi.

182 2042 635 2108 Quandocunque
682 2042 846 2094 audio
893 2059 1017 2093 eum
1064 2044 1146 2093 sic
1193 2059 1387 2109 grosse
1430 2044 1584 2106 loqui
1638 2044 1709 2093 de

179 2129 282 2178 illa
305 2128 591 2178 luxuriosa
621 2143 710 2191 re,
740 2133 874 2179 tunc
904 2128 1137 2193 acquiro
1168 2127 1603 2179 delectationem
1636 2128 1711 2177 ad

181 2212 612 2278 supponendum.
671 2212 792 2277 Ego
828 2212 1061 2263 multum
1096 2212 1269 2262 didici
1294 2213 1365 2262 ab
1392 2228 1459 2262 eo
1485 2209 1713 2276 (parca-

183 2299 255 2348 tis
291 2297 452 2359 mihi,
500 2296 634 2360 quia
672 2299 757 2346 est
791 2311 929 2363 opus
978 2296 1287 2360 naturale):
1338 2312 1439 2360 ego
1484 2296 1709 2353 vellem,

181 2383 328 2431 sicut
361 2379 496 2431 deus
521 2381 654 2430 mihi
678 2381 862 2445 iuvat,
900 2397 1067 2431 unum
1095 2380 1377 2430 Carlinum
1399 2379 1535 2428 dare
1562 2379 1713 2442 quod

177 2481 279 2518 vos
323 2465 545 2516 sciretis
591 2467 675 2516 ita
719 2465 1098 2516 amicabiliter
1140 2463 1391 2526 lardare,
1436 2464 1548 2513 nisi
1582 2478 1713 2527 pro-

179 2553 305 2612 pter
340 2563 564 2598 uxorem
598 2550 826 2599 Ioannis
860 2547 1239 2598 Pfefferkorn:
1276 2551 1410 2596 tunc
1449 2562 1551 2611 ego
1588 2547 1713 2597 scio

182 2631 330 2695 quod
377 2634 591 2680 amaret
633 2647 734 2682 vos
777 2648 942 2697 super
987 2645 1176 2681 omnes
1220 2631 1363 2680 alios
1418 2631 1714 2694 theologos

185 2717 280 2778 qui
302 2718 434 2765 sunt
455 2715 514 2765 in
539 2715 790 2765 Colonia.
847 2716 957 2766 Per
980 2716 1141 2767 deum
1166 2715 1271 2767 illa
1296 2730 1387 2766 ars
1411 2729 1524 2766 non
1546 2716 1717 2766 iuvat
