1942 3109
538 233 600 275 10.
619 237 1041 273 attrachunt
1064 236 1309 275 KUGKUK.
1592 220 1691 274 1oe

159 341 314 409 ·‘Ego
337 358 514 409 arguo
541 342 686 407 quod
707 347 770 393 tu
795 344 876 395 eis
897 344 1117 395 asinus:
1152 344 1333 394 Primo
1368 346 1479 393 niet
1516 344 1687 407 Quie-

171 428 304 493 quid
337 432 530 495 portat
561 444 760 493 onera,
797 434 883 479 eet
917 431 1135 479 asinus:
1170 434 1231 479 tu
1264 434 1451 495 portae
1484 444 1687 480 onera:

173 530 306 579 ergo
342 530 403 565 ee
443 514 654 564 asinus.
711 514 982 566 Minorem.
1000 516 1170 582 probo
1184 553 1199 579 ,
1235 516 1368 581 quia
1402 518 1463 565 tu
1494 518 1687 581 portae

171 599 342 649 istum
371 600 598 655 librum.
665 597 740 649 Et
772 600 880 649 fuit
908 615 1143 665 verum,¹
1175 600 1309 664 quia
1342 600 1463 664 ipse
1496 604 1686 665 porta·

168 685 254 736 vit
297 700 468 736 unum
510 684 716 736 librum
759 698 920 749 quem
963 684 1118 736 dedit
1156 684 1397 735 Iacobus
1440 682 1507 735 de
1546 685 1689 747 Que-

167 771 435 835 atenberg
471 769 543 819 ad
576 769 904 821 studendum
935 771 1086 821 intus
1135 774 1333 821 eontra
1364 768 1689 835 Magistrum

169 854 435 906 Nostrum
477 854 740 906 Iacobum
785 854 852 905 de
895 854 1291 905 Hoehetraten.
1372 854 1529 905 Tune
1580 868 1690 905 non

169 940 282 989 fuit
335 942 422 991 ita
474 940 714 1006 prudens
769 939 914 1004 quod
955 943 1189 1005 negaret
1228 940 1364 991 mihi
1402 938 1689 1003 Maiorem,

170 1025 306 1088 quia
362 1040 476 1075 non
522 1027 826 1089 potuissem
876 1026 1137 1091 probarez
1198 1024 1296 1075 sed
1351 1024 1493 1075 bene
1550 1026 1693 1076 scivi

178 1108 330 1171 quod
369 1108 513 1159 nihil
551 1111 658 1160 seit
703 1111 764 1160 in
809 1110 1015 1177 logica.
1094 1110 1229 1159 Dixi
1276 1123 1406 1173 ergo
1452 1108 1525 1157 ad
1572 1124 1693 1159 eum

181 1191 436 1244 ‘Domine
469 1192 679 1258 doctor,
725 1195 840 1247 Vos
874 1194 1047 1245 vultis
1080 1209 1181 1245 voe
1222 1194 1593 1244 intromittere
1634 1193 1692 1243 in

173 1279 412 1346 negocio
437 1279 851 1347 Theologomm‚
889 1278 1037 1345 quod
1068 1294 1177 1331 non
1214 1284 1301 1331 est
1332 1280 1391 1331 in
1414 1280 1688 1331 facultate

169 1368 398 1417 vestra:
449 1378 550 1430 ego
595 1363 888 1417 suaderem
929 1365 1089 1416 vobin
1134 1364 1281 1431 quod
1324 1364 1690 1429 dimitteretis,

177 1450 314 1513 quia
347 1464 446 1501 vos
481 1464 590 1501 non
622 1450 940 1515 intelligitis
976 1452 1265 1501 materiam
1308 1450 1499 1500 istam:
1544 1449 1691 1500 alias

169 1536 414 1600 potestis
445 1536 637 1586 venire
676 1534 746 1585 ad
782 1534 1065 1599 damnum,
1112 1536 1245 1600 quia
1280 1534 1548 1601 Theologi
1581 1550 1690 1586 non

169 1620 375 1672 volunt
409 1618 556 1685 quod
577 1619 782 1686 Iuristq
806 1618 1010 1673 debent
1032 1624 1274 1671 tractare
1302 1636 1504 1685 causae
1528 1620 1689 1669 fidei'.

166 1705 249 1755 Et
285 1705 478 1755 statim
511 1705 610 1755 ille
645 1705 821 1755 iratus
855 1704 997 1762 dixit
1030 1704 1167 1771 ‘Ego
1191 1720 1302 1755 non
1325 1706 1502 1756 solum
1529 1703 1691 1754 intel-

164 1791 294 1856 ligo
327 1790 494 1840 ietam
527 1792 844 1855 materiam,
892 1790 991 1841 sed
1037 1792 1205 1841 etiam
1249 1788 1411 1841 video
1456 1788 1599 1853 quod
1632 1792 1693 1837 tu

171 1891 236 1927 es
273 1889 392 1924 una
425 1874 723 1925 maledicta
758 1874 976 1925 bestia'.
1036 1874 1189 1925 Tunc
1225 1874 1309 1925 fui
1344 1874 1515 1925 etiam
1550 1886 1691 1922 eom-

163 1964 358 2011 motus
397 1964 454 2011 et
487 1960 725 2011 surrexi:
775 1963 830 2011 et
874 1960 982 2011 fuit
1016 1956 1160 2011 inter
1194 1976 1295 2011 nos
1330 1974 1534 2025 magna
1570 1958 1691 2007 rixa

165 2048 230 2097 in
268 2044 360 2097 die
395 2044 518 2108 illa.
589 2046 854 2109 Dixitque
891 2045 1023 2095 mihi
1056 2044 1330 2110 Magister
1364 2044 1564 2095 Noster
1586 2043 1691 2093 Pe-

165 2137 294 2182 trus
337 2131 535 2195 Meyer
577 2130 848 2194 plebanus
889 2127 1415 2181 Franckfordieneie
1471 2126 1693 2178 ‘Eamus

174 2214 252 2267 ad
301 2214 605 2281 hospitium
648 2230 746 2280 pro
793 2214 1107 2279 comedere,
1164 2214 1295 2279 quia
1349 2218 1437 2265 est
1478 2217 1690 2280 tempus

172 2299 248 2351 ad
283 2298 608 2367 prandium;
642 2301 979 2364 permittatis
1014 2303 1165 2351 stare
1198 2298 1366 2348 istum
1388 2300 1589 2349 bonum
1611 2299 1694 2349 vi-

172 2400 322 2449 rum,
372 2385 506 2449 quia
539 2400 650 2434 non
683 2384 950 2449 intellig-it
984 2385 1141 2435 faeta
1175 2398 1307 2434 aua:
1352 2386 1471 2448 ipse
1514 2382 1693 2435 adhue

177 2470 407 2521 deberet
461 2469 542 2519 ire
601 2468 670 2519 ad
723 2468 944 2521 scholas
998 2468 1275 2534 desuper’:
1332 2466 1427 2517 sed
1480 2454 1694 2519 debetis

180 2556 352 2621 seire,
389 2553 660 2619 Magister
683 2552 941 2617 Ortvine‚
979 2550 1123 2617 quod
1154 2552 1407 2604 volumus
1442 2553 1694 2618 pulcher·

182 2641 312 2691 rime
347 2637 638 2691 vindicare
671 2640 836 2689 istam
869 2638 1157 2688 iniuriam:
1194 2636 1313 2700 ipae
1351 2641 1437 2686 est
1470 2634 1697 2684 studens

187 2722 566 2786 Coloniarum,
623 2727 678 2772 et
723 2722 884 2773 stetit
937 2720 997 2769 in
1046 2722 1217 2769 bursa
1272 2718 1503 2775 montis,
1556 2709 1703 2772 quod
