1942 3109
644 250 684 294 7.
711 252 970 290 Amnum
996 251 1287 288 mvnera.
1638 235 1731 288 181

218 357 370 422 feeit,
404 357 702 422 dereliquit
736 357 902 408 fidem
940 341 1119 408 suam'.
1188 356 1263 407 Et
1298 357 1349 406 si
1382 355 1609 408 deberet
1642 356 1735 406 hic

211 441 392 494 sedere
423 445 486 492 in
518 445 690 506 turri,
729 447 788 494 et
823 442 1137 508 spiculator
1160 439 1391 492 deberet
1414 456 1539 492 eum
1560 442 1733 492 inter—

207 542 390 592 rogare
427 527 562 593 quid
598 528 774 591 fecit,
820 528 940 592 ipse
976 526 1209 577 deberet
1240 541 1353 578 non
1386 528 1567 576 minus
1604 540 1733 576 con-

206 611 344 661 fiteri
385 628 549 676 quam
598 612 704 662 ille
750 610 914 662 alius.
985 611 1116 676 Ipse
1160 612 1459 676 instigavit
1492 611 1729 662 Theolo-

199 711 290 760 με
337 695 598 765 colonie,
653 701 714 747 et
757 697 869 761 ipsi
913 699 1090 747 etiam
1131 696 1546 761 instigaverunt
1590 711 1732 758 eum,

199 784 254 830 et
291 777 586 832 voluerunt
631 782 814 833 libros
848 781 1144 849 Iudeorum
1190 795 1290 846 per
1334 783 1509 831 totam
1544 779 1731 830 Alma-

193 865 344 914 niam
395 867 742 916 comburere.
839 866 914 916 Et
963 865 1073 917 hoc
1124 867 1381 918 fecerunt
1432 868 1729 931 propterea

194 949 334 1011 quod
357 950 518 1018 Iudei
541 951 820 1001 deberent
841 951 1035 1002 venire
1070 949 1141 1000 ad
1164 950 1477 1016 Theologos
1513 955 1571 1000 et
1604 965 1728 1016 pre-

194 1033 372 1082 fatum
401 1035 763 1086 Pfefferkorn
811 1050 934 1084 cum
982 1051 1187 1100 magna
1230 1037 1472 1100 pecunia
1508 1034 1727 1086 occulte

198 1115 477 1168 dicentes:
532 1119 904 1170 ‘Permittatis
956 1120 1095 1169 mihi
1128 1120 1304 1170 libros
1354 1133 1534 1169 meos:
1598 1132 1728 1166 ecce

196 1199 290 1250 hic
327 1201 556 1254 habe-tis
593 1204 967 1269 quadraginta
1008 1206 1245 1256 aureos'.
1316 1203 1392 1254 Et
1424 1203 1603 1267 aliqui
1635 1201 1726 1252 Iu-

183 1283 279 1352 dei
339 1285 632 1338 dedissent
689 1289 934 1340 libenter
996 1293 1244 1354 centum,
1315 1289 1492 1353 aliqui
1549 1287 1723 1338 mille.

183 1370 346 1420 Tunc
380 1373 550 1422 venit
579 1373 856 1423 Reuchlin
895 1376 951 1423 et
986 1374 1274 1439 impedivit
1308 1373 1451 1424 illud
1474 1374 1727 1437 proposi-

183 1457 332 1520 tum,
373 1461 433 1507 et
469 1458 602 1508 irati
635 1465 766 1508 sunt
801 1473 967 1523 super
1004 1473 1157 1522 eum,
1194 1462 1252 1508 et
1275 1458 1529 1510 scribunt
1552 1456 1725 1507 libros

179 1543 240 1592 et
273 1541 674 1593 scandalizare
708 1543 904 1593 volunt
941 1558 1091 1608 eum,
1130 1546 1187 1593 et
1220 1542 1415 1594 dicunt
1448 1541 1595 1607 quod
1633 1545 1722 1592 est

177 1624 493 1692 hereti—cus.
565 1627 752 1676 Etiam
787 1627 1043 1678 scribunt
1077 1628 1299 1692 aliquos
1333 1628 1507 1679 libros
1544 1629 1603 1674 in
1638 1626 1721 1676 la-

177 1711 333 1774 tino,
376 1715 436 1762 et
471 1711 768 1761 intitulant
803 1727 898 1762 eos
933 1712 1153 1764 nomine
1188 1712 1453 1764 Iohannis
1486 1709 1725 1761 Pfeffer*

174 1794 360 1858 kern,
407 1811 532 1846 cum
575 1801 765 1846 tamen
809 1797 932 1861 ipse
980 1811 1091 1847 non
1124 1796 1235 1848 scit
1270 1797 1629 1861 alphabetum
1664 1795 1723 1843 in

179 1877 388 1930 latino.
469 1879 579 1931 Sed
625 1881 798 1945 igitur
840 1881 1089 1946 faciunt,
1124 1881 1277 1946 quia
1334 1881 1523 1933 sciunt
1578 1877 1724 1942 quod

177 1978 346 2015 nemo
381 1964 744 2030 respondebit
777 1967 859 2029 ei,
897 1967 1031 2031 quia
1066 1981 1227 2018 nemo
1262 1981 1387 2016 cum
1408 1967 1521 2040 isto
1545 1961 1714 2014 male-

181 2048 408 2100 factore
445 2049 569 2101 vult
593 2065 654 2100 se
679 2050 1091 2115 permacnlare.
1152 2049 1301 2115 Ergo
1324 2048 1549 2112 videtis,
1576 2047 1723 2112 quod

183 2133 240 2181 si
275 2137 466 2184 essent
499 2136 620 2184 veri
656 2134 958 2200 Theologi,
999 2137 1098 2184 aut
1132 2134 1291 2199 probi
1324 2134 1461 2196 viri,
1496 2133 1723 2197 ipsimet

187 2216 446 2268 facerent
488 2219 647 2270 facta
695 2233 826 2283 sua,
883 2222 941 2270 et
998 2232 1107 2270 non
1150 2203 1407 2270 velarent
1456 2220 1514 2268 et
1556 2234 1719 2270 occu-

181 2300 372 2354 larent
416 2319 476 2353 se
526 2319 650 2354 eum
695 2305 804 2356 isto
849 2303 1145 2356 trufatore.
1225 2304 1505 2354 Fecerunt
1548 2305 1718 2354 etiam

181 2388 326 2440 alios
374 2388 576 2452 libros,
627 2403 858 2452 quorum
907 2387 1089 2452 aliqui
1134 2391 1264 2438 sunt
1309 2387 1587 2438 intitulati
1619 2405 1717 2438 no-

175 2475 330 2524 mine
365 2472 600 2524 Arnoldi
635 2472 702 2523 de
742 2471 1021 2537 Tungari,
1060 2472 1157 2536 qui
1190 2473 1451 2523 inventus
1486 2477 1573 2523 est
1607 2471 1719 2524 fal·
1775 2459 1789 2470 ⁴

177 2559 394 2621 sarius,
431 2558 515 2609 ita
552 2557 700 2622 quod
735 2569 1023 2621 nunquam
1052 2559 1243 2622 pot-est
1264 2571 1474 2622 negare
1500 2562 1557 2608 et
1578 2571 1718 2607 nun-

178 2656 346 2706 quam
381 2646 571 2709 potest
605 2658 666 2693 se
693 2657 987 2704 excusare,
1016 2641 1163 2706 quod
1184 2655 1296 2691 non
1321 2645 1409 2690 est
1428 2641 1720 2692 falsarius,

177 2729 314 2790 quia
349 2729 718 2778 manifestum
756 2729 846 2774 est
879 2739 981 2786 per
1014 2727 1193 2772 totam
1214 2722 1549 2777 Almaniam,
1586 2727 1724 2772 quo-
