1942 3109
263 217 332 270 98
521 231 814 267 EPISTOLAE
853 230 1223 267 OBSCVBOBVM
1259 229 1533 266 vmonvu.

259 353 390 405 sepe
425 337 654 389 vocavit
697 351 782 386 me
832 350 931 399 per
976 351 1142 385 unam
1188 335 1478 399 antiquam
1518 333 1815 398 vetulam,

261 421 482 486 quando
506 422 593 472 vir
617 421 738 471 eius
771 421 882 470 fuit
905 421 1135 472 absens:
1172 419 1271 470 sed
1304 435 1414 470 non
1437 418 1569 469 veni
1603 421 1818 484 preter

259 507 459 558 semel}
497 507 762 558 sed'tunc
797 507 880 556 fui
916 506 1117 557 ebrius.
1154 506 1275 570 Ego
1309 502 1673 566 hortor.quod
1710 504 1815 554 bis

257 593 524 642 ieiunatis
560 593 619 641 in
655 591 911 654 sabbato,
939 595 1005 640 et
1039 590 1505 655 postea‘faciatis
1538 587 1812 639 vestram

262 678 668 728 confessionem
702 677 800 725 uni
833 675 1101 741 magistro
1136 679 1325 725 nostro
1362 673 1569 724 ordinis
1604 673 1805 740 predi-

265 767 542 826 catorum,
597 763 694 825 qui
745 765 938 826 posset
983 775 1083 810 vos
1130 761 1273 811 bene
1326 759 1638 808 instituere.
1728 758 1815 808 Et

263 845 482 910 quando
519 845 738 896 fecistis
765 844 1191 908 confessionem,
1226 843 1363 892 tunc
1387 842 1605 894 debetis
1630 857 1811 895 orare

261 930 330 980 de
367 934 562 980 saneto
599 929 946 981 christoforo
984 927 1129 993 quod
1164 927 1305 979 velit
1338 943 1437 979 vos
1474 931 1703 993 portare
1746 930 1812 980 in

261 1015 503 1065 humeris
539 1016 672 1079 suis,
714 1029 784 1064 ne
819 1017 1023 1065 iterum
1057 1012 1379 1064 recidivetis
1418 1027 1485 1062 ac
1522 1017 1808 1078 mergatis

261 1114 360 1151 vos
395 1100 454 1148 in
489 1113 640 1150 mare
678 1099 920 1164 amplum
957 1102 1013 1149 et
1050 1083 1479 1163 spaciosum,‘in
1517 1111 1624 1162 quo
1664 1104 1809 1149 sunt

263 1183 490 1248 reptilia
529 1184 758 1248 quoi-um
781 1197 891 1234 non
917 1186 1005 1234 est
1026 1197 1304 1247 numerus,
1340 1181 1398 1231 id
1435 1185 1523 1233 est
1557 1190 1810 1247 peccata

263 1266 498 1330 infinita,
545 1269 694 1318 sicut
735 1268 965 1332 exponit
1000 1265 1408 1319 Combibilator'
1418 1284 1432 1331 3
1460 1282 1554 1316 -ac
1599 1273 1809 1332 postea

263 1354 420 1402 orate
457 1350 526 1401 ne
565 1349 786 1402 cadetis
816 1353 874 1401 in
907 1352 1297 1403 tentationem.
1365 1351 1587 1417 Surgite
1626 1343 1821 1404 etiam'

263 1451 444 1501 mane,
492 1434 684 1488 lavate
731 1451 926 1487 manus
962 1440 1201 1501 vestras,
1252 1439 1449 1487 ornate
1494 1436 1697 1502 crines,
1750 1443 1810 1490 et

263 1520 438 1571 nolite
487 1535 611 1571 esse
665 1521 1009 1574 accidiosus:
1078 1523 1359 1586 scriptura
1420 1522 1566 1572 enim
1626 1522 1806 1574 dicit:

265 1586 454 1668 ‘Deus,
493 1603 624 1655 deus
659 1620 831 1669 meus,
869 1604 940 1656 ad
975 1608 1031 1656 te
1066 1605 1135 1656 de
1170 1606 1296 1657 luce
1331 1606 1547 1672 vigilo'.
1608 1607 1807 1658 Etiam

263 1691 440 1741 vitate
487 1689 614 1740 loca
661 1694 911 1741 secreta:
969 1705 1071 1740 nos
1118 1691 1323 1742 scimus
1370 1690 1519 1755 quod
1566 1691 1697 1742 loca
1748 1699 1807 1746 et

261 1778 513 1840 tempora
549 1773 688 1843 sepe
726 1774 1001 1825 inducunt
1036 1775 1287 1825 homines
1328 1774 1399 1826 ad
1434 1775 1807 1843 peccandum,

265 1863 324 1910 et
355 1859 592 1910 maxime
631 1858 702 1909 ad
735 1858 1145 1911 luxuriandum.
1200 1861 1405 1912 Verum
1444 1860 1588 1924 quod
1624 1862 1807 1913 vultis

263 1959 300 1992 a
333 1955 420 1993 me
455 1943 662 1994 habere
697 1947 888 1994 unum'
913 1939 1352 2010 experimentum
1397 1947 1692 2009 probatum
1734 1947 1806 1998 de

265 2043 468 2092 amore,
507 2025 704 2079 sciatis
729 2028 878 2093 quod
903 2045 1005 2095 ego
1030 2043 1142 2081 non
1165 2045 1391 2094 possum
1416 2030 1643 2082 salvare
1671 2047 1807 2083 con-

263 2111 560 2163 scientiam
581 2127 778 2164 meam.
817 2113 1050 2177 Quando
1086 2115 1309 2181 glosavi
1342 2115 1501 2166 vobis
1537 2114 1631 2164 hic
1662 2116 1806 2168 Ovi-

261 2195 413 2246 dium
463 2195 533 2247 de
585 2201 706 2248 arte
763 2198 1025 2264 amandi,'
1045 2199 1051 2206 ’
1070 2199 1188 2250 dixi
1230 2199 1391 2250 vobis
1438 2199 1585 2264 quod
1638 2217 1806 2254 nemo

263 2279 490 2332 deberet
539 2282 732 2333 facere
784 2299 884 2348 per
937 2286 1113 2334 artem
1166 2283 1598 2349 nigromantiam
1654 2288 1808 2350 quod

263 2365 526 2416 mulieres
571 2381 630 2417 se
679 2372 868 2419 amant
881 2385 897 2430 ;⁴
945 2375 1003 2419 et
1040 2365 1363 2438 quicunque
1414 2371 1807 2437 centwini-it,

264 2450 384 2516 ipse
421 2455 571 2502 esset
615 2453 1123 2504 excommunicatus
1169 2452 1235 2504 de
1281 2454 1454 2519 facto,
1504 2457 1559 2504 et
1607 2458 1807 2520 exqui—

263 2535 466 2586 sitores
510 2535 758 2604 heretice
804 2537 1105 2602 pravitatis
1150 2542 1383 2603 possunt
1430 2553 1552 2589 eum
1598 2540 1803 2608 citare,

265 2623 436 2684 atque
473 2619 545 2672 ad
578 2620 763 2686 ignem
797 2620 1080 2673 damnare.
1116 2623 1239 2688 Ego
1276 2620 1587 2675 dixi‘vobis
1626 2627 1804 2677 etiam

263 2717 431 2752 unum
470 2703 795 2770 exemplum,
841 2705 986 2770 quod
1023 2705 1241 2758 debetis
1276 2708 1493 2780 notare,
1528 2708 1806 2762 videlicet
