1942 3109
291 258 386 312 182
421 267 800 310 naamon-nr
822 267 1061 308 narnus.
1080 265 1300 305 contu
1322 265 1530 304 tuos.
1554 267 1832 306 oxma».

285 380 550 430 Ioannem
595 376 870 429 Bouchlin
913 376 1270 428 obscurorum
1326 386 1448 422 esse
1508 377 1827 436 auctorem,

289 481 412 516 cum
459 463 606 516 talia
651 463 810 514 nobis
858 463 989 512 ante
1036 459 1255 523 aliquot
1308 471 1487 508 annos
1546 463 1825 510 eventura

285 551 344 601 in
379 551 493 600 suis
531 548 601 600 ad
623 563 726 599 nos
753 546 1006 612 epistolis
1030 546 1105 596 sit
1128 543 1513 594 comminatus.
1580 541 1827 608 Scripsit

288 637 433 687 enim
487 637 850 686 conterraneo
903 647 1033 695 suo,
1090 627 1565 682 excellentissimo
1624 627 1819 694 Agrip-

287 719 534 786 pinensis
571 717 858 784 academie
896 717 954 767 in
989 713 1277 779 theolog-ia
1310 711 1560 776 doctori,
1600 713 1755 762 Anno
1778 729 1815 761 a

286 804 468 854 natali
503 802 820 853 Christiano
842 801 900 850 M
921 813 1109 853 ,ccccc
1126 813 1233 848 x11.
1272 797 1467 862 quinto
1503 797 1643 848 Idus
1674 813 1811 846 mar-

285 890 396 939 tias
432 887 537 955 hec
571 887 772 938 verba:
812 884 1115 936 ‘Accedent
1150 880 1383 948 (inquit)
1430 887 1563 947 post
1598 897 1815 934 manum

285 972 532 1024 validam
565 975 728 1041 poete
765 976 822 1022 et
855 970 1137 1032 historici,
1174 981 1405 1032 quorum
1436 966 1545 1018 hoc
1570 971 1819 1034 tempore

286 1073 489 1124 magns.
525 1058 688 1123 copia
721 1057 890 1120 vivit,
930 1071 1053 1108 cum
1088 1057 1284 1122 eterna
1318 1052 1497 1104 vestri
1528 1053 1819 1118 gymnasii

285 1143 626 1208 ignominia’.
683 1141 808 1208 Hec
842 1142 989 1190 inter
1025 1142 1215 1190 cetera
1250 1137 1695 1202 intemperanter
1732 1139 1821 1186 ef-

283 1227 448 1278 fudit.
515 1226 590 1278 Et
623 1226 729 1277 hoc
762 1225 922 1276 modo
957 1224 1091 1276 feda
1124 1225 1483 1274 obscurorum
1527 1221 1821 1286 colloquia

286 1314 466 1378 magis
499 1313 708 1376 ipsum,
756 1325 922 1374 quam
955 1313 1043 1360 tot
1086 1308 1513 1358 universitatum
1559 1305 1820 1358 doctores

289 1402 389 1448 aut
406 1413 492 1448 me
511 1395 748 1460 denique
772 1393 1115 1459 neophitum,
1140 1392 1244 1443 hoc
1272 1395 1359 1443 est
1380 1406 1589 1444 novum
1612 1392 1819 1442 Christi

289 1495 537 1546 germen,
595 1493 781 1529 coram
840 1479 1195 1543 ‚sapientibus
1262 1476 1818 1530 scandalizaverunt.

285 1565 426 1615 Nam
469 1579 570 1629 per
611 1561 1123 1614 Reuchlinistarum
1168 1560 1510 1627 quorundam
1562 1562 1819 1614 convicia

287 1663 396 1699 non
431 1646 768 1700 iustificetur
805 1663 981 1698 causa.
1014 1648 1192 1713 ipsius
1214 1635 1517 1710 Reuchlin‚
1562 1649 1705 1712 quia
1741 1647 1825 1710 (ut

289 1735 360 1786 ab
387 1733 516 1786 aliis
539 1731 818 1799 intellexi)
845 1732 1109 1798 Allegare
1138 1731 1545 1784 inconveniens
1586 1748 1709 1783 non
1744 1738 1823 1784 est

287 1820 506 1872 solvere
544 1824 619 1872 .et
643 1836 691 1870 c.
762 1817 1113 1882 Intelligenti
1146 1819 1306 1868 satis.
1380 1806 1434 1865 ί
1472 1817 1727 1870 Octavo.
1766 1819 1827 1868 li-

287 1908 379 1956 cet
413 1903 764 1956 adversarius
799 1905 987 1953 noster
1020 1902 1153 1953 illas
1190 1900 1266 1967 (si
1296 1904 1380 1953 ita
1400 1901 1695 1970 volumus)
1722 1921 1825 1956 non

288 1991 682 2056 composuerit,
727 1989 1009 2040 debebant
1048 1991 1235 2038 tamen
1268 1986 1671 2057 Reuchliniste
1712 1992 1825 2054 qui-

287 2075 412 2126 dam
446 2075 748 2142 degeneres
785 2072 920 2139 (non
951 2073 1024 2124 de⁴
1056 2072 1307 2124 omnibns
1331 2071 1554 2138 loquor)
1592 2077 1821 2139 parcius

287 2173 502 2210 mecum
537 2161 750 2224 egisse,
780 2163 878 2209 aut
899 2159 1111 2208 rectius
1134 2158 1428 2225 scripsisse
1450 2157 1623 2208 nihil.
1688 2161 1823 2212 Nam

288 2245 590 2309 imperator
613 2243 732 2307 ipse
759 2243 1255 2295 christianissimus
1292 2247 1349 2296 et
1379 2257 1629 2296 summus
1672 2245 1823 2298 deni·

288 2343 394 2392 quc
441 2328 694 2393 pontifex
742 2327 826 2393 (ut
857 2328 1161 2394 pauloante
1198 2332 1287 2380 est
1322 2330 1679 2397 enarratum)
1720 2345 1821 2381 non

287 2415 445 2466 nobis
481 2414 660 2466 solum
693 2413 934 2478 duobus,
980 2412 1079 2466 sed
1112 2415 1365 2466 omnibus
1400 2415 1458 2464 in
1494 2429 1719 2479 genere
1752 2417 1822 2466 si·

287 2498 520 2546 lentium
557 2496 629 2546 ad
653 2499 876 2566 iusticie
901 2501 1283 2550 executionem
1308 2499 1647 2565 imposuere.
1714 2501 1821 2552 Ini-

288 2579 552 2640 quissime
587 2581 758 2644 igitur
793 2588 850 2634 et
885 2583 1118 2633 infinitis
1153 2598 1295 2652 pene
1330 2585 1587 2649 iniuriis,
1636 2587 1819 2637 incre·

287 2662 664 2725 dibilibusque
687 2664 1013 2730 mendaciis,
1032 2667 1089 2716 in
1106 2667 1413 2718 fornicibus
1433 2669 1634 2732 procul
1656 2671 1825 2722 dubio

289 2745 422 2795 altis
457 2750 626 2808 atque
664 2750 878 2813 auctis,
915 2749 987 2800 ad
1012 2751 1447 2816 respondendum
1472 2760 1823 2818 provocatus
