1942 3109
347 218 384 261 7.
407 221 658 257 Annua-1¹1
685 221 983 258 Acvmcts.
1022 215 1063 260 8.
1090 219 1355 256 nurum
1384 219 1575 260 βῖκοι.
1652 205 1751 256 183

951 407 1009 466 8.

375 527 754 608 Matheus
800 525 1063 592 Finck
1108 527 1577 592 bacularius

501 631 844 696 Magistro
882 630 1175 683 Ortvino
1212 631 1451 682 Gratio

201 749 626 801 Inenarrabiles
663 749 878 800 salutes
915 754 972 799 et
998 765 1214 800 amores
1239 747 1576 800 ineffabiles.
1637 749 1747 799 Ho-

203 835 482 886 norabilis
517 835 636 896 vir,
685 834 1171 898 quoniamquidem
1207 834 1555 885 sufficienter
1587 835 1747 884 scitis

208 918 482 983 quomodo
520 922 609 968 sto
647 917 738 967 hie
775 919 834 968 in
869 919 1022 969 Urbe
1058 918 1261 982 Roma,
1300 925 1357 970 et
1394 935 1511 970 sum
1546 921 1605 970 in
1640 919 1745 970 Co-

207 1005 417 1068 pistria
453 1007 512 1052 et
545 1001 611 1052 de
647 1004 832 1067 gratia
867 1003 961 1054 dei
997 1003 1177 1056 habeo
1202 1005 1405 1056 bonum
1431 1006 1747 1056 servitium:

217 1102 354 1150 ergo
399 1101 512 1136 non
553 1091 636 1136 est
679 1102 912 1138 necesse
961 1088 1107 1151 quod
1144 1090 1327 1138 scribo
1362 1089 1524 1138 vobis
1558 1088 1627 1138 de
1664 1105 1751 1152 eo,

220 1172 358 1234 quia
407 1170 570 1220 etiam
614 1187 724 1222 non
771 1172 1015 1223 libenter
1060 1172 1249 1237 legitis
1302 1171 1603 1237 productas
1654 1172 1747 1223 lit-

210 1257 384 1307 teras.
457 1255 566 1306 Sed
611 1255 913 1306 seeundum
961 1257 1067 1306 hoe
1115 1255 1260 1322 quod
1306 1258 1535 1322 promisi
1586 1259 1747 1310 vobis

207 1342 460 1392 seribere
498 1341 783 1392 novitates
818 1357 886 1392 ex
923 1343 1059 1392 urbe
1094 1341 1295 1402 Roma,
1336 1341 1405 1391 ad
1442 1345 1621 1394 minus
1660 1359 1745 1394 se-

211 1419 324 1476 mel
361 1426 420 1474 in
455 1439 668 1490 mense,
719 1430 778 1476 et
813 1426 1255 1490 quandocunque
1292 1427 1441 1476 irent
1478 1425 1745 1477 cursores

207 1509 302 1562 vel
337 1513 530 1577 poste,
577 1513 714 1560 tunc
751 1511 954 1562 vellem
994 1510 1303 1561 certificare
1338 1525 1439 1561 vos
1477 1509 1746 1577 quomodo

205 1599 327 1645 stat
361 1595 457 1644 hie
491 1596 552 1644 in
584 1594 754 1645 bellis
791 1599 848 1646 et
883 1597 940 1644 in
978 1596 1107 1646 aliis
1146 1600 1202 1647 et
1235 1595 1302 1646 de
1339 1612 1469 1662 rege
1504 1598 1745 1663 Franeie

207 1685 268 1730 et
311 1679 382 1730 de
429 1680 796 1744 imperatore,
843 1685 1140 1745 propterea.
1184 1682 1419 1747 potestis
1469 1681 1747 1745 cogitare:

205 1763 366 1814 ‘ecee
401 1765 514 1816 iste
552 1768 640 1815 est
673 1765 970 1830 superbae,
1012 1767 1145 1829 quia
1169 1765 1341 1817 habet
1363 1766 1565 1816 bonam
1591 1761 1749 1814 stan—

207 1850 354 1898 tiam
385 1847 586 1916 Rome,
631 1853 693 1898 et
735 1854 1034 1915 propterea
1079 1865 1190 1902 non
1237 1853 1399 1899 curat
1442 1848 1577 1897 mihi
1612 1848 1750 1897 seri-

206 1934 379 1996 bere,
435 1938 493 1984 et
547 1936 634 1983 est
679 1934 886 1984 oblitus
934 1934 1081 1998 quod
1122 1935 1206 1985 fui
1250 1936 1551 2001 preceptor
1594 1945 1749 1994 sune,

211 2020 271 2068 et
315 2016 483 2068 docui
528 2033 652 2068 eum
697 2019 755 2068 in
802 2020 960 2083 poesi
1007 2022 1063 2070 et
1108 2019 1321 2068 artibus
1370 2016 1443 2067 θ’
1474 2033 1595 2068 eum
1640 2017 1749 2067 hoe

211 2103 384 2152 etiam
430 2102 490 2150 in
533 2103 838 2168 grecist
885 2103 967 2153 ita
1017 2100 1163 2165 quod
1196 2117 1297 2168 pro
1332 2105 1492 2167 parte
1530 2105 1615 2151 eet
1648 2103 1748 2154 bo·

213 2200 322 2236 nus
366 2189 600 2254 grecus&
681 2187 826 2237 Dico
872 2187 1020 2251 quod
1064 2201 1201 2251 non,
1248 2190 1305 2236 et
1346 2185 1603 2236 diabolus
1650 2201 1747 2237 an-

215 2270 366 2320 ferat
397 2285 482 2322 me
519 2272 573 2322 ei
607 2287 719 2322 non
755 2271 936 2322 habeo
971 2286 1071 2322 vos
1109 2273 1167 2321 in
1202 2273 1467 2322 memoria
1492 2275 1549 2322 et
1574 2273 1745 2323 etiam

207 2355 267 2405 in
301 2355 656 2406 orationibus
689 2357 830 2406 meis
867 2371 1003 2421 erga
1039 2355 1216 2406 deum.
1279 2356 1425 2418 Quia
1450 2355 1587 2408 dicit
1610 2355 1750 2407 Gre-

211 2440 432 2506 gorius,
481 2439 630 2504 quod
672 2441 1019 2505 ingratitudo
1066 2445 1154 2490 est
1196 2439 1356 2490 radix
1390 2442 1629 2491 omnium
1662 2438 1749 2488 vi-

207 2525 440 2576 tiorum:
477 2525 630 2590 Ergo
667 2525 766 2588 qui
799 2528 1004 2589 peceat
1038 2525 1095 2574 in
1131 2524 1567 2590 Ingratitudine‚
1616 2535 1748 2589 pee-

213 2613 306 2660 cat
339 2611 402 2659 in
437 2609 696 2660 omnibus
730 2609 1006 2674 peccatis.
1080 2607 1188 2658 Sed
1231 2610 1281 2658 si
1328 2625 1429 2673 ego
1465 2623 1575 2658 non
1612 2605 1751 2656 seri·

209 2694 402 2744 berem
435 2693 600 2747 vobis
647 2707 750 2756 per
791 2692 1140 2756 superbiam,
1186 2692 1322 2737 tune
1368 2701 1547 2735 essem
1590 2679 1755 2730 vobis
