1942 3109
230 177 331 228 232
406 188 698 228 EPIBTOLAE
722 189 1088 226 OBSGVROBVU
1111 190 1374 226 vmonvu
1395 191 1574 227 imvm.
1627 188 1631 193 ’

228 295 531 346 notabilem
564 296 766 347 librum
802 309 965 360 quem
997 294 1174 346 vultis
1207 295 1498 345 intitulare
1523 294 1760 346 ‘Defen-

228 380 313 430 sio
347 379 575 432 Ioannis
596 381 957 445 Pepericorni
993 383 1187 431 contra
1221 380 1503 443 famosas’‚
1539 383 1598 430 et
1629 380 1758 431 vul·

228 465 301 513 tis
339 479 463 515 eum
496 464 631 515 dare
668 464 739 515 ad
773 467 1192 529 impressuramz
1229 467 1286 514 et
1319 464 1570 515 scribitis
1603 465 1756 527 quod

228 561 339 598 non
371 549 547 599 vultis
580 564 785 614 ponere
820 563 1020 599 nomen
1062 551 1335 612 vestrum,
1381 551 1439 598 et
1483 549 1754 613 cogitatis

229 631 374 694 quod
410 636 496 682 est
527 633 725 684 melius
760 633 1050 683 intitulare
1089 647 1212 682 eum
1235 647 1433 683 nomen
1455 632 1500 680 Ι.
1526 633 1588 681 P.
1616 634 1752 696 qnia

226 715 579 768 Pfefferkorn
625 733 736 767 non
782 721 943 768 curat
991 716 1136 766 talia
1187 720 1244 766 et
1295 732 1406 767 non
1461 717 1618 766 timet
1659 717 1750 766 Io-

225 782 466 850 hannem
499 801 773 852 Reuchlin
809 805 866 851 et
898 815 1029 851 suos
1067 800 1417 867 coherenteS‚
1453 801 1504 849 si
1537 799 1751 850 vellent

226 883 441 948 aliquid
476 899 801 951 componere
840 890 1034 935 contra
1069 899 1208 934 eum.
1283 883 1392 934 Sed
1424 883 1552 934 volo
1584 884 1748 934 vobis

224 981 391 1018 unum
437 968 591 1019 aliud
636 969 849 1020 dicere:
906 967 1051 1030 Quid
1093 968 1142 1019 si
1185 967 1462 1019 Reuchlin
1506 968 1748 1018 diceret:

224 1049 392 1103 ‘Ecce
435 1053 786 1104 Pfefferkorn
830 1067 941 1102 non
985 1051 1098 1102 scit
1140 1051 1402 1116 latinum,
1461 1067 1589 1116 ergo
1633 1067 1747 1102 non

224 1139 408 1199 potest
444 1137 744 1202 compilare
780 1137 949 1200 talia,
988 1135 1086 1186 sed
1121 1135 1392 1201 Theologi
1427 1135 1485 1185 in
1511 1134 1745 1188 Colonia

222 1223 282 1268 et
326 1219 593 1272 Ortvinus
648 1223 743 1284 qui
796 1225 881 1271 est
938 1224 1106 1284 poeta
1151 1235 1366 1284 eorum,
1413 1225 1748 1285 componunt

222 1302 367 1352 tales
391 1303 925 1365 scandalizationes,
954 1307 1012 1353 et
1031 1307 1232 1367 postea
1255 1303 1448 1354 dicunt
1471 1304 1745 1368 „Pfeffer-

222 1385 364 1436 kern
398 1388 652 1452 scripsit,
690 1403 790 1437 nos
822 1402 935 1437 non
970 1387 1374 1451 scripsimns'’?'
1443 1389 1590 1452 Ergo
1625 1390 1744 1440 vel·

222 1469 331 1518 lem
374 1470 519 1533 quod
565 1470 996 1520 considerabitis
1039 1472 1182 1522 bene
1229 1474 1360 1522 ante
1403 1473 1645 1523 factum:
1693 1475 1745 1529 si

220 1552 445 1603 velletis
498 1559 693 1618 postea
744 1569 951 1618 negare
1005 1554 1150 1617 quod
1204 1556 1544 1620 scripsistis,
1607 1560 1742 1606 tunc

219 1635 493 1688 Reuchlin
546 1642 741 1702 posset
786 1653 1122 1702 cognoscere
1164 1642 1406 1690 vestrum
1451 1641 1638 1690 stilum
1685 1645 1744 1690 et

220 1720 457 1783 probare
493 1721 640 1784 quod
673 1737 773 1772 vos
811 1723 1226 1786 composuistis,
1277 1727 1332 1772 et
1375 1725 1458 1774 sic
1491 1725 1740 1774 incurre-

218 1805 355 1854 retis
390 1805 731 1856 scandalum.
782 1810 839 1856 et
874 1805 1178 1870 perdonate
1215 1807 1348 1856 mihi
1385 1809 1518 1871 quia
1553 1810 1740 1860 scribo

220 1903 289 1936 ex
326 1903 527 1940 amore.
599 1890 819 1940 Valete.
888 1890 1096 1940 Datum
1131 1890 1492 1956 Margburgk.

934 2144 1018 2196 22.

332 2258 383 2316 (i
427 2255 780 2321 Io'docus
824 2255 1148 2344 Klynge
1191 2259 1611 2324 baclarius

486 2359 817 2424 Magistro
865 2362 1154 2414 Ortvino
1202 2363 1462 2413 Grati0.

314 2477 667 2529 Venerabilis
700 2480 811 2544 vir,
849 2480 1100 2542 quamvis
1137 2494 1256 2530 sum
1289 2483 1532 2532 remotus
1571 2496 1604 2530 a
1639 2497 1740 2532 vo·

210 2559 299 2609 bis
324 2562 716 2626 corporaliter,
752 2567 939 2612 tamen
962 2564 1186 2614 habetis
1210 2566 1355 2614 scire
1381 2564 1526 2628 quod
1552 2567 1740 2628 quoad

210 2648 449 2694 mentem
482 2660 700 2711 semper
732 2662 851 2698 sum
882 2648 1044 2700 vobis
1067 2649 1410 2714 propinquus
1435 2651 1738 2715 cogitando
1767 2692 1770 2694 v
