1942 3109
108 267 593 313 Lsuunn‘nonss
632 265 936 307 onscvnon.
962 270 1152 307 vmon.
1183 240 1498 319 [vanata]
1539 242 1641 303 253

191 376 543 441 Pamphagus
580 379 635 425 et
663 376 913 425 Dorceus
956 378 1012 424 et
1047 372 1346 437 Oribasus,
1392 370 1638 424 Arcades

296 442 308 457 ³
668 475 875 523 omnes,

191 546 697 609 Nebrophonosque
740 543 937 595 valens
988 545 1045 593 et
1089 545 1217 591 trux
1265 558 1388 593 cum
1429 540 1640 609 Lelape

664 629 899 691 Theron,

46 722 81 763 5
190 714 499 783 Hileusque
524 716 679 765 ferox
702 710 877 779 nuper
899 728 1196 779 percussus
1223 714 1292 764 ab
1321 728 1476 777 apro,

187 802 264 851 Et
286 802 466 851 niveis
490 801 739 863 Leucon,
766 803 821 849 et
844 800 1000 849 villis
1023 797 1264 848 Asbolus
1289 794 1474 860 atris].

40 863 46 952 f
113 885 337 936 Omitto
374 883 616 946 reliquos
654 884 750 946 qui
786 899 938 947 spem
974 896 1083 931 non
1125 883 1364 943 habent,
1397 881 1466 941 {et
1511 894 1644 944 quo-

111 982 241 1017 rum
280 964 471 1029 (sicuti
506 965 819 1029 stultorum)
845 965 1091 1016 infinitus
1129 970 1213 1015 est
1247 980 1520 1017 numerus,
1568 965 1646 1014 Hi

112 1050 330 1103 bellum
378 1035 573 1099 contra
618 1049 907 1114 theologos
947 1051 1130 1100 acturi
1167 1054 1312 1101 sunt.
1381 1050 1520 1099 Nam
1557 1063 1644 1098 ar-

40 1142 89 1181 ,ο
116 1135 414 1200 rogantia,
475 1135 818 1197 temeritate,
880 1134 1140 1185 convitiis
1187 1138 1242 1184 et
1284 1132 1645 1197 blasphemiis

110 1234 288 1287 pares
326 1220 435 1270 sibi
468 1218 652 1269 nullos
687 1218 914 1269 habent.
970 1218 1100 1268 Noli
1136 1219 1304 1282 igitur
1339 1217 1465 1281 plus
1503 1232 1644 1283 equo

112 1304 436 1356 lamentari.
505 1302 624 1367 Ego
660 1302 809 1352 inter
842 1316 1036 1351 saxum
1073 1305 1130 1351 et
1163 1316 1382 1351 sacrum
1427 1304 1540 1363 sto,
1589 1304 1645 1349 et

114 1404 191 1440 ex
237 1388 391 1438 fonte
424 1386 781 1455 Hypocrineo
824 1402 947 1436 sum
992 1387 1326 1437 infatuatum
1395 1385 1539 1437 Vale
1578 1400 1645 1434 ex

40 1541 42 1548 Ι
108 1470 467 1524 Libetridum
502 1471 771 1537 spelunca
805 1471 1193 1537 Nympharum.
1218 1467 1242 1537 ΙΙ

40 1717 42 1722 ·
840 1692 928 1745 32.

46 1724 91 1765 ’5
345 1774 396 1831 «1
438 1772 784 1835 Ioannes
828 1770 1421 1835 Lucibularius
1666 1792 1730 1843 1³4

40 1875 44 1952 ‚¹
382 1871 733 1939 Stephano
772 1871 1171 1924 Calvastrio
1211 1873 1285 1925 .S.
1321 1874 1393 1925 D.

222 1972 532 2024 Miserrime
578 1974 865 2025 nobiscum
911 1978 1152 2038 aguntur
1199 1975 1402 2023 omnia.
1457 1974 1644 2024 multi-

40 2049 42 2052 *
118 2058 355 2126 plicasti
389 2061 628 2123 gentem,
662 2055 765 2106 sed
797 2070 906 2107 non
940 2057 1214 2124 letitiam,
1253 2056 1456 2107 obsunt
1489 2057 1648 2107 nobis

38 2158 97 2199 20
118 2143 213 2193 illi
240 2138 339 2205 [(si
374 2142 481 2191 rite
514 2156 629 2191 rem
662 2142 845 2205 ipsam
879 2145 1224 2207 pertrectare
1259 2138 1646 2205 voluerimus„

122 2229 184 2277 et
238 2228 465 2289 prosunt
522 2226 679 2277 nihil.
770 2226 893 2277 Non
948 2226 1072 2277 vult
1127 2226 1334 2277 habere
1395 2224 1648 2291 Capnion

122 2305 471 2373 impudentes
518 2310 897 2373 sycophantas
948 2307 1058 2374 [sui
1091 2309 1431 2363 defensores,
1505 2309 1649 2373 Quid

40 2381 42 2410 ²
122 2392 339 2445 multa?
409 2392 537 2457 Ipse
581 2394 833 2457 receptui
879 2408 1080 2443 canere
1125 2392 1446 2457 iampridem
1481 2392 1650 2443 desti-

123 2478 260 2529 navi
287 2480 342 2528 et
365 2477 647 2529 meliorem
682 2492 847 2543 agere
870 2479 1073 2531 virum.
1103 2475 1349 2527 Valeant
1379 2476 1652 2541 ludiones,

40 2548 441 2627 ‘251ur0h0nes,
468 2560 812 2626 comedoneS,
844 2565 1087 2625 ventres,
1117 2561 1343 2625 bibesii,
1375 2563 1650 2629 canipete,

128 2646 447 2719 flagricibe,
504 2645 801 2715 predones,
866 2646 1296 2697 calumniatores
1321 2682 1338 2709 ,
1393 2646 1651 2711 parasiti,

130 2733 419 2795 gnatones,
454 2732 769 2796 flag-rioms,
806 2732 1038 2800 bucede,
1073 2728 1446 2798 plagipatide,
1481 2731 1650 2781 furci-
