1942 3109
452 205 586 240 vo1..
629 205 672 238 1.
750 197 816 238 18.
857 203 1031 238 riu-m
1070 203 1369 240 naucum.
1617 187 1679 238 51

875 356 972 416 18.

271 461 683 547 Magister
739 460 1033 524 Petrus
1079 459 1549 544 Negelinus.

699 581 954 632 Salutem
987 581 1128 632 dicit

415 685 771 751 Magistro
811 684 1107 735 Ortvino
1145 683 1409 734 Gratio.

245 823 520 885 Quamvis
567 820 736 871 valde
782 821 950 870 timeo
982 835 1107 870 esse
1145 820 1226 869 ita
1262 817 1473 882 audax,
1534 819 1683 885 quod

143 906 322 957 debeo
353 907 518 956 vobis
543 905 840 956 ostendere
864 920 1037 955 unum
1060 903 1339 954 dictamen
1363 920 1396 953 a
1420 921 1504 956 me
1532 918 1677 954 com-

141 993 410 1056 positum,
447 993 582 1056 quia
617 1006 720 1041 vos
757 991 894 1040 estis
917 989 1085 1041 valde
1111 989 1423 1039 artificialis
1448 990 1506 1038 111
1531 1005 1677 1039 com-

143 1078 431 1140 positione
475 1081 778 1127 metrorum
824 1079 883 1125 et
929 1074 1381 1124 dicte-minorum:
1430 1073 1541 1124 Sed
1574 1090 1678 1138 ego

149 1177 278 1212 sum
335 1164 484 1210 sicut
525 1161 796 1226 pusillu3‚
857 1162 914 1209 et
960 1161 1111 1209 sicut
1155 1159 1295 1208 dicit
1336 1159 1677 1209 Hieremias:

145 1245 242 1310 Ἃ,
293 1263 354 1311 a,
405 1262 466 1310 a,
504 1245 752 1309 domine,
789 1246 981 1296 nescio
1016 1243 1197 1308 loqui,
1236 1244 1367 1308 quia
1400 1259 1539 1310 puer
1573 1261 1675 1309 ego

139 1333 301 1382 sum'.
371 1331 627 1396 Namque
675 1346 776 1396 ego
823 1329 1065 1380 nondum
1100 1329 1277 1381 habeo
1312 1330 1515 1380 bonum
1550 1330 1677 1380 fun-

142 1417 499 1476 damentum,
560 1419 617 1465 et
661 1430 773 1466 non
815 1429 935 1466 sum
980 1414 1230 1480 perfecte
1276 1415 1583 1464 instructus
1618 1416 1679 1463 iu

142 1507 270 1552 arte
315 1501 539 1566 poetria
589 1503 647 1550 et
678 1499 999 1549 Rhetorica.
1070 1498 1331 1548 Attamen
1368 1499 1509 1564 quia
1536 1497 1676 1550 dixi-

139 1588 250 1637 stis
287 1587 448 1649 olim,
495 1583 644 1648 quod
678 1583 935 1652 deberem
968 1585 1130 1634 vobis
1167 1599 1492 1650 componere
1528 1585 1676 1634 omni

139 1671 308 1728 modo
341 1685 513 1720 unum
549 1685 771 1720 carmen
808 1673 864 1720 et
899 1670 1121 1720 mittere
1147 1669 1218 1719 ad
1239 1685 1360 1733 voe,
1398 1672 1531 1718 tunc
1555 1669 1672 1720 vel·

137 1756 278 1806 letis
313 1755 452 1804 mihi
486 1753 628 1804 illud
666 1752 978 1818 emendare,
1017 1758 1073 1803 et
1109 1753 1398 1806 ostendere
1424 1753 1521 1805 ubi
1546 1757 1677 1803 sunt

137 1841 318 1892 vitia:
365 1843 502 1890 tunc
546 1853 650 1904 ego
699 1840 946 1905 cogitavi
982 1853 1185 1904 nuper:
1233 1839 1403 1888 ‘Ecce
1439 1838 1551 1888 iste
1589 1842 1677 1890 est

137 1928 444 1992 preceptor
479 1927 628 1987 111115,
666 1926 723 1974 et
755 1925 900 1974 bene
937 1927 1101 1990 putat
1137 1928 1347 1986 tecum,
1388 1926 1445 1973 et
1480 1925 1543 1973 tu
1579 1921 1673 1971 de-

137 2010 308 2060 beres
355 2009 409 2059 ei
456 2007 699 2059 obedire.
770 2007 898 2072 Ipse
947 2009 1117 2058 etiam
1152 2011 1340 2074 potest
1363 2009 1418 2058 te
1455 2024 1672 2075 promo·

138 2109 274 2145 vere
311 2095 372 2144 in
407 2092 524 2156 his,
576 2099 633 2142 et
666 2093 726 2142 in
760 2093 1033 2143 omnibus.
1103 2092 1178 2140 Et
1211 2096 1273 2141 tu
1306 2091 1516 2156 poteris
1553 2108 1672 2146 cre-

143 2193 300 2230 scere
343 2179 403 2228 111
447 2177 672 2228 doctum
715 2177 925 2240 virum,
972 2177 1025 2227 si
1064 2177 1188 2227 vult
1232 2174 1481 2228 dominus
1518 2176 1673 2242 deus,

144 2267 200 2314 et
239 2266 432 2330 potest
471 2263 579 2313 tibi
621 2262 767 2312 bene
813 2260 1112 2311 succedere
1157 2262 1218 2311 111
1252 2262 1364 2311 tuis
1401 2264 1668 2328 negociis.

144 2348 287 2410 Quia
333 2347 543 2413 legitur
597 2346 658 2395 in
704 2361 762 2394 .1.
811 2344 956 2396 libro
999 2344 1238 2410 Regum:
1302 2345 1473 2410 „Plus
1517 2347 1673 2398 valet

142 2432 459 2484 obedientia
513 2445 685 2495 quam
726 2428 1038 2480 victima“.‘
1118 2431 1468 2494 Quapropter
1510 2433 1671 2482 mitto

143 2517 296 2568 vobis
341 2516 438 2566 hic
479 2531 654 2568 unum
697 2529 897 2580 poema
941 2529 1043 2579 per
1086 2529 1172 2564 me
1219 2513 1577 2579 compilatum
1608 2517 1671 2564 in

143 2600 356 2653 laudem
389 2602 584 2654 sancti
607 2599 770 2650 Petri
785 2593 810 2646 ε’
838 2602 894 2648 et
927 2613 1070 2649 unus
1097 2600 1439 2662 componinta
1464 2601 1561 2663 qui
1585 2602 1675 2649 est

139 2687 308 2740 bonus
343 2688 599 2740 musicus
634 2684 698 2734 in
735 2686 906 2732 cantu
929 2682 1143 2732 chorali
1168 2686 1224 2730 et
1246 2681 1488 2743 figurali,
1526 2697 1672 2728 com-

1297 2760 1374 2806 4*
