1942 3109
171 211 242 264 ω
308 225 684 262 Pnrnnlconm
703 225 941 262 DEFEHB·
963 222 1186 262 CONTRA
1207 221 1409 260 FAHOB.
1432 223 1484 260 0.
1498 222 1693 261 VAEPP.

171 330 256 382 bit
289 329 544 382 diabolus
581 330 905 394 candelam’‚
955 345 1025 379 ac
1058 329 1215 380 illius
1248 329 1529 394 proverbii
1572 345 1697 394 ger-

173 417 381 468 manici
421 415 753 467 recordabar
812 413 1087 468 ‘doctriua
1144 415 1289 466 facit
1344 417 1695 479 perversos'z

173 507 430 569 preterea
471 499 653 552 mente
703 515 828 552 mea
870 499 1165 552 volvebam
1224 499 1409 550 ‘estne
1453 499 1696 552 Ioannes

173 587 448 638 Reuchlin
482 590 642 654 tante
678 585 940 654 audacie,
990 585 1137 651 quod
1168 585 1415 638 Romano
1450 585 1697 650 hpera-

175 673 288 724 tori
333 673 686 738 apertissima
729 670 1023 722 mendacia
1070 674 1127 720 et
1166 671 1439 735 pessimos
1484 686 1694 722 errores

177 757 382 808 audeat
413 757 664 821 mittere,
699 757 873 807 multo
907 755 1089 821 magis
1126 755 1255 806 aliis
1290 756 1693 822 principibus¹?'

175 843 250 892 Et
285 841 470 892 omnia
505 855 613 908 que
651 840 970 892 audiveram
1008 856 1041 890 a
1075 840 1293 908 Iudeis,
1338 842 1534 892 rettuli
1578 843 1697 905 qui-

173 925 408 978 busdam
441 925 693 978 honestis
730 924 1042 976 christanis
1064 925 1369 992 Moguntie,
1406 925 1539 989 quid
1572 942 1701 977 nam

177 1011 413 1064 ulterius
469 1027 638 1078 agere
691 1011 983 1064 deberem?
1054 1012 1211 1061 Tunc
1256 1009 1569 1062 consultum
1614 1016 1705 1063 est

177 1097 328 1160 mihi,
367 1096 632 1160 quicquid
669 1111 853 1147 coram
886 1095 1253 1161 Imperatoria
1286 1097 1585 1147 maiestate
1608 1097 1697 1147 Io-

178 1182 392 1234 hannes
425 1178 703 1234 Beuchlin
745 1182 880 1232 mihi
923 1181 1071 1232 falso
1116 1181 1501 1246 imposuisset,
1556 1181 1703 1232 illud

178 1267 436 1320 deberem
470 1267 682 1318 diluere
721 1270 776 1318 et
810 1282 894 1318 me
929 1266 990 1316 in
1033 1266 1139 1317 hoc
1186 1267 1411 1331 scriptis
1457 1266 1703 1332 publicis

180 1367 476 1404 excusare:
536 1355 594 1402 et
635 1353 723 1402 sic
767 1351 1051 1416 composui
1096 1366 1164 1400 ac
1210 1349 1358 1400 edidi
1403 1349 1703 1418 Speculum

179 1437 438 1489 manuale
487 1439 680 1487 contra
725 1437 1065 1499 pravitatem
1108 1435 1399 1502 Iudeorum
1442 1436 1703 1502 Insuper-

181 1537 289 1586 que
327 1520 543 1584 aliquos
589 1518 818 1569 inutiles
866 1518 1133 1570 articulos
1178 1537 1247 1570 ex
1291 1521 1703 1573 consultatione

176 1605 488 1656 Reuchlina
513 1603 783 1669 excerpsi.
843 1607 902 1656 et
933 1603 1039 1671 hec
1076 1605 1260 1656 omnia
1296 1604 1367 1655 ad
1402 1605 1704 1658 defenden-

179 1690 308 1740 dum
341 1690 604 1740 honorem
637 1704 817 1739 meum
850 1689 910 1740 in
944 1690 1195 1740 manuali
1229 1689 1457 1755 speculo
1482 1691 1542 1742 in
1564 1694 1704 1742 scri-

178 1777 292 1842 ptis
328 1774 640 1841 publicavi,
685 1789 878 1825 verum
923 1773 991 1826 de
1029 1774 1438 1826 consultatione
1473 1775 1707 1828 Ioannis

177 1861 451 1912 Reuchlin
485 1860 699 1911 nullam
733 1859 950 1910 faciens
984 1861 1334 1910 mentionem.
1400 1859 1546 1923 quod
1582 1862 1707 1925 qui-

179 1945 302 1998 dem
358 1946 643 2012 speculum
697 1945 956 1997 manuale
1015 1945 1143 1994 misi
1182 1944 1383 1995 Ioanni
1426 1945 1709 1996 Reuchlin

181 2036 238 2082 et
271 2031 452 2084 obtuli
487 2034 538 2083 si
571 2033 732 2084 facta
769 2035 918 2083 esset
954 2031 1009 2082 ei
1032 2046 1065 2080 a
1090 2045 1175 2080 me
1210 2029 1435 2094 iniuria,
1470 2035 1705 2095 paratus

178 2118 412 2170 fuissem
435 2118 603 2167 sicuti
627 2116 807 2166 adhuc
831 2131 950 2166 sum
976 2117 1106 2164 ante
1124 2113 1425 2181 Cesar-eam
1439 2117 1711 2167 maiesta-

181 2205 292 2252 tem
325 2200 419 2252 vel
453 2199 851 2249 universitates
889 2201 989 2247 aut
1011 2198 1257 2267 heretice
1283 2199 1581 2265 pravitatis
1618 2201 1707 2252 in-

180 2285 504 2349 quisitorem
537 2284 597 2333 in
632 2284 884 2335 omnibus
929 2282 1071 2334 locis
1115 2283 1447 2349 respondere
1492 2286 1707 2336 omnia·

181 2385 286 2435 que
321 2369 556 2434 probare
591 2383 770 2433 usque
807 2368 878 2420 ad
913 2369 1114 2434 ignem.

296 2445 349 2504 ΙΙ
401 2453 476 2502 Et
530 2452 632 2504 illo
687 2454 876 2506 eodem
919 2459 1165 2520 tempore
1209 2455 1294 2505 fui
1337 2455 1397 2506 in
1440 2453 1705 2506 nundinis

179 2535 794 2588 Franckfordiensibus.
853 2543 992 2590 tunc
1013 2539 1213 2588 iterum
1235 2539 1389 2588 misit
1412 2540 1705 2604 gratiosis-

65 2616 160 2680 πῇ
181 2621 350 2671 simus
367 2620 618 2670 dominus
637 2636 791 2672 meus
809 2621 1167 2688 Moguntinus
1184 2622 1255 2673 ad
1272 2637 1359 2673 me
1390 2621 1399 2687 Ι
1428 2625 1491 2674 ut
1510 2637 1703 2687 quam·

181 2705 414 2764 primum
457 2705 704 2756 venirem
747 2705 818 2754 ad
865 2721 952 2770 se,
1001 2711 1057 2756 et
1098 2706 1385 2772 proposuit
1432 2707 1703 2770 quomodo
