1942 3109
121 256 621 297 niutan-rumam
660 253 963 290 osscvnon.
990 252 1182 289 vmon.
1211 232 1522 302 [vannum]
1565 234 1666 285 235

121 365 283 425 tuis,
348 377 452 411 nec
497 364 583 409 est
628 360 728 409 sub
777 359 907 408 orbe
955 357 1140 406 lunari
1183 355 1369 417 h0m0‚
1431 354 1524 417 qui
1569 356 1666 401 tua

127 447 329 513 possit
376 445 511 495 mali
557 442 863 493 consulere.
932 442 1093 491 Felix
1150 441 1246 503 qui
1288 439 1428 487 nihil
1483 438 1663 487 debet.

131 534 266 598 Que
317 529 567 593 dubitas,
628 544 696 578 ne
742 528 960 577 feceris⁸
1031 526 1142 574 Hic
1197 525 1342 574 enim
1389 522 1668 588 Coryceus

131 619 256 678 est,
310 615 405 678 qui
452 614 575 679 plus
621 628 762 680 equo
810 610 879 660 ad
924 626 1039 660 rem
1086 608 1380 657 auscultat.
1456 605 1670 665 [Lauda

78 718 106 754 5
137 700 322 765 igitur
366 714 563 764 parce,
612 700 671 746 at
706 697 929 761 parcius
964 688 1262 757 vitupera.]
1333 692 1450 756 Ego
1487 695 1673 738 tamen

135 786 281 848 quia
330 800 448 835 sum
493 782 757 847 Pompilii
802 780 1013 830 circulo
1061 781 1280 845 septuS,
1339 777 1533 840 paucis
1570 774 1674 823 tibi

134 868 485 931 respondere
541 867 713 918 volui.
790 864 950 915 Vale.
1021 863 1106 911 Ex
1163 861 1536 924 Noremberga
1597 856 1676 922 [et

143 949 462 998 Cimmeriis
518 954 573 997 te
630 934 843 1012 semfier
900 948 1146 997 tenebris
1183 942 1447 1006 involve}
1517 942 1675 991 Anno

144 1047 261 1095 quo
299 1047 485 1097 supra.

70 1220 123 1259 ιο
879 1199 956 1250 19.

261 1286 314 1343 (l
360 1281 869 1347 Guilhelmus
914 1280 1579 1367 Capniolambius

220 1386 529 1455 Mattheo
566 1386 1023 1437 Mellilambio
1062 1385 1312 1453 canicide
1353 1384 1426 1436 .S.
1453 1386 1516 1437 P.
1541 1385 1607 1434 D.

256 1466 577 1537 Complures
614 1470 748 1520 mihi
784 1472 1111 1536 retulerunt,
1147 1471 1233 1522 vir
1268 1468 1677 1531 humanissime,

147 1556 411 1607 Ioannem
449 1556 721 1607 Reuchlin
755 1557 965 1622 Legum
1013 1556 1291 1607 doctorem
1325 1556 1489 1607 valde
1535 1556 1676 1606 bene

72 1648 127 1686 15
153 1645 211 1688 et
247 1656 367 1689 eum
403 1642 657 1691 maximis
693 1642 994 1692 honoribus
1031 1642 1088 1690 in
1123 1641 1259 1691 urbe
1295 1656 1523 1691 romana
1550 1656 1676 1689 con-

154 1728 246 1770 tra
280 1723 567 1787 theologos
594 1723 954 1775 colonienses
992 1729 1161 1775 stare.
1207 1726 1313 1774 hoc
1349 1729 1536 1774 tamen
1573 1739 1674 1788 ego

159 1804 377 1853 credere
414 1819 766 1867 nequaquam
801 1824 1041 1871 possum.
1093 1810 1235 1859 Nam
1272 1810 1320 1856 si
1355 1806 1672 1873 Stutgardie

164 1886 331 1951 [apud
358 1885 589 1953 Suevos]
629 1888 874 1941 feliciter
909 1891 1152 1955 habitat,
1191 1895 1246 1942 et
1281 1892 1360 1941 ibi
1396 1892 1452 1941 in
1489 1890 1674 1959 letitia

155 1971 321 2035 vivit,
369 1986 479 2021 non
524 1975 709 2036 potest
751 1978 900 2025 stare
944 1976 1005 2024 in
1051 1976 1186 2024 urbe
1221 1990 1464 2023 romana.
1538 1976 1674 2038 Quis

80 2066 137 2107 20
160 2056 300 2106 enim
334 2056 391 2105 in
424 2072 534 2106 uno
572 2059 628 2105 et
664 2055 854 2106 eodem
890 2058 1014 2109 loco
1051 2056 1216 2108 simul
1253 2062 1308 2107 et
1343 2059 1514 2109 semel
1551 2075 1672 2109 esse

159 2141 378 2203 posset?
430 2139 584 2190 Nihil
621 2140 807 2206 affers,
842 2140 988 2193 filius
1027 2159 1086 2193 es
1123 2146 1288 2210 terre,
1325 2143 1673 2209 lapidemque

160 2222 395 2288 mordes,
441 2229 497 2275 et
531 2226 832 2299 sanpientia
865 2230 925 2278 in
958 2229 1150 2295 primis
1188 2233 1284 2279 tua
1321 2229 1450 2279 vino
1487 2228 1674 2279 obum-
1706 2231 1756 2282 bi

160 2309 363 2359 bratur.
444 2310 603 2360 Vale.
684 2312 771 2361 Ex
836 2313 1234 2376 Francfordia‚
1301 2317 1361 2363 in
1427 2314 1672 2378 profesto

162 2394 433 2443 Pontiani.

226 2586 248 2617 ⁷
277 2588 645 2653 No2enberga.
673 2591 723 2638 2.
829 2586 893 2620 8³³
929 2586 1088 2635 Anno
1115 2601 1221 2649 quo
1255 2602 1421 2651 supra
1455 2588 1592 2640 omis.
1619 2590 1670 2641 2.

166 2651 206 2685 ¹²
243 2657 502 2709 canicide.
539 2673 639 2707 non
683 2656 835 2706 habet
870 2659 920 2708 1.
1060 2653 1102 2686 ¹⁶
1141 2652 1406 2705 Colonie'fi
1443 2658 1584 2706 omis,
1619 2659 1671 2707 2.

164 2720 206 2752 ²³
240 2721 318 2770 Ex
340 2724 706 2778 Francfordia
731 2726 1008 2774 tutissimo
1033 2722 1238 2780 Iudeo2f
1264 2728 1437 2788 poztu.
1463 2728 1517 2775 2.
