1942 3109
120 244 456 283 COLOHIBNS·
484 242 724 279 BEVCHL.
751 242 1160 278 nnrnnsmnnx
1185 240 1530 278 unionum.
1565 222 1634 278 93

121 350 317 402 dentes
362 363 494 399 vero
536 348 724 399 verius
776 350 1152 413 cognoverunt
1209 345 1463 396 libellum
1511 362 1632 397 esne

121 448 375 500 sparsum
410 432 597 498 multis
642 431 990 483 scandalosis
1036 432 1403 482 sermonibus:
1449 434 1504 480 et
1551 431 1638 480 fa-

120 535 254 570 vore
300 516 625 582 perfidorum
664 516 957 585 Iudeorum
1004 520 1197 567 contra
1242 516 1415 566 bonos
1461 530 1639 564 mores

123 605 475 654 honestatem
506 602 753 669 Romane
790 601 1059 667 ecclesie:
1104 615 1214 650 non
1263 600 1493 650 attentis
1541 614 1640 664 per

122 692 343 739 nostros
380 686 635 739 doctores
672 685 791 737 suis
828 685 1031 751 glossis
1077 687 1137 735 in
1185 684 1338 735 calce
1385 684 1517 733 libri
1553 698 1640 732 sa-

121 772 197 823 tis
235 772 496 824 debiliter
533 772 823 838 appositis.
897 769 1056 835 Quod
1091 772 1141 820 si
1176 770 1280 820 hoc
1317 764 1533 833 aliquid
1572 767 1642 818 ad

122 872 237 908 rem
272 858 489 908 faceret
524 856 669 921 quod
706 856 911 920 aliquis
948 855 1326 921 deprehensus
1378 857 1434 905 et
1479 856 1640 903 nota·

122 945 215 989 tus
250 942 309 989 in
346 941 536 1003 aliquo
561 940 854 1002 maleficio,
888 940 1032 991 velit
1054 940 1242 991 facere
1270 939 1640 1003 glossemata:

123 1028 261 1073 tunc
294 1024 533 1074 omnium
566 1023 746 1073 furum
778 1022 1050 1087 pessimus
1087 1038 1157 1073 ac
1201 1023 1371 1073 etiam
1413 1020 1644 1072 tradito-

124 1122 215 1157 res
252 1122 409 1158 suam
444 1108 751 1173 nequitiam
787 1109 847 1157 in
880 1108 1081 1159 bonam
1113 1111 1350 1173 partem·
1375 1120 1646 1171 exponere

123 1196 382 1257 possent,
432 1197 491 1243 et
535 1195 617 1242 sie
661 1207 945 1256 nunquam
993 1196 1141 1243 esset
1186 1191 1410 1257 iusticie
1449 1206 1645 1242 execu-

124 1277 224 1325 tio.
295 1276 500 1326 Verum
536 1276 832 1340 enimvero,
870 1276 1161 1341 scripserit
1193 1276 1314 1341 ipse
1354 1274 1647 1338 quomodo-

128 1372 346 1427 cunque
396 1361 711 1425 scripserit,
772 1362 931 1413 fuere
975 1362 1122 1413 inter
1165 1360 1308 1411 alios
1363 1360 1647 1427 seculares

126 1443 505 1510 predicatores
544 1448 601 1495 et
633 1446 923 1513 presertim
959 1445 1152 1497 doctor
1187 1444 1472 1496 conradus
1521 1460 1648 1513 pre·

124 1531 441 1580 nominatus
477 1530 536 1579 in
576 1530 837 1582 continuo
874 1531 1088 1597 labore,
1123 1530 1392 1596 quomodo
1429 1531 1646 1596 possint

126 1614 395 1665 Ioannem
428 1614 704 1666 Reuchlin
740 1615 1018 1668 commode
1057 1630 1277 1680 eruere,
1315 1618 1374 1667 et
1408 1618 1642 1665 maxime

128 1712 252 1747 cum
286 1698 409 1763 ipse
446 1698 503 1745 in
538 1698 743 1749 litteris
780 1702 895 1749 suis
931 1701 1216 1766 premissis
1243 1701 1548 1765 scripserit,
1586 1714 1644 1749 se

128 1782 640 1847 obtemperaturum
678 1798 839 1850 sacre
873 1782 1120 1851 Romane
1159 1783 1396 1850 ecclesie
1435 1787 1492 1833 et
1525 1784 1646 1832 uni-

126 1863 391 1913 versitati
430 1866 772 1917 Coloniensi.
847 1858 901 1916 (I
936 1868 1056 1933 Ego
1093 1868 1266 1934 igitur
1299 1882 1399 1933 per
1431 1867 1647 1917 immor·

128 1946 303 1995 talem
340 1946 461 1997 iuro
498 1945 675 2010 deum,
713 1950 858 2010 quod
895 1966 1084 1999 omnes
1119 1951 1272 2000 docti
1306 1956 1362 1999 et
1396 1951 1648 2017 predica-

128 2036 277 2080 tores
316 2030 715 2082 condoluerunt
748 2031 947 2080 Ioanni
980 2032 1256 2082 Reuehlin
1304 2038 1527 2097 propter
1562 2050 1646 2083 se-

128 2116 279 2163 nium
318 2120 375 2163 et
412 2114 776 2165 eruditionem
812 2130 988 2179 suam,
1026 2131 1136 2180 qna
1172 2115 1316 2166 male
1355 2119 1477 2166 erat
1499 2130 1648 2182 usus,

130 2212 241 2261 quo
309 2201 477 2261 paeto
534 2199 749 2263 possint
818 2201 1066 2252 invenire
1124 2202 1275 2253 viam
1333 2204 1396 2251 ut
1455 2206 1648 2253 contra

130 2294 288 2333 snam
314 2295 604 2345 personam
636 2284 778 2335 nihil
814 2291 1064 2351 agerent,
1101 2286 1200 2337 sed
1223 2287 1400 2338 solum
1425 2286 1497 2338 ad
1521 2302 1648 2353 sup-

127 2364 415 2433 primenda
454 2366 523 2417 ob
566 2366 829 2418 honorem
878 2372 1118 2438 ecclesie
1167 2371 1498 2422 scandaloso,
1545 2388 1647 2423 sna

136 2450 379 2515 scripta:
450 2454 507 2500 et
575 2457 868 2517 propterea
926 2456 1196 2505 miserunt
1255 2456 1325 2506 ad
1380 2457 1647 2508 Ioannem

134 2534 408 2585 Reuchlin
456 2532 833 2588 Christianam
878 2538 1303 2591 instructionem
1350 2545 1406 2591 et
1449 2542 1645 2593 adhor-

130 2618 363 2669 tatorias
402 2619 621 2674 litteras
657 2622 745 2673 his
780 2626 967 2676 verbis
1003 2626 1486 2689 subsequentibus.
