<?xml version="1.0" encoding="UTF-8"?>
<!DOCTYPE html PUBLIC "-//W3C//DTD XHTML 1.0 Transitional//EN"
    "http://www.w3.org/TR/xhtml1/DTD/xhtml1-transitional.dtd">
<html xmlns="http://www.w3.org/1999/xhtml" xml:lang="en" lang="en">
 <head>
  <title>
</title>
<meta http-equiv="Content-Type" content="text/html;charset=utf-8" />
  <meta name='ocr-system' content='tesseract 3.04.00' />
  <meta name='ocr-capabilities' content='ocr_page ocr_carea ocr_par ocr_line ocrx_word'/>
</head>
<body>
  <div class='ocr_page' id='page_1' title='image "./epistolaeobscur00huttgoog_0622.png"; bbox 0 0 1942 3109; ppageno 0'>
   <div class='ocr_carea' id='block_1_1' title="bbox 179 247 1701 303">
    <p class='ocr_par' dir='ltr' id='par_1_1' title="bbox 179 247 1701 303">
     <span class='ocr_line' id='line_1_1' title="bbox 179 247 1701 303; baseline 0.001 -2"><span class='ocrx_word' id='word_1_1' title='bbox 179 247 656 302; x_wconf 58' lang='lat' dir='ltr'><strong>svxuaajnnoenn</strong></span> <span class='ocrx_word' id='word_1_2' title='bbox 671 263 979 302; x_wconf 51' lang='lat' dir='ltr'><strong>sunnam</strong></span> <span class='ocrx_word' id='word_1_3' title='bbox 1003 264 1242 301; x_wconf 69' lang='lat' dir='ltr'><strong>navem„</strong></span> <span class='ocrx_word' id='word_1_4' title='bbox 1266 264 1567 302; x_wconf 61' lang='lat' dir='ltr'><strong>memoro.</strong></span> <span class='ocrx_word' id='word_1_5' title='bbox 1607 250 1701 303; x_wconf 79' lang='lat'><strong>161</strong></span> 
     </span>
    </p>
   </div>
   <div class='ocr_carea' id='block_1_2' title="bbox 125 369 1707 2730">
    <p class='ocr_par' dir='ltr' id='par_1_2' title="bbox 125 369 1707 2730">
     <span class='ocr_line' id='line_1_2' title="bbox 175 369 1705 438; baseline 0.001 -19"><span class='ocrx_word' id='word_1_6' title='bbox 175 370 511 420; x_wconf 83' lang='lat' dir='ltr'><strong>mentionem</strong></span> <span class='ocrx_word' id='word_1_7' title='bbox 544 384 630 420; x_wconf 88' lang='lat' dir='ltr'><strong>mc</strong></span> <span class='ocrx_word' id='word_1_8' title='bbox 664 370 854 421; x_wconf 82' lang='lat' dir='ltr'><strong>facere</strong></span> <span class='ocrx_word' id='word_1_9' title='bbox 891 373 1112 435; x_wconf 75' lang='lat' dir='ltr'><strong>oportet</strong></span> <span class='ocrx_word' id='word_1_10' title='bbox 1144 369 1300 421; x_wconf 85' lang='lat' dir='ltr'><strong>illius</strong></span> <span class='ocrx_word' id='word_1_11' title='bbox 1338 370 1577 438; x_wconf 77' lang='lat' dir='ltr'><strong>epistole</strong></span> <span class='ocrx_word' id='word_1_12' title='bbox 1620 372 1705 421; x_wconf 86' lang='lat' dir='ltr'><strong>in-</strong></span> 
     </span>
     <span class='ocr_line' id='line_1_3' title="bbox 175 454 1705 519; baseline 0.001 -15"><span class='ocrx_word' id='word_1_13' title='bbox 175 454 343 504; x_wconf 84' lang='lat' dir='ltr'><strong>famis</strong></span> <span class='ocrx_word' id='word_1_14' title='bbox 365 468 532 519; x_wconf 83' lang='lat' dir='ltr'><strong>quam</strong></span> <span class='ocrx_word' id='word_1_15' title='bbox 547 454 1045 519; x_wconf 81' lang='lat' dir='ltr'><strong>Parrhysiensibus</strong></span> <span class='ocrx_word' id='word_1_16' title='bbox 1063 455 1233 519; x_wconf 76' lang='lat' dir='ltr'><strong>misIt,</strong></span> <span class='ocrx_word' id='word_1_17' title='bbox 1256 454 1359 505; x_wconf 88' lang='lat' dir='ltr'><strong>deo</strong></span> <span class='ocrx_word' id='word_1_18' title='bbox 1378 469 1449 505; x_wconf 81' lang='lat' dir='ltr'><strong>ac</strong></span> <span class='ocrx_word' id='word_1_19' title='bbox 1472 454 1705 505; x_wconf 85' lang='lat' dir='ltr'><strong>homini·</strong></span> 
     </span>
     <span class='ocr_line' id='line_1_4' title="bbox 178 538 1703 605; baseline 0.001 -16"><span class='ocrx_word' id='word_1_20' title='bbox 178 539 282 590; x_wconf 90' lang='lat' dir='ltr'><strong>bus</strong></span> <span class='ocrx_word' id='word_1_21' title='bbox 321 554 390 591; x_wconf 89' lang='lat' dir='ltr'><strong>ac</strong></span> <span class='ocrx_word' id='word_1_22' title='bbox 423 539 559 589; x_wconf 88' lang='lat' dir='ltr'><strong>mihi</strong></span> <span class='ocrx_word' id='word_1_23' title='bbox 591 538 816 591; x_wconf 82' lang='lat' dir='ltr'><strong>tandem</strong></span> <span class='ocrx_word' id='word_1_24' title='bbox 839 554 938 605; x_wconf 88' lang='lat' dir='ltr'><strong>per</strong></span> <span class='ocrx_word' id='word_1_25' title='bbox 974 540 1193 604; x_wconf 77' lang='lat' dir='ltr'><strong>aliquot</strong></span> <span class='ocrx_word' id='word_1_26' title='bbox 1230 540 1488 591; x_wconf 86' lang='lat' dir='ltr'><strong>convicia</strong></span> <span class='ocrx_word' id='word_1_27' title='bbox 1514 545 1570 590; x_wconf 89' lang='lat' dir='ltr'><strong>et</strong></span> <span class='ocrx_word' id='word_1_28' title='bbox 1594 540 1703 590; x_wconf 80' lang='lat' dir='ltr'><strong>fal-</strong></span> 
     </span>
     <span class='ocr_line' id='line_1_5' title="bbox 177 624 1705 691; baseline 0 -16"><span class='ocrx_word' id='word_1_29' title='bbox 177 639 270 675; x_wconf 86' lang='lat' dir='ltr'><strong>sas</strong></span> <span class='ocrx_word' id='word_1_30' title='bbox 306 625 697 690; x_wconf 77' lang='lat' dir='ltr'><strong>persuasiones</strong></span> <span class='ocrx_word' id='word_1_31' title='bbox 734 625 1054 689; x_wconf 85' lang='lat' dir='ltr'><strong>turpissime</strong></span> <span class='ocrx_word' id='word_1_32' title='bbox 1090 624 1397 675; x_wconf 85' lang='lat' dir='ltr'><strong>illudentis.</strong></span> <span class='ocrx_word' id='word_1_33' title='bbox 1467 625 1705 691; x_wconf 88' lang='lat' dir='ltr'><strong>Impres-</strong></span> 
     </span>
     <span class='ocr_line' id='line_1_6' title="bbox 175 708 1703 777; baseline -0.001 -17"><span class='ocrx_word' id='word_1_34' title='bbox 175 724 272 760; x_wconf 89' lang='lat' dir='ltr'><strong>sus</strong></span> <span class='ocrx_word' id='word_1_35' title='bbox 297 710 467 761; x_wconf 74' lang='lat' dir='ltr'><strong>etiam</strong></span> <span class='ocrx_word' id='word_1_36' title='bbox 493 711 580 761; x_wconf 86' lang='lat' dir='ltr'><strong>est</strong></span> <span class='ocrx_word' id='word_1_37' title='bbox 603 708 890 777; x_wconf 76' lang='lat' dir='ltr'><strong>Moguntie</strong></span> <span class='ocrx_word' id='word_1_38' title='bbox 915 708 1147 760; x_wconf 87' lang='lat' dir='ltr'><strong>libellus</strong></span> <span class='ocrx_word' id='word_1_39' title='bbox 1174 712 1369 761; x_wconf 83' lang='lat' dir='ltr'><strong>contra</strong></span> <span class='ocrx_word' id='word_1_40' title='bbox 1392 708 1703 760; x_wconf 84' lang='lat' dir='ltr'><strong>maleficum</strong></span> 
     </span>
     <span class='ocr_line' id='line_1_7' title="bbox 175 794 1705 860; baseline -0.001 -15"><span class='ocrx_word' id='word_1_41' title='bbox 175 799 403 847; x_wconf 82' lang='lat' dir='ltr'><strong>auctore</strong></span> <span class='ocrx_word' id='word_1_42' title='bbox 439 795 634 847; x_wconf 86' lang='lat' dir='ltr'><strong>Ulrico</strong></span> <span class='ocrx_word' id='word_1_43' title='bbox 669 794 920 847; x_wconf 82' lang='lat' dir='ltr'><strong>Hutteno</strong></span> <span class='ocrx_word' id='word_1_44' title='bbox 957 795 1087 860; x_wconf 81' lang='lat' dir='ltr'><strong>igne</strong></span> <span class='ocrx_word' id='word_1_45' title='bbox 1125 799 1401 858; x_wconf 81' lang='lat' dir='ltr'><strong>exustum,</strong></span> <span class='ocrx_word' id='word_1_46' title='bbox 1449 796 1507 845; x_wconf 91' lang='lat' dir='ltr'><strong>in</strong></span> <span class='ocrx_word' id='word_1_47' title='bbox 1546 795 1705 843; x_wconf 86' lang='lat' dir='ltr'><strong>cuius</strong></span> 
     </span>
     <span class='ocr_line' id='line_1_8' title="bbox 175 880 1707 948; baseline 0 -19"><span class='ocrx_word' id='word_1_48' title='bbox 175 880 488 947; x_wconf 74' lang='lat' dir='ltr'><strong>prefatione</strong></span> <span class='ocrx_word' id='word_1_49' title='bbox 545 884 603 930; x_wconf 89' lang='lat' dir='ltr'><strong>et</strong></span> <span class='ocrx_word' id='word_1_50' title='bbox 645 880 782 929; x_wconf 85' lang='lat' dir='ltr'><strong>mihi</strong></span> <span class='ocrx_word' id='word_1_51' title='bbox 837 884 894 931; x_wconf 89' lang='lat' dir='ltr'><strong>et</strong></span> <span class='ocrx_word' id='word_1_52' title='bbox 959 881 1219 947; x_wconf 71' lang='lat' dir='ltr'><strong>prosapie</strong></span> <span class='ocrx_word' id='word_1_53' title='bbox 1266 896 1385 948; x_wconf 77' lang='lat' dir='ltr'><strong>mee</strong></span> <span class='ocrx_word' id='word_1_54' title='bbox 1432 880 1707 931; x_wconf 89' lang='lat' dir='ltr'><strong>immerito</strong></span> 
     </span>
     <span class='ocr_line' id='line_1_9' title="bbox 173 962 1703 1029; baseline 0.001 -16"><span class='ocrx_word' id='word_1_55' title='bbox 173 962 546 1014; x_wconf 78' lang='lat' dir='ltr'><strong>maledicitur.</strong></span> <span class='ocrx_word' id='word_1_56' title='bbox 621 964 806 1015; x_wconf 86' lang='lat' dir='ltr'><strong>Tanta</strong></span> <span class='ocrx_word' id='word_1_57' title='bbox 841 978 989 1013; x_wconf 92' lang='lat' dir='ltr'><strong>nunc</strong></span> <span class='ocrx_word' id='word_1_58' title='bbox 1028 969 1114 1014; x_wconf 88' lang='lat' dir='ltr'><strong>est</strong></span> <span class='ocrx_word' id='word_1_59' title='bbox 1148 963 1492 1028; x_wconf 84' lang='lat' dir='ltr'><strong>quorundam</strong></span> <span class='ocrx_word' id='word_1_60' title='bbox 1539 965 1703 1029; x_wconf 83' lang='lat' dir='ltr'><strong>proh·</strong></span> 
     </span>
     <span class='ocr_line' id='line_1_10' title="bbox 174 1047 1705 1113; baseline 0.001 -16"><span class='ocrx_word' id='word_1_61' title='bbox 174 1048 332 1099; x_wconf 82' lang='lat' dir='ltr'><strong>dolor</strong></span> <span class='ocrx_word' id='word_1_62' title='bbox 385 1047 592 1113; x_wconf 87' lang='lat' dir='ltr'><strong>pseudo</strong></span> <span class='ocrx_word' id='word_1_63' title='bbox 651 1048 1077 1099; x_wconf 84' lang='lat' dir='ltr'><strong>christianorum</strong></span> <span class='ocrx_word' id='word_1_64' title='bbox 1131 1048 1364 1112; x_wconf 85' lang='lat' dir='ltr'><strong>levitas,</strong></span> <span class='ocrx_word' id='word_1_65' title='bbox 1430 1052 1705 1112; x_wconf 86' lang='lat' dir='ltr'><strong>tantaque</strong></span> 
     </span>
     <span class='ocr_line' id='line_1_11' title="bbox 173 1124 1701 1201; baseline -0.001 -18"><span class='ocrx_word' id='word_1_66' title='bbox 173 1132 473 1201; x_wconf 76' lang='lat' dir='ltr'><strong>orthodoxe</strong></span> <span class='ocrx_word' id='word_1_67' title='bbox 508 1132 638 1184; x_wconf 87' lang='lat' dir='ltr'><strong>fidei</strong></span> <span class='ocrx_word' id='word_1_68' title='bbox 662 1132 1009 1199; x_wconf 75' lang='lat' dir='ltr'><strong>degenerans</strong></span> <span class='ocrx_word' id='word_1_69' title='bbox 1035 1132 1273 1184; x_wconf 86' lang='lat' dir='ltr'><strong>audacia</strong></span> <span class='ocrx_word' id='word_1_70' title='bbox 1301 1137 1374 1183; x_wconf 85' lang='lat' dir='ltr'><strong>.et</strong></span> <span class='ocrx_word' id='word_1_71' title='bbox 1401 1149 1449 1183; x_wconf 88' lang='lat' dir='ltr'><strong>c.</strong></span> <span class='ocrx_word' id='word_1_72' title='bbox 1526 1124 1577 1182; x_wconf 70' lang='lat' dir='ltr'><strong>(I</strong></span> <span class='ocrx_word' id='word_1_73' title='bbox 1610 1133 1701 1183; x_wconf 89' lang='lat' dir='ltr'><strong>In-</strong></span> 
     </span>
     <span class='ocr_line' id='line_1_12' title="bbox 173 1216 1701 1283; baseline 0.002 -17"><span class='ocrx_word' id='word_1_74' title='bbox 173 1222 438 1269; x_wconf 86' lang='lat' dir='ltr'><strong>tueantur</strong></span> <span class='ocrx_word' id='word_1_75' title='bbox 485 1232 634 1267; x_wconf 88' lang='lat' dir='ltr'><strong>nunc</strong></span> <span class='ocrx_word' id='word_1_76' title='bbox 679 1216 989 1268; x_wconf 80' lang='lat' dir='ltr'><strong>Christiani</strong></span> <span class='ocrx_word' id='word_1_77' title='bbox 1032 1234 1221 1269; x_wconf 88' lang='lat' dir='ltr'><strong>omnes</strong></span> <span class='ocrx_word' id='word_1_78' title='bbox 1275 1232 1439 1283; x_wconf 88' lang='lat' dir='ltr'><strong>quam</strong></span> <span class='ocrx_word' id='word_1_79' title='bbox 1494 1219 1701 1269; x_wconf 83' lang='lat' dir='ltr'><strong>iniuste</strong></span> 
     </span>
     <span class='ocr_line' id='line_1_13' title="bbox 171 1298 1703 1369; baseline 0 -18"><span class='ocrx_word' id='word_1_80' title='bbox 171 1302 414 1353; x_wconf 85' lang='lat' dir='ltr'><strong>Ioannes</strong></span> <span class='ocrx_word' id='word_1_81' title='bbox 447 1302 724 1353; x_wconf 84' lang='lat' dir='ltr'><strong>Reuchlin</strong></span> <span class='ocrx_word' id='word_1_82' title='bbox 771 1306 828 1353; x_wconf 88' lang='lat' dir='ltr'><strong>et</strong></span> <span class='ocrx_word' id='word_1_83' title='bbox 873 1306 1069 1353; x_wconf 86' lang='lat' dir='ltr'><strong>contra</strong></span> <span class='ocrx_word' id='word_1_84' title='bbox 1106 1298 1349 1369; x_wconf 71' lang='lat' dir='ltr'><strong>cesaree</strong></span> <span class='ocrx_word' id='word_1_85' title='bbox 1383 1302 1703 1353; x_wconf 80' lang='lat' dir='ltr'><strong>Maiestatis</strong></span> 
     </span>
     <span class='ocr_line' id='line_1_14' title="bbox 171 1386 1705 1453; baseline 0.001 -17"><span class='ocrx_word' id='word_1_86' title='bbox 171 1386 520 1452; x_wconf 85' lang='lat' dir='ltr'><strong>mandatum,</strong></span> <span class='ocrx_word' id='word_1_87' title='bbox 568 1394 682 1438; x_wconf 88' lang='lat' dir='ltr'><strong>tam</strong></span> <span class='ocrx_word' id='word_1_88' title='bbox 727 1404 827 1453; x_wconf 86' lang='lat' dir='ltr'><strong>per</strong></span> <span class='ocrx_word' id='word_1_89' title='bbox 871 1403 932 1438; x_wconf 90' lang='lat' dir='ltr'><strong>se</strong></span> <span class='ocrx_word' id='word_1_90' title='bbox 980 1402 1145 1452; x_wconf 82' lang='lat' dir='ltr'><strong>quam</strong></span> <span class='ocrx_word' id='word_1_91' title='bbox 1188 1402 1288 1452; x_wconf 89' lang='lat' dir='ltr'><strong>per</strong></span> <span class='ocrx_word' id='word_1_92' title='bbox 1322 1402 1478 1453; x_wconf 83' lang='lat' dir='ltr'><strong>suos,</strong></span> <span class='ocrx_word' id='word_1_93' title='bbox 1523 1401 1609 1437; x_wconf 89' lang='lat' dir='ltr'><strong>me</strong></span> <span class='ocrx_word' id='word_1_94' title='bbox 1642 1388 1705 1437; x_wconf 87' lang='lat' dir='ltr'><strong>in</strong></span> 
     </span>
     <span class='ocr_line' id='line_1_15' title="bbox 171 1470 1702 1539; baseline -0.001 -17"><span class='ocrx_word' id='word_1_95' title='bbox 171 1474 392 1523; x_wconf 82' lang='lat' dir='ltr'><strong>cunctis</strong></span> <span class='ocrx_word' id='word_1_96' title='bbox 439 1472 787 1525; x_wconf 81' lang='lat' dir='ltr'><strong>obedientem</strong></span> <span class='ocrx_word' id='word_1_97' title='bbox 831 1474 1167 1539; x_wconf 82' lang='lat' dir='ltr'><strong>penitusque</strong></span> <span class='ocrx_word' id='word_1_98' title='bbox 1213 1476 1493 1524; x_wconf 78' lang='lat' dir='ltr'><strong>tacentem</strong></span> <span class='ocrx_word' id='word_1_99' title='bbox 1526 1470 1702 1523; x_wconf 85' lang='lat' dir='ltr'><strong>offen-</strong></span> 
     </span>
     <span class='ocr_line' id='line_1_16' title="bbox 169 1556 1701 1625; baseline 0 -18"><span class='ocrx_word' id='word_1_100' title='bbox 169 1556 332 1625; x_wconf 72' lang='lat' dir='ltr'><strong>derit.</strong></span> <span class='ocrx_word' id='word_1_101' title='bbox 427 1557 795 1611; x_wconf 72' lang='lat' dir='ltr'><strong>considerent</strong></span> <span class='ocrx_word' id='word_1_102' title='bbox 841 1559 1011 1609; x_wconf 85' lang='lat' dir='ltr'><strong>etiam</strong></span> <span class='ocrx_word' id='word_1_103' title='bbox 1056 1558 1189 1608; x_wconf 87' lang='lat' dir='ltr'><strong>boni</strong></span> <span class='ocrx_word' id='word_1_104' title='bbox 1230 1558 1342 1609; x_wconf 83' lang='lat' dir='ltr'><strong>viri</strong></span> <span class='ocrx_word' id='word_1_105' title='bbox 1387 1572 1555 1621; x_wconf 88' lang='lat' dir='ltr'><strong>quam</strong></span> <span class='ocrx_word' id='word_1_106' title='bbox 1598 1558 1701 1607; x_wconf 86' lang='lat' dir='ltr'><strong>im-</strong></span> 
     </span>
     <span class='ocr_line' id='line_1_17' title="bbox 171 1641 1701 1709; baseline -0.001 -16"><span class='ocrx_word' id='word_1_107' title='bbox 171 1642 446 1708; x_wconf 86' lang='lat' dir='ltr'><strong>pudenter</strong></span> <span class='ocrx_word' id='word_1_108' title='bbox 481 1648 674 1695; x_wconf 84' lang='lat' dir='ltr'><strong>contra</strong></span> <span class='ocrx_word' id='word_1_109' title='bbox 709 1660 808 1696; x_wconf 85' lang='lat' dir='ltr'><strong>nos</strong></span> <span class='ocrx_word' id='word_1_110' title='bbox 845 1643 1149 1695; x_wconf 83' lang='lat' dir='ltr'><strong>mentiatur</strong></span> <span class='ocrx_word' id='word_1_111' title='bbox 1182 1643 1241 1691; x_wconf 88' lang='lat' dir='ltr'><strong>in</strong></span> <span class='ocrx_word' id='word_1_112' title='bbox 1276 1641 1549 1709; x_wconf 84' lang='lat' dir='ltr'><strong>Apologia</strong></span> <span class='ocrx_word' id='word_1_113' title='bbox 1596 1656 1701 1693; x_wconf 82' lang='lat' dir='ltr'><strong>sna</strong></span> 
     </span>
     <span class='ocr_line' id='line_1_18' title="bbox 175 1725 1703 1794; baseline 0.001 -18"><span class='ocrx_word' id='word_1_114' title='bbox 175 1731 232 1777; x_wconf 88' lang='lat' dir='ltr'><strong>et</strong></span> <span class='ocrx_word' id='word_1_115' title='bbox 266 1726 454 1777; x_wconf 85' lang='lat' dir='ltr'><strong>multis</strong></span> <span class='ocrx_word' id='word_1_116' title='bbox 491 1726 622 1778; x_wconf 83' lang='lat' dir='ltr'><strong>aliis</strong></span> <span class='ocrx_word' id='word_1_117' title='bbox 658 1728 716 1777; x_wconf 90' lang='lat' dir='ltr'><strong>in</strong></span> <span class='ocrx_word' id='word_1_118' title='bbox 750 1726 921 1791; x_wconf 89' lang='lat' dir='ltr'><strong>loeis,</strong></span> <span class='ocrx_word' id='word_1_119' title='bbox 967 1742 1069 1777; x_wconf 88' lang='lat' dir='ltr'><strong>nos</strong></span> <span class='ocrx_word' id='word_1_120' title='bbox 1106 1725 1349 1794; x_wconf 72' lang='lat' dir='ltr'><strong>Cesaree</strong></span> <span class='ocrx_word' id='word_1_121' title='bbox 1384 1726 1703 1779; x_wconf 81' lang='lat' dir='ltr'><strong>Maiestatis</strong></span> 
     </span>
     <span class='ocr_line' id='line_1_19' title="bbox 170 1810 1701 1877; baseline 0 -16"><span class='ocrx_word' id='word_1_122' title='bbox 170 1812 460 1861; x_wconf 85' lang='lat' dir='ltr'><strong>silentium</strong></span> <span class='ocrx_word' id='word_1_123' title='bbox 493 1812 792 1877; x_wconf 79' lang='lat' dir='ltr'><strong>infregisse</strong></span> <span class='ocrx_word' id='word_1_124' title='bbox 817 1810 1082 1863; x_wconf 85' lang='lat' dir='ltr'><strong>delirans.</strong></span> <span class='ocrx_word' id='word_1_125' title='bbox 1140 1810 1487 1862; x_wconf 76' lang='lat' dir='ltr'><strong>Provocatus</strong></span> <span class='ocrx_word' id='word_1_126' title='bbox 1509 1812 1701 1874; x_wconf 78' lang='lat' dir='ltr'><strong>itaque</strong></span> 
     </span>
     <span class='ocr_line' id='line_1_20' title="bbox 125 1895 1701 1961; baseline 0.001 -17"><span class='ocrx_word' id='word_1_127' title='bbox 125 1900 136 1907; x_wconf 83' lang='grc'><em>“</em></span> <span class='ocrx_word' id='word_1_128' title='bbox 169 1898 260 1945; x_wconf 85' lang='lat' dir='ltr'><strong>tot</strong></span> <span class='ocrx_word' id='word_1_129' title='bbox 294 1910 360 1944; x_wconf 83' lang='lat' dir='ltr'><strong>ac</strong></span> <span class='ocrx_word' id='word_1_130' title='bbox 395 1896 572 1946; x_wconf 83' lang='lat' dir='ltr'><strong>tantis</strong></span> <span class='ocrx_word' id='word_1_131' title='bbox 609 1896 1067 1947; x_wconf 88' lang='lat' dir='ltr'><strong>contumeliarum</strong></span> <span class='ocrx_word' id='word_1_132' title='bbox 1111 1895 1451 1961; x_wconf 87' lang='lat' dir='ltr'><strong>opprobriis,</strong></span> <span class='ocrx_word' id='word_1_133' title='bbox 1498 1910 1701 1946; x_wconf 79' lang='lat' dir='ltr'><strong>novum</strong></span> 
     </span>
     <span class='ocr_line' id='line_1_21' title="bbox 173 1978 1698 2044; baseline -0.001 -13"><span class='ocrx_word' id='word_1_134' title='bbox 173 1979 321 2031; x_wconf 87' lang='lat' dir='ltr'><strong>edidi</strong></span> <span class='ocrx_word' id='word_1_135' title='bbox 366 1979 647 2044; x_wconf 89' lang='lat' dir='ltr'><strong>libellum,</strong></span> <span class='ocrx_word' id='word_1_136' title='bbox 693 1981 786 2029; x_wconf 84' lang='lat' dir='ltr'><strong>cui</strong></span> <span class='ocrx_word' id='word_1_137' title='bbox 819 1979 1019 2029; x_wconf 87' lang='lat' dir='ltr'><strong>titulus</strong></span> <span class='ocrx_word' id='word_1_138' title='bbox 1056 1978 1365 2043; x_wconf 86' lang='lat' dir='ltr'><strong>‘Campana</strong></span> <span class='ocrx_word' id='word_1_139' title='bbox 1398 1982 1698 2030; x_wconf 83' lang='lat' dir='ltr'><strong>tormenta·</strong></span> 
     </span>
     <span class='ocr_line' id='line_1_22' title="bbox 168 2061 1697 2131; baseline -0.002 -14"><span class='ocrx_word' id='word_1_140' title='bbox 168 2066 279 2131; x_wconf 87' lang='lat' dir='ltr'><strong>lis’‚</strong></span> <span class='ocrx_word' id='word_1_141' title='bbox 318 2066 644 2116; x_wconf 78' lang='lat' dir='ltr'><strong>theutonice</strong></span> <span class='ocrx_word' id='word_1_142' title='bbox 681 2061 790 2115; x_wconf 88' lang='lat' dir='ltr'><strong>‘die</strong></span> <span class='ocrx_word' id='word_1_143' title='bbox 826 2067 999 2115; x_wconf 80' lang='lat' dir='ltr'><strong>storm</strong></span> <span class='ocrx_word' id='word_1_144' title='bbox 1036 2063 1234 2127; x_wconf 62' lang='lat' dir='ltr'><strong>eloe-lv,</strong></span> <span class='ocrx_word' id='word_1_145' title='bbox 1272 2064 1331 2113; x_wconf 86' lang='lat' dir='ltr'><strong>in</strong></span> <span class='ocrx_word' id='word_1_146' title='bbox 1366 2077 1479 2128; x_wconf 88' lang='lat' dir='ltr'><strong>qua</strong></span> <span class='ocrx_word' id='word_1_147' title='bbox 1504 2068 1697 2129; x_wconf 81' lang='lat' dir='ltr'><strong>aperte</strong></span> 
     </span>
     <span class='ocr_line' id='line_1_23' title="bbox 169 2146 1702 2213; baseline -0.001 -13"><span class='ocrx_word' id='word_1_148' title='bbox 169 2154 230 2200; x_wconf 89' lang='lat' dir='ltr'><strong>et</strong></span> <span class='ocrx_word' id='word_1_149' title='bbox 263 2150 477 2213; x_wconf 85' lang='lat' dir='ltr'><strong>absque</strong></span> <span class='ocrx_word' id='word_1_150' title='bbox 516 2150 786 2201; x_wconf 85' lang='lat' dir='ltr'><strong>conviciis</strong></span> <span class='ocrx_word' id='word_1_151' title='bbox 820 2149 1125 2200; x_wconf 84' lang='lat' dir='ltr'><strong>manifesta</strong></span> <span class='ocrx_word' id='word_1_152' title='bbox 1148 2150 1389 2200; x_wconf 85' lang='lat' dir='ltr'><strong>veritate</strong></span> <span class='ocrx_word' id='word_1_153' title='bbox 1416 2146 1702 2201; x_wconf 84' lang='lat' dir='ltr'><strong>convinci-</strong></span> 
     </span>
     <span class='ocr_line' id='line_1_24' title="bbox 166 2232 1697 2301; baseline 0.002 -19"><span class='ocrx_word' id='word_1_154' title='bbox 166 2238 276 2283; x_wconf 88' lang='lat' dir='ltr'><strong>tur.</strong></span> <span class='ocrx_word' id='word_1_155' title='bbox 333 2234 458 2284; x_wconf 88' lang='lat' dir='ltr'><strong>Hoc</strong></span> <span class='ocrx_word' id='word_1_156' title='bbox 481 2238 668 2286; x_wconf 89' lang='lat' dir='ltr'><strong>autem</strong></span> <span class='ocrx_word' id='word_1_157' title='bbox 703 2250 868 2301; x_wconf 87' lang='lat' dir='ltr'><strong>quam</strong></span> <span class='ocrx_word' id='word_1_158' title='bbox 905 2238 1103 2286; x_wconf 86' lang='lat' dir='ltr'><strong>sancte</strong></span> <span class='ocrx_word' id='word_1_159' title='bbox 1138 2250 1205 2286; x_wconf 89' lang='lat' dir='ltr'><strong>ac</strong></span> <span class='ocrx_word' id='word_1_160' title='bbox 1241 2234 1505 2287; x_wconf 89' lang='lat' dir='ltr'><strong>decenter</strong></span> <span class='ocrx_word' id='word_1_161' title='bbox 1540 2238 1597 2285; x_wconf 92' lang='lat' dir='ltr'><strong>et</strong></span> <span class='ocrx_word' id='word_1_162' title='bbox 1629 2232 1697 2285; x_wconf 89' lang='lat' dir='ltr'><strong>de</strong></span> 
     </span>
     <span class='ocr_line' id='line_1_25' title="bbox 163 2318 1697 2385; baseline -0.003 -13"><span class='ocrx_word' id='word_1_163' title='bbox 163 2320 288 2372; x_wconf 86' lang='lat' dir='ltr'><strong>iure</strong></span> <span class='ocrx_word' id='word_1_164' title='bbox 327 2319 496 2369; x_wconf 88' lang='lat' dir='ltr'><strong>etiam</strong></span> <span class='ocrx_word' id='word_1_165' title='bbox 531 2320 780 2370; x_wconf 80' lang='lat' dir='ltr'><strong>naturali</strong></span> <span class='ocrx_word' id='word_1_166' title='bbox 817 2318 950 2385; x_wconf 88' lang='lat' dir='ltr'><strong>(qua</strong></span> <span class='ocrx_word' id='word_1_167' title='bbox 984 2321 1097 2371; x_wconf 83' lang='lat' dir='ltr'><strong>vim</strong></span> <span class='ocrx_word' id='word_1_168' title='bbox 1131 2321 1194 2371; x_wconf 80' lang='lat' dir='ltr'><strong>vi</strong></span> <span class='ocrx_word' id='word_1_169' title='bbox 1226 2319 1501 2384; x_wconf 85' lang='lat' dir='ltr'><strong>repellere</strong></span> <span class='ocrx_word' id='word_1_170' title='bbox 1538 2318 1697 2384; x_wconf 84' lang='lat' dir='ltr'><strong>licet)</strong></span> 
     </span>
     <span class='ocr_line' id='line_1_26' title="bbox 163 2400 1696 2471; baseline -0.003 -14"><span class='ocrx_word' id='word_1_171' title='bbox 163 2406 356 2457; x_wconf 79' lang='lat' dir='ltr'><strong>facere</strong></span> <span class='ocrx_word' id='word_1_172' title='bbox 391 2404 666 2470; x_wconf 87' lang='lat' dir='ltr'><strong>potuerim</strong></span> <span class='ocrx_word' id='word_1_173' title='bbox 702 2404 826 2471; x_wconf 87' lang='lat' dir='ltr'><strong>quis</strong></span> <span class='ocrx_word' id='word_1_174' title='bbox 861 2418 974 2454; x_wconf 88' lang='lat' dir='ltr'><strong>non</strong></span> <span class='ocrx_word' id='word_1_175' title='bbox 1008 2400 1197 2454; x_wconf 75' lang='lat' dir='ltr'><strong>videt?</strong></span> <span class='ocrx_word' id='word_1_176' title='bbox 1252 2402 1473 2453; x_wconf 77' lang='lat' dir='ltr'><strong>citatus</strong></span> <span class='ocrx_word' id='word_1_177' title='bbox 1508 2407 1696 2453; x_wconf 81' lang='lat' dir='ltr'><strong>tamen</strong></span> 
     </span>
     <span class='ocr_line' id='line_1_27' title="bbox 164 2487 1695 2559; baseline -0.003 -16"><span class='ocrx_word' id='word_1_178' title='bbox 164 2490 238 2543; x_wconf 87' lang='lat' dir='ltr'><strong>ab</strong></span> <span class='ocrx_word' id='word_1_179' title='bbox 295 2490 594 2559; x_wconf 73' lang='lat' dir='ltr'><strong>equissimo</strong></span> <span class='ocrx_word' id='word_1_180' title='bbox 651 2494 708 2541; x_wconf 85' lang='lat' dir='ltr'><strong>et</strong></span> <span class='ocrx_word' id='word_1_181' title='bbox 756 2488 1311 2553; x_wconf 86' lang='lat' dir='ltr'><strong>circumspectissimo</strong></span> <span class='ocrx_word' id='word_1_182' title='bbox 1367 2487 1545 2552; x_wconf 84' lang='lat' dir='ltr'><strong>(velut</strong></span> <span class='ocrx_word' id='word_1_183' title='bbox 1588 2488 1695 2539; x_wconf 84' lang='lat' dir='ltr'><strong>Ca-</strong></span> 
     </span>
     <span class='ocr_line' id='line_1_28' title="bbox 159 2570 1691 2643; baseline 0 -18"><span class='ocrx_word' id='word_1_184' title='bbox 159 2576 334 2643; x_wconf 86' lang='lat' dir='ltr'><strong>pnion</strong></span> <span class='ocrx_word' id='word_1_185' title='bbox 371 2578 490 2641; x_wconf 88' lang='lat' dir='ltr'><strong>ipse</strong></span> <span class='ocrx_word' id='word_1_186' title='bbox 527 2575 822 2627; x_wconf 82' lang='lat' dir='ltr'><strong>malevolis</strong></span> <span class='ocrx_word' id='word_1_187' title='bbox 859 2575 977 2626; x_wconf 90' lang='lat' dir='ltr'><strong>suis</strong></span> <span class='ocrx_word' id='word_1_188' title='bbox 1012 2572 1389 2625; x_wconf 82' lang='lat' dir='ltr'><strong>delationibus</strong></span> <span class='ocrx_word' id='word_1_189' title='bbox 1426 2570 1691 2626; x_wconf 80' lang='lat' dir='ltr'><strong>suborna-</strong></span> 
     </span>
     <span class='ocr_line' id='line_1_29' title="bbox 163 2658 1693 2730; baseline -0.001 -20"><span class='ocrx_word' id='word_1_190' title='bbox 163 2660 278 2726; x_wconf 83' lang='lat' dir='ltr'><strong>rat)</strong></span> <span class='ocrx_word' id='word_1_191' title='bbox 317 2661 556 2730; x_wconf 72' lang='lat' dir='ltr'><strong>cesaree</strong></span> <span class='ocrx_word' id='word_1_192' title='bbox 593 2660 910 2712; x_wconf 83' lang='lat' dir='ltr'><strong>Maiestatis</strong></span> <span class='ocrx_word' id='word_1_193' title='bbox 947 2659 1153 2724; x_wconf 84' lang='lat' dir='ltr'><strong>fiscali,</strong></span> <span class='ocrx_word' id='word_1_194' title='bbox 1203 2658 1323 2711; x_wconf 86' lang='lat' dir='ltr'><strong>solo</strong></span> <span class='ocrx_word' id='word_1_195' title='bbox 1370 2660 1693 2727; x_wconf 77' lang='lat' dir='ltr'><strong>innocentie</strong></span> 
     </span>
    </p>
   </div>
   <div class='ocr_carea' id='block_1_3' title="bbox 163 2744 1693 2883">
    <p class='ocr_par' dir='ltr' id='par_1_3' title="bbox 163 2744 1693 2883">
     <span class='ocr_line' id='line_1_30' title="bbox 163 2744 1693 2816; baseline -0.001 -19"><span class='ocrx_word' id='word_1_196' title='bbox 163 2762 232 2797; x_wconf 85' lang='lat' dir='ltr'><strong>ac</strong></span> <span class='ocrx_word' id='word_1_197' title='bbox 267 2748 530 2813; x_wconf 85' lang='lat' dir='ltr'><strong>puritatis</strong></span> <span class='ocrx_word' id='word_1_198' title='bbox 569 2748 748 2816; x_wconf 86' lang='lat' dir='ltr'><strong>clipeo</strong></span> <span class='ocrx_word' id='word_1_199' title='bbox 773 2762 858 2801; x_wconf 88' lang='lat' dir='ltr'><strong>mc</strong></span> <span class='ocrx_word' id='word_1_200' title='bbox 883 2750 1005 2814; x_wconf 85' lang='lat' dir='ltr'><strong>ipsc</strong></span> <span class='ocrx_word' id='word_1_201' title='bbox 1022 2744 1273 2799; x_wconf 84' lang='lat' dir='ltr'><strong>defendi.</strong></span> <span class='ocrx_word' id='word_1_202' title='bbox 1336 2745 1455 2797; x_wconf 86' lang='lat' dir='ltr'><strong>Nec</strong></span> <span class='ocrx_word' id='word_1_203' title='bbox 1478 2746 1693 2797; x_wconf 86' lang='lat' dir='ltr'><strong>mirum.</strong></span> 
     </span>
     <span class='ocr_line' id='line_1_31' title="bbox 1368 2829 1430 2883; baseline 0.065 -4"><span class='ocrx_word' id='word_1_204' title='bbox 1368 2829 1430 2883; x_wconf 89' lang='lat' dir='ltr'><strong>ll</strong></span> 
     </span>
    </p>
   </div>
  </div>
 </body>
</html>
