1942 3109
217 280 599 341 raramcoam
618 296 692 335 An
711 296 878 335 naon.
894 294 1310 335 rinna-mura
1336 292 1647 336 wamma.
1708 278 1743 331 5

217 408 442 476 deorum
475 404 704 473 perfidie
740 404 917 469 magis
952 418 1118 468 quam
1142 402 1263 455 sedi
1298 396 1607 471 apostolice
1642 407 1744 457 aut

217 492 600 545 saeratissimo
617 489 744 541 fidei
760 490 993 555 negocio
1012 489 1070 539 in
1086 504 1191 540 sua
1213 488 1621 541 eonsultatione
1645 490 1742 540 ad-

217 580 454 646 hereret.
525 564 715 627 Taceo'
763 572 922 640 (proh
967 573 1144 639 pudor
1188 575 1351 625 nefas
1396 578 1485 625 est
1530 574 1740 639 dicere)

218 664 363 730 quod
397 664 456 713 in
492 662 686 714 eadem
731 676 834 711 sua
880 659 1291 711 consultatione
1337 656 1507 724 (quod
1540 662 1741 725 postea

215 749 505 816 speculum
540 746 770 799 oculare
807 748 893 796 est
927 744 1299 811 appellatum)
1346 760 1433 796 me
1468 760 1645 811 nuper
1678 746 1738 795 in

217 835 440 885 Christo
467 832 714 884 feliciter
735 831 1101 896 baptizatum,
1137 831 1309 881 nullis
1338 828 1349 895 Ι
1377 831 1515 883 meis
1550 830 1735 883 deme·
1758 824 1865 892 gxij

215 921 338 970 ritis
377 916 535 982 (quia
559 918 704 967 alter
727 916 965 967 alterum
990 932 1101 966 non
1124 920 1358 968 noverat
1378 931 1561 981 neque
1584 915 1739 967 vide-

217 1008 310 1054 rat
332 1000 600 1067 unquam)
629 1002 824 1066 quovis
849 1000 1009 1052 modo
1033 999 1477 1067 preoedentibus,
1515 1001 1737 1051 occulte

219 1092 278 1140 et
301 1103 468 1153 supra
494 1086 681 1137 datam
703 1086 864 1137 fidem
902 1084 1083 1149 (velut
1117 1086 1237 1151 ipse
1273 1100 1480 1151 negare
1506 1100 1616 1135 non
1640 1101 1737 1150 po-

215 1172 352 1239 test)
391 1172 538 1237 apud
563 1171 864 1239 cesaream
886 1170 1245 1221 Maiestatem
1279 1170 1425 1221 male
1460 1170 1739 1233 tractarit,

214 1258 510 1310 verissima
531 1256 767 1323 quedam
792 1260 988 1307 eontra
1010 1272 1095 1305 me
1120 1270 1218 1320 pro
1230 1255 1417 1321 Iudeis
1434 1254 1737 1305 falsissime

215 1341 593 1408 improbando.
655 1344 1011 1407 Quapropter
1042 1340 1177 1391 mihi
1198 1338 1337 1406 proh
1357 1338 1513 1390 dolor
1532 1339 1618 1391 sie
1645 1355 1738 1389 eu-

217 1443 406 1477 rarum
451 1428 687 1477 omnium
721 1424 928 1489 libero,
974 1425 1226 1488 nihilque
1263 1424 1475 1475 fraudis
1510 1424 1737 1493 inopine

217 1512 514 1579 cogitanti,
549 1510 918 1576 respondendi
951 1509 1157 1575 stylum
1190 1510 1283 1561 vel
1306 1511 1483 1562 invito
1510 1511 1739 1576 obiecit,

218 1612 326 1662 quo
371 1612 588 1662 semper
631 1597 682 1645 is
728 1596 824 1659 qui
869 1594 1036 1663 lesus·
1068 1599 1153 1646 est
1211 1596 1387 1661 prior,
1456 1594 1735 1660 (quamvis

219 1682 392 1731 etiam
433 1682 586 1730 infra
629 1678 842 1729 infimos
878 1695 1067 1731 omnes
1104 1696 1227 1731 esse
1264 1680 1511 1731 homines
1546 1680 1738 1732 videa-

216 1764 330 1831 tur)
368 1765 515 1815 tueri
551 1779 708 1828 sese,
747 1768 804 1815 ot
836 1764 893 1814 id
931 1764 1155 1830 quidem
1188 1764 1327 1816 duee
1362 1768 1584 1829 natura,
1621 1782 1733 1816 non

219 1852 506 1900 instrenue
567 1850 636 1900 ab
697 1848 1079 1902 adorientibus
1138 1854 1341 1916 potest.
1442 1843 1494 1901 (s
1538 1851 1735 1902 Multis

217 1936 414 1998 itaque
447 1930 518 1997 {id
563 1948 736 1999 genus
779 1934 910 1985 aliis
966 1935 1131 1986 rebus
1189 1951 1258 1985 ae
1314 1935 1583 1987 clausulis
1624 1952 1737 1986 non

216 2018 535 2071 inconsulto
573 2014 858 2082 (quoniam
892 2020 987 2070 hie
1020 2020 1171 2069 infra
1205 2020 1333 2070 luce
1371 2020 1575 2070 clarius
1602 2036 1735 2084 ape-

215 2103 456 2169 riuntur)
504 2104 750 2168 ommia,
795 2104 900 2155 hoe
943 2106 1124 2156 solum
1170 2104 1375 2169 dicam,
1425 2104 1571 2169 quod
1616 2105 1736 2169 ipse

213 2190 458 2239 Ioannes
509 2188 784 2239 Reuchlin
840 2194 896 2240 et
949 2193 1271 2255 sectatores·
1316 2191 1435 2241 eius
1492 2190 1736 2259 cesaree

214 2273 534 2324 Maiestatis
569 2273 908 2339 mandatum,
946 2274 1013 2325 de
1050 2275 1277 2327 silentio
1312 2276 1460 2327 ultro
1486 2277 1737 2341 citroque

213 2357 561 2411 observando
605 2374 715 2409 non
764 2360 941 2411 solum
985 2376 1095 2411 non
1141 2360 1534 2426 observarunt,
1578 2362 1737 2413 velut

212 2448 462 2495 nostrum
496 2444 736 2510 epitome
771 2444 891 2495 sive
927 2446 1283 2495 summarium
1316 2445 1592 2511 explieat,
1638 2447 1737 2498 sed

213 2545 286 2579 ne
319 2532 416 2597 tue
453 2528 676 2592 quidem
711 2528 1005 2579 beatitatis
1030 2529 1263 2580 solemni
1287 2529 1509 2582 decreto
1534 2544 1733 2599 parem

211 2617 330 2676 tes,
373 2614 435 2663 in
469 2628 557 2663 me
593 2613 840 2679 alogum,
888 2617 1058 2675 atque
1094 2616 1359 2679 optimum
1395 2632 1667 2682 quemque
1702 2636 1737 2669 e

213 2698 450 2761 nostris,
497 2712 666 2761 supra
702 2713 868 2762 quam
907 2698 1167 2761 cuiquam
1202 2699 1470 2750 credibile
1518 2703 1630 2762 est,
1676 2702 1735 2749 in

213 2780 334 2832 suis
381 2780 738 2832 obscurorum
781 2781 1023 2831 virorum
1073 2782 1326 2845 epistolis
1370 2796 1469 2845 per
1522 2796 1736 2832 omnem
