1942 3109
304 230 408 280 270
474 238 941 280 ιιιιιιυτιοηε
977 238 1282 276 onscvnon.
1313 238 1654 277 unirentur.
1685 240 1850 277 nou„

305 348 484 400 Pauci
529 348 699 399 etiam
744 346 1120 411 reperiuntur,
1166 343 1262 407 qui
1308 357 1412 393 nos
1463 340 1565 407 (ut
1615 346 1702 397 ab
1743 346 1844 396 aliis

309 431 649 499 accepimus)
708 431 897 482 vivere
956 431 1016 479 in
1071 429 1234 479 terris
1293 428 1628 493 patiantur.
1727 432 1842 481 Heu.

308 518 435 582 heu,
460 518 631 584 igitur
664 532 765 568 nos
799 514 1058 567 infelices
1096 517 1263 577 atque
1301 512 1736 580 infortunatos,
1769 515 1840 579 qui

310 602 379 652 ob
426 601 765 667 singularem
811 604 1060 651 nostram
1103 600 1160 649 in
1203 600 1376 649 bonos
1425 614 1640 651 omnes
1695 600 1832 651 auda-

312 688 457 738 ciam
502 690 559 737 et
610 686 855 752 insignia
909 688 970 737 in
1014 684 1291 735 Christum
1345 682 1664 750 facinora,
1721 684 1858 735 nihib

309 772 533 823 honoris
580 771 873 821 consecuti
914 784 1118 821 sumus.
1191 768 1239 819 Ο
1275 767 1532 819 fallaces
1573 770 1812 836 nequitia-

312 872 429 907 rum
472 844 804 918 blanditias,
854 856 1056 919 quibus
1102 851 1300 903 allecti
1339 868 1444 917 per
1489 856 1698 907 varios
1733 852 1814 918 sgi-

310 945 492 990 tamur
546 941 787 990 errores!
859 940 905 991 Ο
953 941 1152 991 inanes
1200 938 1486 1003 cogitatus
1535 934 1811 1003 nostroe?

192 1024 295 1089 cijb
314 1026 410 1089 qui
454 1022 715 1076 secundis
760 1025 819 1072 in
865 1024 1030 1075 rebus
1078 1040 1142 1075 eo
1185 1023 1365 1088 magis
1413 1039 1522 1075 nos
1558 1025 1828 1080 seducunt,

315 1124 423 1173 quo
484 1110 718 1160 certiore
778 1125 877 1173 spe
938 1107 1174 1174 quadam
1231 1108 1396 1159 nobis
1452 1108 1862 1159 blandiuntur&-

315 1194 468 1256 Quas
503 1193 623 1260 ipse
661 1208 1022 1260 sepenumero
1065 1192 1452 1257 blasphemias
1495 1195 1555 1244 in
1583 1191 1830 1259 epistolis

247 1272 255 1279 ’
314 1279 518 1329 nostris
580 1278 1032 1342 conscripsimus,
1092 1278 1252 1328 bonis
1311 1279 1577 1329 omnibus
1632 1282 1691 1328 et
1739 1278 1826 1328 toti
1874 1300 1875 1353 ἶ

317 1360 401 1425 (ut
426 1361 697 1428 audimus)
728 1361 1126 1411 christianitati
1161 1361 1458 1427 plurimum
1484 1362 1818 1429 displicuere.

316 1448 454 1508 Quis
490 1447 663 1511 igitur
696 1450 945 1496 nostrum
979 1446 1040 1495 in
1075 1448 1237 1497 tanta
1261 1447 1346 1497 rei
1367 1447 1804 1513 indignitatem!

313 1531 561 1593 mereat?
597 1542 706 1577 non
742 1526 1037 1578 audaciam
1072 1528 1326 1594 deploret
1349 1522 1554 1583 suam?
1593 1552 1710 1587 non
1727 1547 1806 1584 sese
1821 1539 1850 1579 15

312 1612 595 1662 mortifero
632 1611 892 1662 conficiat
924 1611 1152 1665 dolore?
1199 1614 1346 1676 Quid
1378 1616 1606 1669 multa?
1657 1620 1810 1671 Actum

318 1700 405 1748 est
438 1696 746 1762 nobiscum,
780 1698 891 1747 nisi
922 1698 1126 1749 litteris
1160 1700 1365 1750 vestris
1403 1702 1654 1755 animati
1689 1702 1810 1756 fueri·

314 1798 450 1835 mus.
487 1782 691 1834 Valete
727 1780 797 1833 ad
820 1782 1016 1849 longos
1039 1782 1294 1834 Platonis
1321 1800 1518 1839 annos.
1557 1788 1820 1857 Moguntip

318 1884 385 1920 ex
422 1867 659 1932 Corona,
693 1869 976 1919 'tutissimo
1015 1867 1384 1919 Obscurorum
1425 1872 1610 1936 asylo.

1055 2036 1105 2085 2.

712 2123 763 2179 ἦ
808 2118 982 2202 Gog
1025 2126 1101 2183 et
1143 2118 1438 2204 Magog

630 2220 963 2270 Obscuris
997 2222 1516 2287 Reuchlinistis
1874 2242 1875 2291 γ

942 2305 1013 2357 .S.
1049 2307 1111 2356 P.
1146 2308 1215 2357 D.

418 2407 562 2471 Quid
606 2422 705 2458 vos
750 2406 938 2457 miseri
993 2408 1319 2459 feminarum
1371 2427 1524 2462 more
1587 2417 1816 2470 eiulatis‘?

312 2490 588 2552 Numquid
612 2505 739 2538 sera
763 2491 1048 2542 vobiscum
1072 2493 1129 2543 in
1153 2494 1322 2545 fundo
1349 2498 1434 2545 est
1455 2502 1860 2561 parsimoniaw

1874 2584 1875 2615 1

374 2699 419 2731 ²⁵
452 2701 832 2763 parcimonia?
867 2707 919 2753 2.
