1942 3109
138 248 210 289 nn
223 245 455 294 omnum
465 242 650 281 κεπτ.
663 242 910 281 annom..
924 240 1075 287 (που
1088 240 1213 277 rem
1227 240 1403 277 mnu
1416 239 1541 277 mc.
1556 222 1661 277 193

35 390 37 419 r
139 352 492 416 acciperent,
535 352 594 400 et
628 346 700 398 ad
735 344 1067 398 audiendum
1108 345 1337 396 verbum
1380 344 1472 397 dei
1518 358 1661 397 com-

34 462 41 511 ᾗ
137 434 458 503 pellendos,
515 424 590 484 et'
621 431 769 497 quod
821 432 930 497 ipsi
983 430 1157 482 libros
1210 444 1341 481 suos
1396 430 1662 499 pessimos

32 564 40 577 .
137 521 334 575 merito
369 534 480 570 non
513 519 820 570 retinerent
854 518 932 570 ,οι
955 532 1004 567 c.

283 647 335 713 ΙΙ
355 656 452 707 De
478 653 768 720 quadam
791 651 1101 719 epistola
1124 649 1525 721 nephandis·

459 741 629 792 sima
663 740 945 791 Ioannis
982 736 1341 789 Reuchlin.

247 853 299 913 (I
356 860 654 913 Videamus
713 857 935 909 tandem
996 856 1043 907 O
1103 853 1427 908 beatIssime
1484 858 1665 922 pater,

139 949 413 1012 quantum
448 944 696 995 favorem
729 942 916 1010 Iudeis
950 945 1163 1011 prestet
1184 941 1422 993 Ioannes
1444 940 1663 992 Reueh-

136 1032 252 1095 lin,
274 1030 382 1079 ·ita
427 1028 596 1079 etiam
638 1031 701 1077 ut
747 1040 854 1095 que
902 1025 1010 1079 soli
1050 1026 1152 1077 deo
1197 1030 1327 1076 sunt
1367 1024 1663 1093 tribuenda

139 1132 212 1167 ac
248 1114 460 1166 sanctis
495 1115 639 1176 eius,
674 1112 902 1162 inimico
929 1109 1137 1161 Christi
1156 1110 1401 1162 tribuere
1432 1126 1545 1161 non
1566 1124 1663 1161 ve·

135 1202 347 1253 reatur.
421 1196 514 1247 Sic
551 1197 909 1248 enim’latine
945 1196 1171 1263 scripsit
1202 1196 1299 1245 uni
1334 1195 1505 1263 Iudeo
1540 1201 1664 1261 post

133 1286 379 1336 infames
415 1279 683 1346 quasdam
723 1279 996 1331 clarorum
1033 1277 1117 1344 (ut
1146 1281 1267 1345 ipse
1292 1278 1395 1344 ait)
1420 1281 1663 1333 virorum

137 1366 431 1434 epistolas,
453 1365 521 1416 de
553 1366 724 1417 verbo
761 1366 831 1417 ad
865 1366 1093 1418 verbum
1124 1365 1291 1417 huius
1315 1364 1478 1415 modi:
1532 1362 1663 1416 ‘Do-

132 1452 288 1504 mine
322 1452 399 1501 mi
431 1452 723 1517 magister,
769 1450 879 1501 dux
913 1466 1069 1501 mens
1106 1454 1163 1502 et
1196 1454 1359 1502 notus
1394 1464 1577 1515 mens,
1626 1466 1663 1501 a

133 1554 227 1589 me
273 1537 369 1601 qui
412 1535 676 1603 desydero
725 1540 784 1587 et
819 1538 1153 1603 concupisco
1190 1550 1415 1591 cernere
1450 1535 1665 1587 vultum

131 1627 296 1675 tuum
329 1622 715 1673 suavissimum
752 1621 822 1672 ad
855 1620 1245 1673 delectandum
1278 1618 1347 1673 de
1370 1620 1665 1688 splendore

131 1706 328 1759 vultus
375 1707 457 1755 tui
497 1706 766 1769 lucentis,
823 1706 1097 1757 audiendo
1153 1706 1463 1757 doctrinam
1508 1710 1662 1757 tuam

131 1788 508 1854 purissimam'
548 1792 623 1838 ‚et
647 1804 694 1837 c.
767 1790 814 1838 Ο
859 1789 1185 1841 beatissime
1230 1794 1420 1854 pater,
1466 1790 1516 1839 si
1560 1804 1663 1854 ego

135 1874 250 1938 hec
285 1871 657 1937 scripsissem,
706 1870 799 1921 diu
843 1872 1086 1925 forsitan
1120 1873 1437 1925 combustus
1470 1874 1663 1925 forem.

138 1952 428 2018 Quomodo
473 1958 658 2019 potest
689 1956 848 2007 homo
883 1957 1241 2022 blasphemus
1278 1961 1335 2007 et
1370 1958 1665 2008 christiani

133 2036 380 2092 nominis
411 2042 732 2103 persecutor
775 2038 991 2089 vultum
1034 2040 1242 2091 habere
1278 2043 1339 2091 et
1370 2039 1664 2106 splenden-

133 2132 256 2177 tem
289 2125 350 2171 εἰ,
382 2121 696 2196 lucentem?
751 2124 1031 2186 Quomodo
1079 2124 1225 2175 enim
1266 2125 1473 2191 poterit
1512 2140 1663 2182 nunc

134 2205 382 2277 probare
429 2207 800 2259 execrabilem
843 2207 1135 2278 Iudeorum
1174 2208 1483 2264 doctrinam
1540 2226 1663 2265 esse

133 2287 530 2360 purissimam?
600 2293 892 2357 Nunquam
947 2300 1012 2344 nt
1068 2295 1279 2361 opinor.
1368 2296 1510 2349 Nam
1568 2300 1665 2361 qui

129 2373 492 2445 purissimam
523 2376 708 2439 inquit
736 2377 1029 2445 Iudeorum
1062 2377 1383 2445 doctrinam,
1418 2385 1664 2438 nostram

137 2461 232 2529 (ut
265 2459 522 2527 apparet)
557 2461 886 2513 vilissimam
921 2476 1044 2513 esse
1078 2463 1305 2515 fatetur.

253 2588 306 2647 ⁴1
343 2597 525 2673 Quod
559 2600 694 2651 iste
729 2599 913 2652 liber
947 2596 1077 2664 nsson
1113 2600 1205 2651 sit
1238 2600 1555 2653 famosus.

251 2706 306 2769 (Ι
339 2716 498 2771 Nunc
531 2718 772 2773 fortasse
807 2719 1159 2789 turpissimus
1184 2722 1381 2772 auctor
1404 2721 1661 2773 obscuro-

1327 2802 1393 2857 13
