1942 3109
205 247 608 285 PROTRS'PA‘HO.
649 245 987 282 svuMAmvu
1010 246 1213 282 'rovlvs
1234 244 1490 282 REGOTH.
1535 229 1628 279 155

97 355 285 420 gnita,
321 354 480 403 nobis
521 351 600 416 (in
627 353 828 416 quibus
853 352 1059 402 iustam
1087 342 1313 401 causam
1338 348 1625 413 habemus)

99 455 214 489 non
265 440 444 488 minus
495 438 761 504 equitatis
809 451 977 500 quam
1022 437 1167 503 bone
1212 435 1435 485 tandem
1482 435 1629 500 fame

98 538 300 574 munus
357 521 722 572 administret.
815 523 1165 587 Quapropter
1219 525 1281 570 ut
1338 521 1445 588 hec
1500 519 1633 568 boni

98 607 402 658 consulant
435 607 674 658 lectores
711 621 926 670 semper
961 610 1181 670 exopto.
1214 603 1222 670 1

239 743 682 794 Summariurn‘
733 743 958 794 totius
1008 741 1291 806 negocii
1343 741 1496 790 tituli
1632 736 1733 802 gub

240 829 572 894 principalis
609 827 982 890 Protestatio,
1020 827 1079 876 in
1116 841 1223 890 quo
1257 825 1497 875 Ioannes

238 913 512 962 Reuchlin
564 912 702 962 duce
755 913 997 962 veritate
1058 914 1358 960 accusatur
1415 911 1497 958 in-

240 997 506 1046 iuriarum
543 999 600 1044 et
635 995 781 1059 quod
818 995 1116 1046 Silentium
1154 995 1224 1044 ab
1253 993 1497 1060 Cesarea

238 1081 538 1130 Maiestate
574 1080 732 1131 nobis
767 1079 1080 1144 impositum
1112 1078 1502 1142 multipliciter

544 1167 662 1230 ipse
699 1167 851 1230 prius
886 1165 1198 1229 infregerit.

213 1275 264 1333 (I
300 1283 539 1332 Possent
573 1282 706 1331 boni
740 1282 847 1332 viri
881 1281 1097 1347 dicere,
1134 1281 1325 1345 ‘quare
1358 1284 1421 1330 tu
1456 1281 1505 1329 si
1532 1279 1636 1328 ali-

99 1369 240 1434 quid
275 1368 449 1436 habes
487 1365 754 1417 adversus
788 1365 1053 1416 Ioannem
1086 1366 1389 1428 Reuchlin‚
1427 1364 1635 1414 iudicio

96 1453 245 1516 illud
293 1452 518 1518 publico
563 1465 673 1500 non
721 1451 871 1516 agis,
923 1455 987 1500 ut
1020 1449 1319 1502 diffinitiva
1356 1451 1503 1500 inter
1536 1465 1636 1501 vos

99 1539 387 1589 decisione
433 1553 535 1603 per
579 1536 822 1600 aliquem
867 1536 1108 1586 iudicem
1154 1534 1493 1586 ordinarium
1549 1535 1634 1584 fa-

101 1628 254 1674 ctam
307 1637 504 1687 pacem
557 1619 858 1685 aliquando
911 1621 1119 1670 habere
1171 1621 1457 1684 possitis?'
1528 1619 1635 1669 Re-

99 1705 381 1772 sponde0‚
417 1721 502 1754 me
541 1707 760 1755 cunctis
795 1704 993 1755 diebus
1028 1704 1145 1770 vite
1169 1719 1291 1770 mee
1316 1704 1457 1752 nihil
1482 1704 1636 1753 aliud

95 1791 376 1842 voluisse.
436 1788 690 1853 Adiungo
727 1789 894 1838 etiam
929 1804 1017 1838 me
1051 1791 1115 1836 ut
1148 1801 1337 1838 verum
1364 1786 1634 1836 Christia-

98 1888 236 1925 num
271 1885 450 1934 neque
483 1872 654 1922 verbo
690 1887 868 1936 neque
893 1873 1051 1922 facto
1076 1871 1340 1921 Ioannem
1364 1869 1637 1920 Reuchlin

5 1950 7 1967 ²
101 1954 438 2018 offendisse,
475 1955 588 2004 nisi
620 1955 860 2006 fortasse
905 1957 1029 2020 ipse
1076 1955 1213 2003 mihi
1256 1969 1424 2017 supra
1472 1968 1635 2016 quam

5 2038 8 2049 ’
101 2041 356 2107 oportuit
390 2039 719 2089 iniuriarum
757 2053 952 2090 ansam
987 2039 1135 2088 ultro
1172 2038 1309 2087 meis
1354 2037 1637 2086 demeritis

101 2126 334 2177 minime
378 2121 804 2189 precedentibus
850 2123 1219 2188 porrexisset,
1272 2122 1449 2172 veluti
1494 2136 1639 2172 nunc
1732 2149 1742 2160 -

103 2209 308 2278 paucis
355 2207 783 2272 explicabimus,
841 2208 948 2258 etsi
990 2207 1200 2273 passim
1245 2207 1499 2272 superius
1546 2205 1642 2257 de-

103 2297 290 2346 libata
325 2291 648 2354 videantur,
684 2297 746 2342 ut
769 2307 956 2343 omnes
984 2291 1291 2343 Christiani
1325 2295 1453 2356 post
1486 2292 1638 2341 mille

5 2378 13 2409 '³
105 2394 288 2430 annos
333 2376 584 2427 iudicare
629 2380 871 2440 possint,
927 2391 1094 2440 quam
1151 2377 1319 2441 impie
1365 2390 1639 2439 quamque

5 2466 8 2495 ⁵
103 2463 432 2514 indecenter
477 2465 534 2511 et
582 2463 777 2512 contra
828 2461 1095 2510 catholici
1148 2461 1383 2511 hominis
1438 2475 1641 2510 morem

5 2552 13 2581 *
107 2552 416 2612 contraque
473 2545 607 2596 boni
662 2545 905 2596 doctoris
962 2546 1360 2610 professionem
1428 2561 1639 2596 mecum

5 2632 11 2665 '⁵
109 2632 500 2684 ambulaverit.
565 2622 616 2680 (I
651 2631 835 2681 Primo
871 2632 1045 2697 igitur
1081 2647 1203 2682 cum
1238 2631 1339 2682 sub
1365 2630 1515 2680 bona
1534 2629 1638 2680 fide

5 2715 13 2745 ί
111 2718 202 2783 (ut
247 2730 414 2781 supra
465 2715 674 2766 dictum
723 2715 831 2782 est)
877 2717 1117 2770 Ioannes
1150 2716 1423 2768 Reuchlin
1458 2731 1543 2765 me
1582 2715 1638 2763 in
