1942 3109
227 185 328 237 234
401 200 436 234 Ε
443 171 640 235 szvoia
647 200 694 233 Ε
719 199 966 235 ovscvlto
974 198 1087 235 RVH
1113 198 1369 235 vntonvu
1396 199 1574 235 HOVAE.

225 303 294 353 de
329 303 507 353 vobis.
578 303 652 353 Et
697 302 811 354 dixi
861 304 912 353 ci
957 304 1230 367 quomodo
1276 303 1449 353 semel
1490 304 1605 353 feci
1650 318 1747 353 vos

227 387 405 437 ridere
445 387 662 451 quando
701 388 948 454 allegavi
983 388 1143 439 vobis
1179 388 1317 437 illud
1348 391 1613 437 metrum:

295 473 438 522 Veni
497 472 770 538 Spandaw
831 486 1063 538 aggere,
1192 476 1323 522 tunc
1390 473 1750 536 inspexerunt

1036 570 1121 605 me
1158 556 1311 624 Ame.

229 644 286 690 et
319 640 434 690 dixi
468 641 629 692 vobis
669 639 936 705 quomodo
971 640 1151 690 Beani
1186 642 1245 690 in
1280 640 1557 706 Spandaw
1606 656 1747 690 com—

227 728 530 788 posuerunt
565 725 682 776 tale
717 730 950 775 metrum
986 724 1053 775 de
1090 725 1373 775 teutonico
1408 725 1467 775 in
1493 724 1748 789 latinum,

229 810 360 871 quia
395 810 731 864 teutonicum
767 811 848 859 sic
883 812 1073 860 sonat:
1686 798 1693 807 ’

362 893 464 942 Ick
499 894 629 943 kam
665 909 809 959 genn
847 893 1123 959 Spandaw
1158 908 1265 957 opp
1301 892 1409 943 den
1444 894 1597 958 dam,

363 978 484 1027 Dar
519 994 688 1043 segen
725 978 873 1028 mick
910 978 978 1029 de
1015 977 1314 1042 plontzgcn
1352 993 1480 1027 ann.

228 1061 304 1111 Et
335 1077 434 1125 pro
469 1065 604 1111 tunc
640 1061 862 1111 dixistis
897 1062 1033 1112 mihi
1070 1060 1213 1125 quod
1249 1062 1401 1127 prius
1426 1063 1751 1113 nescivistis

231 1145 378 1208 quod
416 1145 514 1195 ille
549 1147 752 1210 piscia,
791 1145 1012 1197 scilicet
1045 1144 1335 1209 plotzken,
1373 1145 1548 1195 latine
1584 1160 1751 1196 voca-

227 1232 319 1277 tur
341 1229 504 1295 Amet
543 1233 600 1279 et
635 1230 886 1294 allegavi
919 1229 1036 1281 tale
1072 1233 1304 1281 metrum
1342 1233 1399 1279 et
1418 1245 1521 1280 vos
1546 1231 1755 1279 risistis

227 1314 448 1375 intime,
495 1316 552 1361 et
589 1317 993 1377 consequenter
1028 1312 1143 1363 dixi
1177 1313 1337 1364 vobis
1375 1314 1619 1378 qualiter
1652 1314 1753 1364 ille

228 1399 402 1462 piscis
451 1403 538 1449 est
580 1400 639 1447 in
683 1412 884 1463 magna
935 1398 1097 1463 eopia
1142 1397 1293 1462 apud.
1336 1412 1462 1447 nos:
1508 1402 1565 1447 et
1610 1412 1757 1448 11111111

229 1482 327 1543 qui
369 1485 458 1531 est
500 1484 582 1531 ita
628 1482 825 1547 longus
869 1482 1020 1531 sicut
1058 1482 1351 1532 brachium
1392 1497 1601 1545 meum,
1656 1484 1755 1533 vix

231 1564 402 1615 solvit
432 1580 600 1614 unum
633 1580 899 1629 grossum.
969 1564 1047 1613 Et
1080 1564 1330 1615 dixistis=
1379 1564 1447 1614 ‘O
1492 1565 1658 1629 deus,
1702 1568 1757 1615 si

230 1664 476 1700 essemus
521 1650 646 1701 ibiv
695 1654 752 1699 et
797 1664 928 1713 ergo
975 1649 1096 1699 heri
1142 1650 1335 1714 optavi
1370 1649 1516 1713 qnod
1553 1652 1755 1700 essetis

227 1748 458 1783 mecum.
527 1733 688 1783 Dixit
721 1736 906 1784 autem
950 1736 1115 1798 pater
1156 1748 1309 1783 meus
1346 1732 1559 1783 ‘Credis
1606 1735 1757 1799 quod

231 1818 400 1867 etiam
435 1832 545 1868 non
579 1818 752 1867 habet
786 1819 967 1883 pisces
1006 1815 1236 1885 colonie
1248 1818 1291 1867 θ’
1334 1817 1470 1867 Dixi
1516 1819 1569 1868 ei
1619 1833 1757 1881 quo-

227 1902 385 1951 modo
429 1902 616 1965 pisces
661 1900 892 1968 colonie
938 1904 1069 1950 sunt
1121 1902 1181 1950 in
1238 1916 1367 1950 caro
1420 1902 1561 1952 foro.
1642 1900 1759 1953 Sed

229 1986 536 2050 scripsistis
559 1986 694 2035 mihi
718 1984 863 2049 quod
886 1984 1178 2050 negocium
1200 1988 1447 2036 vestrum
1472 2000 1580 2035 non
1604 1985 1755 2035 bene

231 2074 346 2122 stat
384 2073 442 2120 et
473 2070 618 2119 male
665 2068 918 2133 procedit
957 2069 1121 2119 vobis
1152 2069 1226 2118 in
1270 2069 1407 2119 urbe
1443 2069 1645 2131 Roma,
1696 2072 1757 2119 et

230 2153 374 2217 quod
419 2154 666 2203 fautores
701 2153 965 2202 Iohannis
1000 2152 1275 2203 Reuchlin
1318 2152 1539 2203 faciunt
1582 2153 1753 2203 vobIs

227 2250 458 2300 magnas
490 2235 808 2286 instantias.
877 2237 1110 2287 Debetis
1155 2236 1291 2285 mihi
1337 2236 1559 2287 credere
1606 2236 1759 2299 quod

229 2320 312 2369 ita
347 2319 506 2370 doleo
541 2318 608 2369 de
645 2319 804 2370 vobis
839 2321 989 2370 sicut
1012 2321 1215 2371 essetis
1238 2323 1417 2369 mater
1436 2335 1585 2370 mea.
1640 2319 1757 2370 Sed

229 2418 389 2467 spero
427 2402 571 2467 quod
605 2402 855 2453 dominus
891 2404 1027 2454 deus
1062 2403 1220 2455 dabit
1256 2404 1655 2467 benignitatem
1696 2408 1759 2454 et

228 2489 376 2535 terra
413 2492 604 2537 nostra
639 2487 796 2538 dabit
830 2488 1075 2537 fructum
1108 2503 1294 2551 suum,
1330 2488 1386 2537 id
1412 2490 1497 2537 est
1518 2502 1619 2538 vos
1646 2487 1776 2544 Co·-

227 2570 507 2621 lonienses
531 2572 803 2636 Theologi
823 2576 1119 2637 postquam
1158 2572 1541 2622 combussistis
1576 2572 1757 2622 libros

229 2652 591 2721 hereticales,
639 2654 1057 2706 fructificabilis
1102 2657 1161 2704 in
1208 2655 1455 2707 ecclesia
1500 2655 1592 2706 dei
1626 2672 1755 2721 pre-
