1942 3109
267 247 368 300 278
445 261 735 298 EPISTOLAE
759 261 1127 298 OBBCVBORVM
1155 261 1409 296 vntonvu
1437 260 1614 296 NOVAE.

266 367 397 416 liter
440 364 699 416 studuero
744 365 836 414 hic
880 379 979 429 per
1023 368 1197 414 totum
1244 365 1299 413 in
1347 379 1576 428 poeseos
1613 365 1786 416 artifi-
1865 357 1871 362 ’

269 449 441 514 aiolo,
480 453 537 499 et
572 452 702 514 ergo
738 449 937 498 fuerim
970 448 1140 498 aliter
1175 448 1398 498 stilatus
1423 463 1588 512 quam
1612 450 1785 513 prius,

265 533 467 584 Valete
502 531 984 596 sesquipedaliter.
1054 533 1259 582 Datum
1295 532 1479 598 Rome.

983 780 1078 840 37.

458 902 509 958 ([
551 897 841 962 Frater
884 897 1289 981 Georgius
1333 859 1586 962 Bleck

558 999 892 1065 Magistro
930 1001 1215 1050 Ortvino
1253 999 1489 1050 Gratio

262 1119 540 1171 Humilem
592 1119 899 1169 orationem
952 1133 1130 1168 meam
1186 1134 1308 1168 cum
1353 1135 1421 1168 ea
1467 1133 1578 1182 qua
1621 1118 1788 1170 decet

262 1204 637 1267 subiectione,
684 1203 901 1252 domine
957 1209 1015 1252 et
1057 1203 1330 1266 Magister
1365 1202 1614 1252 Ortvine.
1683 1219 1784 1254 vos

263 1287 496 1336 misistis
541 1287 675 1334 mihi
728 1286 835 1334 huc
882 1285 1082 1334 librum
1123 1285 1388 1334 Iohannis
1432 1286 1784 1338 Pfcfferkorn

196 1347 213 1364 ⁸
264 1371 360 1434 qui
405 1372 491 1420 est
531 1368 891 1436 pretitulatus
928 1366 1214 1418 ‘Defensio
1249 1368 1514 1419 Iohannis
1547 1371 1784 1422 Pfeffer·

263 1453 403 1502 korn
438 1459 634 1502 contra
668 1453 946 1501 famosas'.
1021 1453 1194 1513 Quem
1228 1454 1450 1517 utique,
1495 1455 1642 1502 sicut
1685 1471 1782 1520 pe-

261 1537 500 1598 tivistis,
548 1534 766 1584 ostendi
812 1535 1064 1585 omnibus
1100 1535 1388 1599 Magistris
1433 1539 1638 1586 nostris
1683 1553 1784 1602 per

261 1623 435 1670 totam
468 1618 839 1680 Parthisiam,
876 1623 932 1667 ct
966 1617 1222 1668 sim-iliter
1257 1618 1324 1668 de
1360 1625 1550 1670 nostro
1587 1621 1780 1672 ordine

261 1702 585 1767 Theologis‚
632 1703 730 1764 qui
772 1701 1108 1752 unanimiter
1143 1701 1429 1753 dixerunt:
1479 1703 1647 1754 ‘Ecce
1681 1705 1781 1760 Al·-

260 1786 446 1835 mania
480 1785 652 1834 habet
685 1784 963 1836 notabiles
988 1785 1316 1850 Theologos.
1371 1787 1433 1836 Si
1467 1803 1610 1838 unus
1647 1790 1776 1838 sim-

261 1869 389 1933 plex
424 1869 622 1918 scribit
654 1869 824 1932 talia,
863 1868 996 1932 quid
1029 1868 1296 1922 deberent
1329 1859 1522 1922 facere
1543 1873 1695 1933 docti
1723 1877 1782 1922 et

260 1953 529 2016 promoti?
580 1953 655 2002 Et
704 1966 844 2002 unus
897 1953 1264 2020 interrogavit
1314 1971 1432 2018 me,
1487 1971 1558 2006 au
1605 1957 1778 2006 etiam

258 2037 539 2101 principes
584 2037 643 2084 in
677 2034 937 2086 Almania
980 2037 1198 2088 faciunt
1231 2055 1486 2104 magnam
1519 2053 1782 2090 reveren-

256 2121 395 2170 tiam
436 2120 673 2170 Iohanni
716 2119 1119 2172 Pfefferkorn?’
1163 2123 1442 2189 Respondi
1486 2123 1632 2188 quod
1677 2140 1782 2189 pro

256 2206 415 2266 parte
450 2203 534 2252 sic
568 2207 624 2252 et
658 2219 756 2268 pro
792 2207 953 2268 parte
989 2221 1114 2256 non.
1177 2211 1234 2256 ct
1269 2208 1510 2269 qualiter
1542 2209 1664 2272 ipse
1691 2213 1784 2258 est

257 2300 421 2336 verus
459 2289 516 2336 et
550 2285 789 2337 dilectus
814 2287 1152 2338 sollicitator
1173 2289 1532 2354 Imperatoris
1557 2291 1628 2342 ad
1650 2307 1780 2356 pro-

260 2368 561 2420 curandum
604 2371 887 2436 negotium
922 2371 990 2424 de
1026 2372 1184 2422 libris
1219 2373 1511 2440 Iudeorum
1548 2377 1604 2424 et
1639 2389 1781 2440 aug-

256 2456 497 2504 mentum
547 2453 673 2504 fidei
723 2453 1058 2522 Christiane.
1145 2457 1219 2504 Et
1275 2457 1422 2520 quod
1476 2458 1784 2522 episcopua

255 2536 698 2601 Moguntinensis
734 2537 825 2604 pie
859 2539 1118 2605 memorie
1153 2538 1446 2590 defunctus
1481 2541 1593 2589 iam
1629 2543 1780 2592 sole-

256 2620 355 2669 bat
392 2635 513 2670 eum
548 2621 709 2672 valde
748 2635 935 2670 amare
974 2625 1031 2671 et
1065 2623 1318 2686 promisit
1341 2623 1394 2672 ei
1419 2624 1692 2674 auxilium
1716 2627 1779 2676 in

254 2704 417 2754 rebus
477 2704 728 2754 omnibus
784 2708 1050 2767 quantum
1108 2708 1162 2756 ei
1206 2707 1314 2756 fuit
1358 2709 1653 2771 possibile:
1718 2715 1780 2760 et
