1942 3109
187 249 442 290 onrvnu
481 246 679 285 amru
713 245 994 283 umescens
1026 244 1438 286 Aronocnrros.
1510 229 1611 284 367

71 365 242 415 ‚hum
291 356 471 408 omnis
515 354 768 419 nequitie
823 356 993 417 atque
1052 350 1393 420 impudentia
1450 350 1611 404 deum

71 446 310 498 {bristo
357 440 632 493 salvatori
673 441 863 490 nostro
906 437 1233 504 impiissime
1270 441 1629 503 comparant:
1670 483 1675 486 .

71 528 344 596 {emelen
386 528 641 592 insuper,
699 523 852 576 Iovis
907 522 1253 574 meretricem
1300 525 1359 573 et
1399 522 1613 573 Bacchi

71 606 337 676 natrem',
373 610 564 662 dicunt
597 609 914 676 significare
948 608 1175 658 beatam
1196 607 1469 673 virginem
1490 607 1609 658 Ma-

71 705 252 764 riam,
301 699 364 746 ut
397 696 688 762 Iudeorum'
723 710 874 746 more
919 693 1051 744 huic
1085 692 1403 746 illuderent.
1470 692 1611 742 Item

71 802 182 839 ron
237 783 578 834 erubescunt
622 781 684 831 in
719 778 914 832 eadem
949 777 1191 844 epistola
1224 774 1247 845 ΙΙ
1280 776 1610 829 scandalose
1636 777 1692 844 β

71 871 329 922 seribere
339 867 622 919 Pir-amum
637 863 725 930 (de
751 879 858 930 quo
878 863 1046 915 estin
1070 863 1281 914 fabulis
1304 860 1613 930 poetarum)

71 956 362 1006 amentem
385 967 612 1018 prorsus
635 951 928 1016 hominem,
966 947 1285 1014 significare
1310 947 1482 999 filium
1504 947 1615 1012 dei,

71 1044 128 1092 et
168 1036 426 1088 Thisben
470 1049 578 1105 que
623 1037 865 1103 seipsam
907 1034 1191 1086 interemit
1232 1033 1385 1099 turpi
1427 1049 1615 1086 amore

71 1123 381 1187 corrupta,
439 1121 679 1172 animam
724 1120 1019 1186 designare
1064 1119 1377 1171 humanam.
1448 1118 1613 1184 idque

71 1205 260 1276 [quod
292 1209 382 1257 est
413 1206 651 1256 omnium
682 1203 1001 1272 pessimum)
1028 1206 1293 1272 scriptum
1318 1219 1441 1258 esse
1464 1221 1616 1256 men-

71 1295 304 1348 tiuntur
349 1291 506 1356 Luce
547 1303 628 1341 .11.
711 1281 762 1340 (I
804 1290 872 1340 In
919 1306 1142 1342 .xxv111.
1190 1289 1433 1356 epistola
1479 1290 1615 1342 abu-

71 1382 282 1434 tuntur
315 1391 414 1442 per
451 1373 796 1425 derisionem·
817 1377 1113 1428 sententiis
1150 1375 1513 1440 evangelicis.
1548 1374 1616 1424 In

71 1479 262 1520 ‚xx1x.
299 1460 364 1512 fit
399 1457 682 1524 sacrilega
718 1461 1001 1511 enarratio
1044 1460 1110 1511 de
1156 1461 1485 1513 ascensione
1520 1458 1615 1511 do-

71 1549 221 1603 mini
257 1549 316 1598 et
351 1549 594 1596 extremo
629 1543 856 1608 iudicio,
894 1549 950 1596 et
982 1545 1170 1598 illusio
1206 1545 1445 1616 quedam
1482 1562 1616 1612 apo-

71 1633 302 1688 stolicis
360 1645 428 1682 ac
479 1629 608 1698 dive
663 1631 884 1696 virgini.
964 1631 1033 1690 In
1088 1647 1231 1686 axx.
1276 1633 1617 1684 mentiuntur

71 1718 501 1772 sanctissimum
537 1715 812 1766 dominum
844 1719 1098 1768 nostrum
1131 1718 1375 1770 Leonem
1410 1732 1617 1783 papam

71 1805 361 1856 decimum
401 1800 784 1866 indulgentias
829 1799 1049 1852 dedisse
1096 1802 1154 1851 in
1199 1803 1364 1853 rebus
1399 1802 1609 1853 inutili·

71 1893 215 1954 bus,
274 1885 607 1939 scandaloso
653 1884 819 1937 simul
861 1883 1121 1936 sanctum
1166 1887 1615 1939 Bonaventuram

73 1971 406 2028 deridendo.
482 1963 533 2022 (I
575 1971 641 2021 In
680 1985 929 2026 .xxx1111.
965 1972 1117 2022 inter
1160 1971 1277 2022 alia
1320 1971 1613 2024 mendacia

73 2058 322 2112 ridicule
367 2058 666 2121 loquuntur
712 2056 780 2108 de
825 2071 976 2121 aqua
1021 2059 1079 2107 et
1122 2057 1240 2108 sale
1283 2056 1616 2123 benedictiS,

75 2148 290 2214 quibus
335 2147 524 2194 tamen
568 2146 768 2193 sancta
811 2146 993 2194 mater
1042 2141 1287 2194 ecclesia
1337 2143 1515 2194 utitur
1554 2145 1616 2193 in

78 2232 272 2298 pueris
328 2227 702 2294 baptizandis.
771 2228 838 2278 In
891 2243 1075 2282 ,mm
1120 2225 1474 2278 effunduntur
1525 2244 1611 2290 ea,

83 2331 193 2384 que
238 2329 402 2366 nemo
443 2311 774 2364 histrionum
818 2311 1007 2364 dicere
1056 2312 1289 2364 auderet
1321 2315 1380 2364 in
1414 2316 1612 2378 prosti-

80 2403 237 2455 bulo.
314 2390 368 2448 (I
409 2397 476 2448 In
521 2411 731 2448 ‚xxxvn
774 2397 1010 2450 ridicule
1064 2399 1237 2450 etiam
1288 2400 1348 2450 in
1392 2415 1614 2452 sacrum

80 2489 384 2553 loquentes
427 2483 708 2548 baptisma
751 2486 1095 2536 mentiuntur
1140 2484 1477 2536 clarissimos
1511 2485 1612 2534 Er-

85 2571 419 2637 phordensis
467 2567 638 2620 studii
679 2567 936 2620 doctores
981 2567 1408 2633 determinasse,
1466 2569 1614 2634 quod

87 2657 258 2728 Iudeo
301 2655 591 2724 baptizato
635 2655 837 2706 iterum
889 2658 1219 2706 renascatur
1270 2656 1613 2724 prepucium.
