1942 3109
146 251 621 291 nsxnnnnonns
660 253 965 292 onscvaon.
988 254 1182 291 vizon.
1211 237 1533 307 [versus]
1571 239 1670 291 267

146 359 281 409 dam
305 362 578 409 auctores.
614 358 827 409 Damus
859 358 1060 411 bonum
1096 374 1194 424 pro
1229 359 1396 423 malo,
1431 374 1536 410 nec
1569 375 1670 412 vos

147 444 259 493 hoc
300 442 423 494 loco
477 458 625 494 more
669 447 853 494 vestro
908 444 1192 495 nominare
1236 443 1541 508 voluimus,
1600 460 1670 495 ne

151 527 325 579 stulto
374 527 723 593 respondisse
768 529 1138 580 iudicaremur
1181 530 1340 579 iuxta
1375 528 1670 578 stultitiam

150 628 337 677 suam,
383 628 451 664 ne
488 616 657 665 etiam
696 617 887 664 contra
924 612 1134 664 Christi
1167 612 1477 665 doctrinam
1510 614 1669 664 vobis

96 714 127 754 5
152 698 247 750 vel
281 699 597 751 viventibus
631 698 726 752 vel
758 699 1018 764 mortuis,
1056 701 1155 748 aut
1187 698 1362 750 vestri
1396 697 1670 748 similibus

61 780 70 813 ³¹
148 782 439 835 dumtaxat
473 785 649 849 notis,
696 782 951 835 scandali
997 781 1212 847 aliquid
1254 782 1670 849 imponeremus.

150 868 215 918 Si
247 884 357 919 non
392 872 479 918 est
512 868 720 932 aliquis
746 868 1104 919 Ollilambius
1141 868 1200 917 in
1234 882 1414 919 rerum
1449 870 1668 931 natura,

153 954 202 1000 si
236 950 423 1001 nullus
458 952 915 1017 Langsniderius‚
954 952 1088 1016 quid
1123 953 1356 1004 obsecro
1393 950 1538 1003 fictis
1573 964 1669 1003 no-

150 1036 393 1087 minibus
428 1048 517 1087 res
552 1036 677 1101 ipsa
712 1038 1036 1103 peragitur?
1069 1036 1287 1088 Discite
1322 1038 1464 1088 bene
1504 1050 1670 1102 agere

72 1134 129 1175 1ο
154 1124 213 1172 et
246 1120 421 1171 nolite
458 1121 689 1187 gloria-ri
732 1122 791 1172 in
835 1121 1065 1172 malicia
1102 1127 1158 1172 et
1192 1122 1480 1186 nequicia,
1528 1120 1673 1186 quod

151 1210 239 1256 est
262 1210 555 1270 peccatum
576 1208 636 1255 in
660 1206 912 1272 spiritum
936 1209 1207 1257 sanctum.
1234 1206 1510 1257 Modestia
1533 1220 1670 1272 opus

152 1295 264 1355 est,
322 1306 432 1342 non
473 1292 668 1356 iniqua
717 1291 1098 1354 contentione,
1157 1305 1268 1354 qua
1314 1288 1670 1356 Capnionem‚

148 1375 309 1427 vobis
354 1374 715 1442 proculdubio
760 1374 1170 1442 indignantem,
1217 1373 1516 1426 defendere
1562 1389 1675 1425 non

148 1461 404 1526 potestis.
478 1460 761 1513 Credimus
806 1466 1084 1527 postremo
1140 1458 1352 1511 nullum
1397 1474 1523 1511 esse
1568 1460 1670 1510 sub

45 1558 127 1599 ·15
149 1547 271 1615 celo
305 1552 529 1612 poetam
562 1548 731 1613 pium,
768 1544 1007 1610 doctum,
1047 1544 1318 1597 eruditum
1357 1549 1414 1597 et
1448 1544 1673 1611 sapien-

147 1634 287 1695 tem,
338 1633 434 1697 qui
477 1632 779 1683 schurriles
812 1636 1034 1684 vestras
1081 1629 1348 1696 epistolas
1396 1644 1537 1695 quas
1575 1630 1670 1681 ob-

147 1729 429 1765 scurorum
485 1716 851 1782 inscripsistis
876 1752 891 1779 ,
961 1730 1130 1766 manu
1187 1730 1288 1765 sua
1348 1717 1446 1765 aut
1503 1715 1671 1764 etiam

148 1795 324 1860 digito
370 1801 603 1861 tangere
649 1798 923 1863 dignetur.
994 1798 1114 1848 Non
1160 1801 1287 1847 sunt
1329 1802 1493 1864 poete
1538 1797 1672 1848 boni

148 1878 360 1931 similes
404 1880 582 1932 vobis.
654 1880 767 1931 Alii
812 1881 1226 1931 sacratissimas
1270 1881 1511 1947 elegias,
1572 1882 1676 1932 alii

72 1976 129 2018 20
147 1963 385 2027 morales
419 1979 633 2029 versus,
668 1964 773 2015 alii
804 1980 935 2016 vero
975 1962 1058 2029 (ut
1089 1964 1360 2030 videmus)
1398 1967 1671 2017 honestis-

148 2050 343 2100 simam
387 2052 795 2116 prosequuntur
837 2050 1145 2099 materiam.
1215 2049 1336 2100 Non
1381 2050 1554 2115 igitur
1597 2052 1668 2101 ab

148 2133 458 2185 oratoribus
506 2136 603 2183 aut
645 2133 825 2199 poetis
870 2132 967 2183 sed
1005 2148 1038 2183 a
1072 2134 1324 2198 pessimis
1361 2134 1670 2200 quibusque

148 2218 519 2270 nebulonibus
556 2233 624 2269 ac
658 2216 865 2283 pseudo
894 2215 1228 2269 Christianis
1267 2216 1385 2284 (qui
1421 2234 1480 2270 se
1517 2220 1670 2287 ipsos

150 2304 432 2354 Obscuros
488 2306 544 2355 et
586 2302 1004 2353 Reuchlinistas
1058 2303 1437 2371 appellarunt)
1482 2309 1667 2372 vestre

76 2400 130 2441 25
149 2392 278 2440 sunt
314 2386 485 2455 effuse
524 2386 779 2455 epistole.
852 2401 988 2453 quos
1025 2402 1126 2452 ego
1162 2386 1392 2438 laudare
1429 2402 1540 2439 non
1574 2388 1666 2441 de-

146 2474 273 2540 bui,
333 2488 497 2540 quum
543 2475 740 2523 sancta
788 2471 947 2523 sedes
995 2472 1308 2539 apostolica
1353 2472 1668 2536 iniquitatis

151 2575 245 2610 eos
280 2558 422 2611 filios
463 2573 583 2610 esse
620 2556 948 2609 decreverit.

250 2644 391 2695 Vale
415 2644 593 2695 lector
617 2643 941 2708 christiane,
971 2647 1026 2695 et
1049 2642 1154 2710 hec
1181 2656 1285 2712 que
1314 2644 1455 2694 citra
1483 2644 1667 2693 cuius·
