1942 3109
297 219 395 272 190
431 227 808 270 ruramcoam
829 224 1069 264 neruus.
1094 220 1311 260 contrua
1332 219 1549 258 nanos.
1572 222 1839 259 ossi-1³.

293 341 618 393 versitatem
671 335 866 397 habet,
909 328 1019 382 'sed
1072 343 1413 395 synagogam
1470 326 1745 397 Sathane
1790 331 1841 378 et

299 429 562 489 obscuros
607 422 856 473 homines
901 414 1393 483 impudentissimis
1451 413 1837 465 nebulonibus

298 514 464 578 longe
507 509 764 560 tetriores
821 519 918 571 pro
975 519 1033 553 se
1086 500 1293 551 habore
1350 497 1644 563 creditur,
1702 499 1835 563 quod

303 611 468 662 quam
504 595 580 645 sit
611 593 860 657 iniquum
895 603 1055 640 nemo
1091 590 1179 636 est
1201 585 1441 636 omnium
1468 585 1571 648 qui
1599 587 1831 651 ignorat.

306 675 359 733 (1
412 683 498 731 Ex
541 679 668 729 istis
715 680 772 727 et
815 675 943 726 aliis
990 671 1047 722 id
1092 686 1265 736 genus
1320 670 1831 721 innumerabilibus

303 765 634 828 mendaciis,
675 777 782 829 que
817 764 932 811 tam
967 759 1026 808 in
1062 756 1276 808 oculari
1312 753 1551 819 speculo
1592 769 1745 821 quam
1768 754 1821 801 in

304 850 629 903 defensione
675 861 778 897 sua
821 846 928 895 toti
974 842 1141 893 noxia
1188 839 1627 891 christianitati
1667 842 1819 903 impu·

305 938 500 988 denter
535 932 836 998 expressit,
875 929 1067 994 optimi
1102 927 1309 991 quique
1344 925 1714 976 considerare
1744 924 1829 974 de·

305 1025 468 1086 bent,
505 1023 590 1071 tot
625 1016 1054 1068 universitatum
1088 1010 1343 1062 doctores
1380 1025 1496 1060 non
1520 1011 1734 1061 fecisse
1757 1010 1833 1058 in-

303 1109 505 1159 iuriam
539 1103 739 1155 Ioanni
769 1097 1074 1161 Reuchlin,
1112 1096 1210 1148 sed
1231 1099 1433 1146 saneto
1462 1111 1533 1145 ac
1556 1095 1835 1145 catholice

306 1195 364 1243 in
411 1206 534 1242 eum
579 1185 898 1252 scripsisse,
959 1197 1082 1233 cum
1138 1179 1223 1246 (ut
1278 1184 1366 1231 est
1412 1182 1473 1230 in
1516 1179 1837 1245 proverbio)

309 1278 434 1345 plus
471 1274 621 1327 oculi
651 1269 883 1323 videant
917 1284 1085 1333 quam
1118 1266 1331 1317 oculus.
1407 1265 1497 1316 Ob
1542 1265 1698 1316 hauc
1740 1265 1838 1330 igi-

310 1369 400 1414 tur
437 1373 662 1411 causam
696 1371 856 1406 nemo
893 1353 1085 1404 credat
1131 1349 1447 1402 defensioni
1492 1351 1709 1415 ipsius,
1759 1349 1839 1398 eui

313 1450 450 1512 quot
491 1443 666 1492 insint
711 1440 1005 1491 mendacia
1052 1437 1299 1503 cogitare
1346 1435 1604 1501 poterint
1660 1435 1835 1502 pauci,

311 1531 497 1582 dicere
531 1539 708 1576 nemo.

452 1661 776 1727 Sequitur
813 1658 1093 1728 quedam
1129 1655 1509 1724 prophetia
1546 1661 1611 1708 et
1646 1657 1713 1708 de

661 1761 805 1798 novo
842 1743 1117 1810 quoddam
1150 1742 1496 1811 predicante,

423 1864 476 1922 (1
510 1869 718 1920 Dicent
751 1863 1111 1930 proculdubio
1147 1863 1255 1912 viri
1288 1862 1451 1925 boni,
1502 1873 1611 1912 nos
1654 1861 1849 1913 condo-

315 1960 492 2011 lemus
535 1953 642 2006 tibi
687 1951 798 2002 iam
841 1947 1051 2016 pridem
1086 1947 1375 2012 baptizato
1414 1961 1486 1996 ac
1522 1949 1745 1998 ceteris
1778 1947 1851 1996 di-

316 2057 604 2096 versarum
655 2036 1083 2088 universitatum
1136 2030 1455 2084 doctoribus
1502 2034 1562 2080 et
1614 2034 1849 2083 maxime
1893 2011 1894 2018 ἵ

319 2124 743 2194 Agrippinensis
781 2119 1067 2185 academie
1112 2115 1423 2182 magistris,
1468 2117 1592 2166 tam
1643 2119 1851 2168 iniuste
1893 2163 1894 2174 ,

321 2216 546 2274 tamque
583 2207 752 2270 impie
789 2221 824 2254 a
857 2207 974 2253 tam
1008 2201 1313 2268 improvido
1341 2200 1570 2251 doctore
1600 2202 1848 2254 offensis.

319 2291 646 2360 Respondeo
682 2290 788 2340 hoc
825 2290 956 2339 ante
997 2301 1103 2338 .xx.
1130 2301 1305 2338 annos
1332 2283 1403 2350 (si
1426 2285 1571 2336 bene
1600 2285 1847 2350 memini)

321 2381 483 2434 nobis
510 2375 932 2430 Coloniensibus
958 2389 993 2424 a
1015 2373 1223 2423 Ioanne
1248 2371 1706 2438 Lichtenberger
1742 2375 1847 2424 sive

324 2465 612 2530 peregrino
636 2463 784 2512 Ruth
817 2459 1091 2510 heremita
1128 2455 1307 2521 (cuius
1342 2458 1719 2522 prognostica
1744 2459 1847 2507 Μο-

327 2547 518 2612 guntie
574 2551 688 2594 tam
745 2545 922 2595 latine
980 2557 1144 2606 quam
1194 2541 1519 2592 theutonice
1576 2541 1847 2609 impressa

195 2627 317 2694 cviij
331 2626 484 2692 sunt)
520 2627 870 2691 vatilcinata
904 2627 1099 2676 fuisse.
1172 2625 1266 2676 Sic
1302 2626 1449 2675 enim
1484 2627 1695 2678 scribit
1720 2627 1849 2680 folio

328 2727 446 2764 xvn
503 2709 806 2761 ‘Attendite
860 2727 894 2762 o
935 2724 1037 2761 vos
1089 2708 1407 2774 philosophi
1462 2707 1851 2766 colonienses,
