1942 3109
232 189 330 243 104
485 201 780 240 annona
813 197 1189 238 osscvaoavn
1220 195 1495 232 vmoavu.

934 402 1031 463 36.

267 472 1049 584 ΕἱῐθΙηατΥἷαῦἰωιιιΒ
1108 503 1199 568 de
1243 501 1726 566 Pesseneck

399 629 606 684 ordinis
641 628 930 680 wilhelmi
967 641 1157 678 cursor
1192 627 1251 675 in
1285 623 1569 690 theologia

521 731 855 796 Magistro
893 729 1183 780 Ort-vino
1218 727 1462 778 Gratia

489 829 738 882 Salutem
799 830 936 881 dicit
994 829 1515 880 numerosissimam.

338 967 404 1018 ‘A
427 971 838 1028 naturabsumus
861 965 1099 1032 proclivi
1134 964 1205 1014 ad
1238 963 1483 1026 malm',
1518 967 1581 1020 ut
1616 963 1777 1029 legi-

231 1069 351 1104 mus
395 1053 454 1102 in
497 1051 816 1102 autenticis.
876 1051 1011 1102 Ideo
1046 1050 1189 1100 inter
1224 1050 1473 1103 homines
1508 1043 1783 1100 audimus

232 1153 450 1202 semper
493 1137 656 1202 plura
699 1136 849 1186 mala
885 1151 1053 1200 quam
1094 1137 1260 1188 bona.
1318 1135 1439 1200 Ego
1475 1133 1783 1198 disputavi

232 1236 408 1286 nuper
450 1221 509 1270 in
543 1221 856 1270 Wormatia
902 1236 1026 1270 cum
1070 1220 1283 1277 duobus
1316 1219 1503 1286 Iudeis
1537 1223 1595 1270 et
1637 1235 1782 1284 pro-

233 1306 368 1357 bavi
401 1304 547 1370 quod
588 1306 831 1370 ipsorum
876 1304 969 1358 lex
1004 1320 1103 1370 per
1138 1303 1417 1356 Christum
1454 1307 1603 1356 esset
1640 1319 1779 1356 eae·

239 1393 386 1454 sata,
433 1393 602 1454 atque
640 1388 786 1453 quod
821 1389 1135 1454 expectatio
1169 1390 1417 1454 ipsorum
1452 1388 1518 1440 de
1553 1387 1783 1444 Massia

241 1478 392 1526 esset
435 1489 550 1524 una
593 1489 749 1524 mera
791 1474 983 1524 frasea
1028 1477 1085 1524 et
1126 1473 1456 1538 phantasia,
1495 1489 1563 1524 ae
1596 1489 1781 1538 super

239 1559 346 1610 hoc
395 1557 644 1624 allegavi
688 1556 964 1609 dominum
1010 1558 1275 1611 Ioannem
1309 1557 1663 1613 Pfefferkorn
1708 1559 1782 1610 in

239 1643 492 1697 Colonia.
528 1642 625 1692 Illi
659 1658 790 1693 vero
825 1643 1069 1694 riserunt
1102 1641 1499 1707 dixeruntque:
1546 1641 1782 1696 ‘Vester

240 1729 479 1780 Ioannes
514 1726 866 1779 Pfefferkorn
909 1727 970 1777 in
1006 1727 1239 1778 Colonia
1284 1731 1371 1778 est
1403 1742 1545 1779 unus
1589 1731 1781 1794 pessi-

236 1828 355 1864 mus
381 1813 650 1864 trufator:
675 1812 818 1864 nihil
842 1812 951 1862 seit
972 1813 1035 1862 in
1060 1812 1295 1880 hebreo:
1320 1813 1441 1878 ipse
1466 1813 1657 1864 faetus
1686 1819 1783 1864 est

239 1897 576 1948 christianus
601 1899 664 1946 ut
688 1911 844 1946 suam
867 1897 1179 1960 nequitiam
1202 1899 1529 1949 occultaret.
1578 1899 1780 1960 Quan-

239 1980 306 2032 do
331 1981 440 2030 fuit
466 1980 644 2030 adhuc
670 1979 872 2048 Iudeus
897 1980 958 2030 in
980 1980 1235 2035 Moravia
1250 2020 1265 2046 ,
1298 1983 1577 2047 percussit
1599 1998 1779 2034 unam

235 2067 521 2118 mulierem
543 2066 602 2116 in
625 2065 828 2116 faeiem
852 2065 997 2130 quod
1016 2081 1128 2116 non
1150 2071 1333 2132 potuit
1347 2066 1537 2118 videre
1552 2063 1615 2117 in
1632 2068 1779 2120 ban-

238 2153 338 2214 eis,
362 2151 458 2201 ubi
481 2154 762 2200 mutantur
783 2151 997 2214 floreni‚
1023 2153 1081 2201 et
1104 2153 1325 2216 accepit
1344 2151 1641 2216 plusquam
1668 2168 1777 2205 ,σα

238 2236 472 2284 florenos
511 2234 821 2300 aufugiens.
892 2236 967 2284 Et
992 2237 1051 2285 in
1076 2235 1188 2286 alio
1213 2235 1337 2286 loco
1362 2239 1589 2301 propter
1610 2253 1779 2300 suum

237 2321 446 2370 furtum
479 2320 590 2370 fuit
620 2320 732 2370 sibi
763 2324 1007 2370 erectum
1053 2319 1395 2385 patibulum,
1440 2321 1537 2370 sed
1581 2323 1781 2374 neseio

241 2402 508 2469 quomodo
542 2405 652 2454 fuit
683 2403 983 2472 liberatus:
1028 2420 1128 2456 nos
1173 2405 1411 2456 vidimus
1456 2407 1777 2471 patibulum

240 2491 296 2538 et
329 2487 490 2537 multi
526 2488 834 2539 Christiani
879 2489 1163 2554 viderunt,
1224 2491 1393 2540 etiam
1440 2490 1618 2554 aliqui
1664 2508 1761 2543 no-

242 2572 438 2640 biliste
501 2588 636 2636 quos
694 2589 985 2638 possumus
1042 2575 1203 2626 vobis
1268 2576 1581 2627 nominare:
1643 2594 1773 2643 pro-

243 2660 436 2722 pterea
481 2673 590 2707 non
627 2657 841 2709 debetis
876 2658 1011 2708 mihi
1046 2659 1295 2726 allegare
1330 2661 1498 2712 istum
1544 2662 1761 2713 furem'.
