1942 3109
197 225 567 268 38.nnua¹r1ur
581 224 877 264 mannen.
915 222 1198 268 assumes.
1213 229 1583 268 srnrnnaror.
1629 215 1733 268 283

196 333 339 384 bilis
362 331 655 396 Magister.
716 330 979 382 Intimavi
1002 334 1162 384 vobis
1185 349 1318 401 sepe
1343 335 1586 397 qualiter
1619 349 1732 385 non

197 431 325 466 sum
358 416 452 464 hic
490 415 764 478 libenter,
800 413 911 466 Sed
946 416 1109 467 credo
1147 417 1292 481 quod
1327 417 1583 469 diabolus
1607 434 1734 484 por-

198 501 353 550 tavit
384 514 471 549 me
508 487 747 548 hucz‘et
778 513 889 548 non
922 515 1146 564 possum
1179 501 1438 552 recedere
1465 503 1598 565 quia
1619 517 1732 553 non

198 587 333 634 sunt
375 584 469 632 hic
504 584 652 646 bone
689 583 992 634 societates
1030 585 1178 633 sicut
1213 585 1274 634 in
1308 583 1586 635 Almania.
1656 585 1734 634 Et

198 667 453 718 homines
500 681 610 716 non
656 669 786 715 sunt
829 665 908 715 ita
954 666 1228 718 sociales:
1277 672 1336 717 et
1379 667 1592 719 habent
1633 683 1732 731 pro

199 751 349 802 malo
412 748 636 812 quando
682 749 890 812 aliquis
936 751 1112 800 semel
1154 752 1213 800 in
1255 749 1345 800 die
1393 756 1480 801 est
1525 752 1732 815 ebrius,

197 837 470 885 vocantes
510 847 634 882 eum
668 847 915 896 porcum.
987 834 1172 884 Etiam
1217 849 1329 886 non
1377 835 1578 888 habeo·
1603 851 1732 900 sup·

198 933 427 983 ponere.
500 917 647 978 Quia
682 916 1006 966 meretrices
1042 918 1241 968 volunt
1285 919 1518 968 multum
1562 933 1732 983 pecu-

199 1004 321 1067 nie,
368 1004 428 1052 et
461 1003 649 1048 tamen
685 1014 793 1048 non
828 1004 959 1049 sunt
994 1000 1248 1067 pulchre.
1305 1000 1380 1050 Et
1414 1000 1540 1050 dico
1574 1002 1733 1052 vobis

202 1088 259 1134 in
295 1085 545 1135 veritate
584 1081 729 1145 quod
765 1084 825 1131 in
858 1082 1033 1134 Italia
1069 1087 1200 1132 sunt
1232 1085 1314 1133 ita
1349 1083 1582 1150 distorte
1617 1098 1733 1136 mu-

198 1170 367 1219 lieres
405 1168 555 1216 sicut
591 1170 677 1215 est
709 1167 1010 1231 possibile,
1057 1169 1310 1230 quamvis
1355 1169 1566 1218 habent
1611 1167 1732 1232 pul-

200 1252 511 1302 cherrimas
554 1253 741 1300 vestes
789 1249 854 1300 de
901 1251 1082 1300 serico
1120 1256 1178 1301 et
1211 1251 1500 1302 sameloto.
1585 1252 1730 1314 Quia

199 1334 428 1399 quando
452 1332 723 1382 modicum
738 1338 877 1383 sunt
904 1349 1094 1398 senes,
1133 1338 1263 1384 tunc
1300 1335 1494 1384 statim
1517 1335 1730 1384 habent

202 1435 379 1471 curva
422 1416 587 1468 dorsa
631 1422 687 1466 et
730 1417 943 1468 vadunt
986 1419 1150 1481 quasi
1191 1417 1437 1468 vellent·
1462 1416 1732 1468 merdare.

200 1499 725 1552 Etiamcomedunt
760 1501 981 1564 allium,
1031 1505 1088 1550 et
1121 1501 1302 1568 fetent
1337 1501 1590 1552 maxime.
1659 1501 1734 1550 Et

202 1589 335 1636 sunt
382 1584 567 1651 nigre,
604 1599 709 1634 nec
744 1589 874 1634 sunt
907 1585 989 1635 ita
1027 1584 1154 1652 albe
1190 1585 1339 1634 sicut
1369 1585 1428 1633 in
1452 1585 1730 1634 Almania.

126 1651 143 1666 ⁶
201 1670 351 1720 Item
407 1670 467 1716 in
518 1668 667 1718 facie
723 1672 853 1717 sunt
905 1667 1190 1732 pallentes
1235 1669 1384 1716 sicut
1426 1682 1588 1716 mors.
1659 1666 1735 1714 Et

202 1750 427 1818 quando
463 1751 650 1817 alique
686 1755 818 1801 sunt
851 1751 1042 1816 rubre,
1089 1755 1300 1800 certum
1347 1754 1432 1800 est
1469 1750 1615 1812 quod
1651 1750 1732 1800 fe-

209 1839 406 1886 cerunt
448 1835 558 1885 sibi
606 1835 845 1886 colorem
892 1849 1016 1882 cum
1051 1835 1367 1898 unguentis.
1439 1833 1586 1896 Ergo
1624 1847 1734 1882 non

206 1919 437 1984 placent
470 1918 606 1968 mihi
638 1917 901 1967 mulieres
936 1917 1047 1966 hic.
1117 1918 1306 1970 Etiam
1351 1916 1544 1966 dicunt
1588 1915 1735 1981 quod

206 2004 267 2052 in
314 2006 492 2070 estate
536 2017 647 2050 non
694 2004 779 2052 est
812 2001 1016 2050 bonum
1051 2014 1359 2066 supponere
1396 1999 1508 2048 hic.
1577 2000 1734 2050 Tunc

206 2086 333 2135 dico
370 2101 500 2150 ego:
548 2084 701 2149 ‘ergo
745 2082 927 2132 redire
971 2083 1100 2132 volo
1145 2084 1204 2132 in
1249 2081 1589 2145 Almaniam,
1639 2081 1737 2130 ubi

206 2185 425 2234 semper
468 2170 671 2219 bonum
714 2171 800 2217 est
846 2181 1172 2232 supponere.
1254 2166 1330 2215 Et
1373 2181 1506 2234 sepe
1553 2181 1736 2216 recor-

207 2253 340 2305 davi
395 2253 638 2317 qualiter
691 2251 983 2302 habuimus
1027 2253 1086 2302 in
1129 2238 1462 2303 Daventria·
1487 2240 1736 2302 amasias

206 2353 313 2402 ego
348 2341 407 2387 et
438 2351 567 2387 vos:
614 2339 673 2384 et
703 2333 899 2386 ivimus
943 2337 1004 2385 in
1049 2335 1370 2399 despectum
1413 2335 1580 2384 istius
1641 2334 1737 2383 do-

206 2421 423 2472 micelli
477 2422 575 2482 qni
628 2419 797 2469 etiam
852 2419 1076 2470 amabat
1131 2421 1378 2468 vestram
1437 2418 1736 2467 amasiam:

208 2505 307 2555 sed
340 2507 469 2571 ipsa
504 2501 811 2553 merdasset
847 2504 899 2552 ei
936 2516 1104 2567 super
1137 2516 1215 2551 os.
1289 2499 1399 2552 Sed
1443 2516 1589 2551 nunc
1639 2515 1736 2550 au-

208 2587 327 2640 divi
372 2586 619 2651 qualiter
663 2584 875 2636 debetis
922 2599 1232 2649 supponere
1278 2599 1501 2634 uxorem
1537 2583 1738 2633 Iohan-

208 2670 687 2721 nis-Pfefferkorn
732 2685 905 2719 causa
948 2669 1286 2718 honestatis:
1335 2668 1478 2728 quia·
1522 2669 1608 2712 est
1653 2677 1738 2710 se-
