1942 3109
56 210 587 257 :uAunn'rA‘rxolms
623 210 927 249 oascvaoa.
952 210 1148 248 vinea.
1175 178 1488 262 [nune]
1533 196 1637 249 209

64 318 421 375 tationibus
476 330 615 383 opus
670 318 756 367 est
802 312 1094 379 (quantum
1143 314 1279 365 mihi
1319 314 1512 367 videre
1553 316 1636 367 vi-

68 401 268 468 deor)
326 416 437 453 non
492 398 837 452 exultatione
860 437 874 465 ,
943 399 1271 465 lachrymis,
1338 414 1448 450 non
1508 397 1638 450 deo-

68 504 229 543 rum
265 487 411 537 eibo.
482 487 692 538 Vereor
736 483 1042 549 admodum,
1077 499 1148 535 ne
1182 483 1311 535 dum
1355 483 1638 549 simplices

50 576 168 637 {ac
222 572 447 637 synceri
494 566 897 621 christifideles
938 570 1104 635 plene
1147 570 1260 621 iam
1303 582 1502 634 sapere
1551 583 1638 619 ee-

78 658 298 729 perint
347 658 540 708 nostra
595 652 863 722 mysteria
882 691 896 719 ,
968 660 1108 719 quas
1177 653 1279 704 alii
1335 653 1638 717 nequitiae,

78 744 207 797 alii
282 740 691 807 blasphemias,
762 739 863 791 alii
918 755 1051 791 vero
1121 736 1460 789 nebulonum
1515 752 1639 789 ver-

75 830 289 883 sutiaa
340 825 555 891 (neseio
606 839 714 889 quo
773 824 929 875 ducti
987 820 1210 889 spiritu)
1271 822 1635 888 appellitant:

74 926 304 967 vereor
338 910 593 972 inquam,
628 923 697 957 ne
736 912 793 957 et
825 908 913 971 hi,
950 921 1182 971 quorum
1215 905 1543 958 defensione
1581 910 1639 957 et

80 994 439 1050 assistentia
498 989 579 1057 [in
620 991 767 1041 hunc
811 1005 985 1055 usque
1041 990 1218 1055 diem,
1269 988 1634 1057 nequiquam]

90 1078 347 1149 gloriati
402 1091 617 1139 sumus,
677 1078 737 1126 in
792 1075 1194 1126 contrariatum
1237 1075 1389 1126 versi
1443 1073 1638 1127 Crucis

78 1169 327 1231 signum
380 1176 455 1212 ae
511 1158 891 1224 indulgentias
948 1156 1010 1226 [a
1063 1160 1226 1211 nobis
1281 1158 1635 1225 impiissime]

75 1243 475 1317 permerdari‚
522 1242 792 1294 Tunicam
834 1244 965 1293 Iesu
1002 1243 1213 1301 Christi
1255 1232 1638 1309 pediculosam

82 1332 420 1394 nuncupari
451 1331 682 1393 vestem,
706 1326 917 1395 Regum
953 1344 1186 1395 corpora
1212 1328 1443 1395 colonie
1477 1343 1636 1393 repo-

80 1419 237 1480 sita,
274 1418 341 1465 et·
365 1414 590 1466 summis
625 1414 926 1466 honoribus
962 1430 998 1465 a
1033 1415 1286 1465 maximis
1321 1413 1636 1478 quibusque

51 1544 53 1549 .
86 1508 158 1555 in
214 1499 460 1553 ecclesia
504 1500 777 1551 hactenus
818 1503 1123 1565 venerata,
1167 1498 1351 1551 veluti
1393 1494 1662 1549 rusticos'

86 1604 171 1639 ex
208 1584 567 1649 westphalia
602 1583 799 1649 rideri,
851 1590 907 1635 et
953 1586 1072 1637 alia
1118 1584 1206 1635 his
1242 1581 1449 1635 similia
1483 1583 1635 1634 tristi

54 1670 289 1725 ·animo
328 1669 494 1733 ferre,
530 1668 818 1733 detestari,
853 1670 1133 1733 persequi,
1169 1668 1470 1731 debitaque
1508 1672 1630 1717 tan-

52 1804 54 1810 ,
82 1758 229 1805 dem
264 1752 745 1809 animadversione
780 1752 1051 1815 adhibita,
1085 1752 1284 1816 punire
1319 1767 1417 1801 nos
1443 1766 1632 1802 omnes

51 1822 361 1907 '’pei-gant,
398 1837 455 1885 et
490 1834 547 1883 in
584 1834 994 1899 sterquilinium
1027 1835 1259 1903 infamie
1297 1835 1632 1888 coniectent.

51 1912 61 1969 ³.
96 1924 151 1973 Ο
206 1930 374 1981 quam
416 1917 553 1966 mihi
586 1920 796 1969 metuo!
842 1935 947 1969 neo
981 1918 1288 1969 mendaciis
1319 1918 1411 1981 (ut
1435 1906 1639 1983 'videoy

51 1996 391 2059 *nitendum
436 2004 549 2065 eat,
608 2016 713 2051 nec
762 2016 947 2051 eorum
991 2003 1158 2066 patri.
1227 2001 1368 2053 Iuva
1411 2016 1498 2051 me
1533 2001 1630 2052 ob-

90 2102 267 2144 secro
302 2084 557 2135 consiliis
594 2085 723 2135 tuis.
794 2084 935 2137 Nam
968 2086 1069 2137 siti
1105 2088 1333 2136 enectus
1369 2088 1458 2137 est
1481 2085 1628 2135 Tan-

89 2171 276 2225 talus.
344 2167 484 2219 Vale
530 2168 647 2219 diu.
714 2169 891 2220 Tuitii
946 2186 1014 2221 ex
1061 2170 1292 2236 porcina
1337 2168 1628 2238 Iudeorum

51 2272 52 2281 ¹
88 2261 259 2309 hara.
328 2251 487 2302 Anno
525 2254 985 2309 .M.ccccc.xvm.

167 2476 212 2510 ¹³
246 2491 568 2540 nuncupare
594 2476 640 2525 1.
737 2472 780 2507 ¹⁶
814 2472 924 2526 Pro
945 2474 1100 2527 tristi
1123 2513 1136 2526 .
1153 2510 1190 2527 ..
1217 2478 1478 2542 persequi
1498 2476 1552 2527 in
1571 2476 1620 2527 2.

93 2555 179 2600 est
203 2562 351 2609 ‚egre
376 2546 489 2596 sint
513 2544 701 2595 laturi.
1243 2562 1254 2569 ’

1253 2759 1318 2819 14
