1942 3109
683 182 748 227 54.
773 189 1075 224 wunnmu
1100 191 1320 228 mucor.
1652 177 1751 229 327

239 293 378 358 quia
399 290 794 342 SanctiSsimus
819 293 1066 344 dominus
1084 295 1241 360 Papa
1269 296 1560 360 cogitabit:
1586 295 1749 348 ‘Ecce

237 393 390 427 nunc
426 377 590 429 video
629 378 774 441 quod
808 379 943 429 nihil
970 384 1054 429 est
1077 380 1135 428 in
1160 379 1457 446 Theologis
1482 382 1589 430 nisi
1611 397 1749 446 pura

237 462 488 513 Invidia:
528 461 589 512 Si
615 463 758 512 enim
785 469 964 514 essent
990 464 1257 530 Theologi
1273 503 1286 529 ,
1312 466 1471 514 immo
1495 467 1544 515 si
1568 471 1751 518 essent

243 547 569 610 Christiani,
596 547 858 597 deberent
879 551 1063 614 potius
1091 551 1524 614 compassionem
1546 550 1749 602 habere

238 632 311 682 de
356 632 518 682 malis
567 632 804 682 alicuius
851 633 1153 684 Christiani
1200 649 1365 698 quam
1409 634 1648 699 gaudere
1697 641 1753 684 et

237 717 530 768 exultare’.
602 716 674 764 Et
722 719 959 768 credatis
1007 720 1140 768 mihi
1185 718 1329 784 quod
1374 719 1476 769 hoc
1522 719 1750 769 multum

233 803 584 868 promovebit
619 817 842 852 causam
865 803 1126 853 Iohannis
1150 803 1444 869 Reuchlin,
1484 808 1539 855 et
1562 819 1748 854 omnes

238 888 467 937 credent
503 886 646 950 quod
683 903 750 936 ex
785 886 998 936 invidia
1033 888 1357 937 tribulatur:
1396 888 1539 952 quod
1562 893 1749 939 tamen

237 973 303 1018 in
345 972 428 1020 rei
473 972 710 1020 veritate
749 984 1030 1032 nunquam
1068 973 1397 1034 compertum
1434 975 1533 1022 est.
1606 975 1750 1034 Quia

237 1055 339 1105 ille
395 1055 744 1106 adversarius
799 1058 987 1104 noster
1040 1069 1137 1104 seu
1189 1055 1370 1119 potius
1422 1056 1479 1104 in
1534 1054 1751 1105 Christo

237 1141 481 1203 amicUS‚
529 1143 586 1190 et
632 1140 718 1188 sui
751 1139 1244 1204 PhilocapnioneS,
1292 1139 1346 1188 id
1383 1143 1467 1189 est
1498 1140 1631 1189 Filii
1664 1139 1751 1189 Io·

235 1225 441 1274 hannis
465 1224 764 1288 Reuchlin,
791 1225 1046 1274 fecerunt
1066 1225 1325 1274 iniuriam
1348 1223 1582 1274 Iohanni
1599 1225 1750 1274 Pfef-

235 1309 495 1374 ferkorn,
545 1310 641 1373 qui
684 1308 927 1359 defendit
972 1325 1031 1359 se
1080 1312 1136 1359 et
1182 1309 1406 1373 scripsit
1440 1309 1749 1362 veritatem.

237 1395 316 1443 Et
351 1394 585 1458 ipsemet
620 1394 762 1459 petit
797 1393 941 1457 quod
976 1395 1240 1443 moriatur
1274 1395 1322 1442 si
1357 1393 1446 1444 vel
1468 1394 1746 1446 minimum

235 1478 590 1530 mendacium
643 1479 890 1544 scripsit,
947 1479 1207 1542 Quamvis
1258 1478 1559 1530 Psalmista
1611 1478 1748 1528 dicit

237 1565 455 1614 ‘Omnis
492 1564 648 1614 homo
671 1564 938 1614 mendax'.
998 1565 1111 1614 Nec
1148 1563 1311 1614 debet
1345 1565 1565 1615 obstare
1603 1563 1747 1627 quod

235 1648 520 1698 Iohannes
555 1647 899 1698 Pfefferkorn
933 1649 991 1696 in
1025 1649 1287 1712 nequitiis
1325 1653 1380 1697 et
1426 1649 1745 1698 criminibus

243 1749 278 1782 a
315 1731 518 1796 puerili
550 1733 718 1797 proch
752 1734 906 1784 dolor
950 1736 1103 1798 etate
1151 1729 1233 1796 (ut
1279 1733 1509 1796 ipsemet
1552 1732 1748 1782 scribit

247 1816 308 1863 in
352 1815 664 1868 defensione
710 1834 812 1868 sua
859 1823 1050 1868 contra
1084 1816 1369 1882 Famosas)
1410 1818 1747 1868 exercitatus

252 1902 353 1948 est.
427 1900 566 1962 Quia
599 1903 732 1952 licet
768 1902 974 1965 aliquis
1012 1903 1176 1952 etiam
1212 1918 1309 1966 per
1344 1901 1565 1966 longum
1612 1905 1745 1951 tem-

243 1999 348 2050 pus
385 1986 458 2034 sit
493 1987 670 2036 malus
707 1991 762 2037 et
809 1987 1182 2049 nequitiosus,
1229 1990 1416 2034 tamen
1458 1985 1595 2034 bene
1643 1986 1747 2034 ite-

240 2085 361 2118 rum
395 2075 579 2135 potest
612 2070 730 2121 fieri
763 2071 994 2136 probus:
1042 2069 1123 2119 sic
1167 2069 1256 2134 pie
1304 2067 1626 2118 credendum
1664 2071 1749 2118 est

244 2153 312 2204 de
346 2153 590 2205 Iohanne
625 2153 970 2206 Pfefferkorn
1008 2155 1101 2220 qui
1137 2159 1495 2219 regeneratus
1533 2158 1616 2204 est
1651 2169 1749 2218 per

240 2239 480 2303 gratiam
533 2241 947 2304 spiritussancti
998 2241 1272 2291 mediante
1331 2240 1630 2304 baptismo:
1692 2241 1748 2288 et

240 2339 370 2388 ergo
407 2340 553 2374 nunc
592 2328 676 2374 est
709 2327 908 2389 probus
945 2328 1089 2374 sicut
1123 2341 1229 2374 non
1265 2324 1473 2373 dubito.
1525 2325 1599 2372 Et
1632 2338 1747 2370 ma-

241 2409 395 2458 nebit
421 2408 768 2458 Christianus
792 2424 966 2473 usque
1005 2409 1073 2458 ad
1108 2408 1267 2457 finem
1302 2407 1493 2472 seculi.
1562 2407 1747 2456 Etiam

240 2493 497 2544 intellexi
533 2492 678 2556 quod
715 2493 931 2556 quidam
965 2493 1127 2542 valde
1168 2491 1464 2541 infamavit
1495 2506 1593 2541 vos
1628 2490 1747 2540 ubi-

243 2593 350 2642 que
399 2576 592 2627 dicens
641 2577 783 2640 quod
831 2578 964 2627 estis
1009 2575 1155 2627 filius
1199 2576 1491 2640 presbiteri
1532 2579 1588 2626 et
1640 2589 1749 2625 non

245 2664 380 2712 estis
419 2661 744 2726 legittimus.
812 2661 981 2709 Miror
1014 2659 1152 2708 istos
1185 2657 1427 2707 ribaldos
1464 2657 1608 2719 quod
1640 2669 1750 2703 non
