1942 3109
315 211 413 263 158
449 225 826 262 passure-oum
849 225 1090 262 nnn-nus.
1112 223 1329 261 com-xm
1351 223 1565 259 runos.
1592 226 1631 260 o
1652 227 1711 260 v.
1736 227 1855 262 arr.

311 332 611 395 seandala,
666 335 750 382 tot
801 331 1165 393 offensiones,
1219 333 1303 380 tot
1346 328 1601 393 denique
1654 331 1856 382 furoris

313 419 534 486 poetice
569 417 874 468 maledicta
909 421 968 468 et
1002 416 1309 481 invective,
1356 418 1419 464 ut
1454 415 1513 464 si
1548 414 1751 468 dicere
1786 418 1851 466 si-

313 505 426 554 mul
461 504 564 553 illa
589 501 955 566 contendero,
992 517 1078 552 me
1116 502 1191 551 sit
1214 500 1473 565 Olympio
1500 503 1735 566 tempus
1768 502 1849 550 de-

313 591 605 640 sectarum.

419 665 470 723 (I
515 673 674 724 Nune
723 675 908 722 autem
953 671 1087 736 quid
1132 672 1253 736 ipse
1298 670 1446 721 feci?
1497 673 1715 722 bonum
1760 689 1845 737 pro

313 760 458 809 malo
494 760 653 808 iuxta
689 757 1073 823 evangelicam
1107 757 1527 823 preceptionem
1552 757 1843 818 reddendo,

313 859 418 894 nec
451 843 626 892 stulto
663 847 763 892 aut
795 843 1031 892 rationis
1066 841 1221 906 inopi
1244 840 1415 891 stulte
1438 842 1843 906 respondendo,

313 927 478 978 simul
513 927 570 976 in
605 941 775 978 unum
813 927 1019 992 collegi
1052 927 1229 991 ipsius
1264 925 1522 990 inprimis
1562 928 1843 978 consulta-

312 1015 518 1064 tionem
565 1015 624 1064 et
676 1027 855 1063 meum
909 1011 1169 1062 manuale
1228 1010 1537 1074 speculum.
1634 1013 1847 1063 Deinde

314 1098 597 1163 speculum
656 1096 900 1148 eiusdem
955 1097 1183 1146 oculare
1240 1096 1519 1160 integrum
1562 1101 1621 1146 et
1666 1113 1851 1148 meum

313 1182 599 1249 speculum
657 1182 1075 1232 flammivomum
1145 1196 1257 1230 una
1326 1194 1449 1230 eum
1519 1179 1849 1233 defensione

314 1269 508 1335 ipsius.
583 1269 688 1318 His
731 1269 925 1331 itaque
962 1266 1175 1316 libellis
1211 1266 1318 1316 hoc
1352 1264 1516 1315 modo
1548 1267 1725 1316 simul
1764 1284 1847 1318 ac-

316 1354 494 1419 ceptis
541 1354 824 1417 profectus
871 1365 991 1400 sum
1039 1349 1415 1416 Stutgardiam
1462 1350 1534 1400 ad
1584 1351 1845 1403 Ioannem

309 1437 611 1497 Reuchlin‚
647 1436 844 1487 volens
879 1435 1085 1484 ibidem
1134 1449 1318 1486 coram
1367 1436 1545 1499 ipsius
1596 1439 1844 1502 principe

313 1522 410 1570 aut
455 1518 794 1568 consiliariis
843 1518 1090 1569 eiusdem
1136 1523 1287 1569 stare
1333 1519 1467 1582 iuri,
1518 1523 1581 1570 et
1630 1527 1849 1573 senten-

309 1605 445 1654 tiam
483 1599 662 1665 (modo
698 1603 757 1653 in
793 1603 991 1667 quovis
1028 1619 1213 1654 errore
1248 1603 1726 1672 deprehenderet)
1764 1607 1853 1658 vel

312 1688 382 1739 ad
427 1704 625 1754 penam
673 1689 818 1754 ignis
865 1693 1180 1753 expectare.
1262 1689 1385 1754 Hec
1430 1690 1857 1757 subterfugiens

309 1775 548 1826 Ioannes
585 1774 856 1826 Reuchlin
891 1787 1071 1836 neque
1107 1773 1242 1822 mihi
1281 1789 1465 1823 coram
1516 1789 1856 1842 quocunque

310 1863 430 1911 viro
477 1859 654 1910 nobili
700 1863 798 1908 aut
841 1859 1111 1922 optimate
1169 1858 1323 1922 loqui
1376 1858 1627 1923 audem,
1685 1862 1851 1913 inter-

311 1945 549 2011 pellavit
581 1943 804 1995 tandem
841 1942 989 2009 apud
1026 1941 1323 2009 cesaream
1358 1941 1735 1996 Maiestatem
1782 1949 1855 1997 ibi

311 2035 426 2080 tum
463 2034 779 2098 presentem
813 2030 958 2078 inter
993 2043 1095 2077 nos
1138 2027 1285 2077 ultro
1332 2028 1591 2092 citroque
1643 2033 1859 2082 silentii

312 2113 646 2164 observandi
691 2113 1040 2176 mandatum,
1094 2113 1151 2162 in
1208 2128 1318 2176 quo
1364 2113 1537 2163 etiam
1588 2115 1853 2168 honorem

313 2197 447 2247 mihi
483 2212 518 2245 a
553 2213 612 2246 se
649 2211 1007 2261 suppressum
1053 2199 1276 2248 restitui
1318 2202 1679 2264 procuravit,
1736 2219 1853 2268 spe—

313 2295 444 2330 rans
479 2279 582 2329 tali
617 2278 775 2331 modo
819 2284 997 2330 totum
1043 2284 1331 2346 negocium
1376 2297 1475 2348 per
1526 2287 1851 2339 universum

179 2364 329 2430 esslijb
343 2366 516 2430 sopiri
552 2382 733 2431 posse.
815 2363 1109 2430 Celterum
1156 2383 1245 2418 res
1290 2369 1415 2433 ipsa
1460 2368 1635 2435 longe
1688 2375 1851 2424 aliter

315 2451 519 2501 evenit.
581 2453 910 2516 Quanquam
946 2453 1091 2502 enim
1117 2451 1363 2518 Cesarea
1382 2452 1666 2507 Maiestas
1692 2459 1851 2509 nobis

313 2532 596 2582 silentium
667 2537 1031 2600 imposuerat,
1091 2536 1271 2587 uoluit
1350 2542 1536 2588 tamen
1610 2543 1851 2606 pusillos

312 2617 690 2668 scandalizari
727 2620 1127 2670 contumeliosa
1164 2637 1231 2669 ae
1268 2621 1433 2686 plane
1470 2625 1749 2677 mendaci
1774 2629 1851 2678 Io·

314 2702 476 2751 annis
520 2701 793 2754 Reuchlin
839 2703 1193 2768 defensione,
1240 2708 1297 2754 et
1340 2720 1485 2756 novo
1536 2722 1641 2771 pro
1690 2713 1855 2764 nobis
