1942 3109
82 263 517 304 Annuus-roms
553 265 858 304 onscvnon.
885 267 1193 306 nnvcnmu.
1220 267 1397 306 novat.
1463 253 1561 306 321

762 471 847 521 40.

195 553 706 619 Nunciantur
749 553 1142 618 Obscuris
1186 578 1410 621 nova.

258 677 308 734 (Ι
352 672 882 737 Sclabbertus
925 673 1357 742 Kuckuick

346 779 480 828 toti
506 778 960 828 obscurorum
999 777 1261 828 cohorti

665 861 740 913 .S.
778 863 840 912 P.
875 863 946 912 D.

145 961 402 1013 Solventi
443 963 574 1013 hinc
608 963 1031 1014 Francfordiam
1074 963 1207 1012 mihi
1252 963 1323 1013 ad
1370 963 1563 1016 kalen-

81 1065 141 1098 as
180 1063 356 1112 nuper
390 1050 744 1112 septembre8‚
782 1053 844 1098 ut
865 1047 1053 1114 Iudeis
1088 1046 1295 1098 Christi
1326 1049 1567 1099 inimicis

81 1149 189 1184 ova
237 1131 470 1198 quedam
515 1132 811 1195 adferrem,
869 1133 981 1183 visi
1024 1135 1153 1182 sunt
1197 1133 1255 1181 in
1300 1127 1565 1184 navicula

82 1221 234 1268 ostra
269 1205 627 1282 predicator-ii
661 1216 867 1266 ordinis
903 1217 1108 1266 fratres
1144 1220 1299 1281 octo,
1348 1221 1403 1266 et
1450 1217 1565 1268 cla-

81 1301 255 1350 .ssimi
291 1299 502 1362 aliquot
536 1301 670 1349 iuris
707 1300 993 1366 utriusque
1029 1301 1301 1352 doctores.
1355 1300 1566 1366 Magna

81 1387 217 1448 fitur
265 1384 678 1432 contentionum
721 1383 918 1434 habita
963 1387 1291 1450 occasione,
1346 1385 1566 1437 ostendi

85 1470 158 1519 lis
191 1465 487 1530 epistolam
510 1465 735 1515 Ioannis
758 1466 1048 1533 Reuchlin,
1074 1469 1145 1520 ad
1180 1469 1295 1522 kal.
1318 1471 1563 1536 proxime

85 1551 264 1620 priles
301 1549 372 1599 ab
412 1565 476 1600 eo
515 1551 922 1613 concinnatam,
963 1567 1033 1602 ac
1066 1553 1265 1605 deinde
1299 1555 1359 1603 in
1382 1555 1563 1606 lucem

81 1639 273 1696 iitam,
322 1635 382 1683 in
419 1648 530 1697 qua
562 1635 943 1686 Reverendtim
977 1637 1223 1706 heretice
1268 1639 1566 1702 pravitatis

81 1720 433 1784 xquisitorem
471 1733 664 1769 canem
701 1720 954 1785 appellat
980 1725 1035 1772 et
1060 1721 1371 1772 Cerberum.
1410 1722 1567 1785 Quod

81 1821 166 1855 im
211 1803 300 1852 illi
344 1803 656 1870 audissent,
719 1803 1090 1854 ‘Mendacium
1148 1807 1246 1856 est'
1290 1807 1566 1870 inquiunt,

81 1887 325 1956 ,uoniam
359 1892 502 1940 teste
539 1888 887 1954 philosophe,
923 1890 1140 1954 species
1176 1904 1355 1939 rerum
1388 1894 1568 1940 trans-

86 1974 247 2024 utari
281 1988 390 2023 non
434 1977 682 2038 possunt.
753 1974 870 2024 Nec
914 1974 1115 2023 iterum
1152 1971 1421 2024 Cetberus
1456 1974 1571 2026 dici

81 2061 245 2120 ›test‚
285 2072 446 2121 quem
482 2058 698 2108 Tullius
736 2057 877 2108 libro
913 2057 1089 2123 primo
1124 2056 1567 2107 Tusculanarum

81 2143 394 2211 aestionum
431 2157 554 2192 esse
593 2142 739 2206 apud
773 2142 982 2192 inferos
1016 2145 1202 2207 negat.
1244 2141 1566 2209 Hereticum

81 2233 124 2280 st
163 2242 295 2292 ergo
331 2227 517 2277 vivum
551 2226 826 2277 hominem
860 2227 1099 2278 bestiam
1134 2225 1265 2290 dici,
1302 2241 1408 2294 que
1448 2227 1565 2276 ani·

81 2329 187 2364 am
252 2310 425 2360 habet
481 2311 806 2361 mortalem‘.
906 2310 1245 2361 Adiecerunt
1310 2314 1567 2378 preterea

85 2395 360 2447 tiusmodi
399 2395 654 2444 convitiis
689 2395 828 2444 nihil
865 2393 935 2444 ad
958 2395 1190 2459 primam
1212 2395 1566 2458 Inquisitoris

81 2481 365 2547 pologiam
399 2494 718 2545 responsum
755 2493 902 2542 esse,
938 2479 1037 2528 sed
1068 2479 1359 2530 mendacia
1390 2479 1568 2530 solum

81 2563 350 2615 tendaciis
396 2562 654 2612 adaucta.
727 2562 933 2612 Scribit
978 2565 1124 2612 enim
1174 2564 1566 2627 Inquisitorem

81 2651 172 2699 lus
224 2651 445 2697 centum
489 2647 626 2697 locis
673 2662 793 2697 esse
838 2647 1154 2711 mentitum,
1213 2647 1311 2698 sed
1355 2647 1565 2698 nullam

81 2733 339 2794 ationem,
378 2732 700 2796 nullumque
737 2732 950 2798 allegat
993 2731 1191 2782 locum.
1263 2731 1399 2782 Vult
1432 2746 1566 2797 quo-

1197 2815 1272 2868 21·
