1942 3109
285 242 384 297 184
421 254 800 295 rnnmconm
825 253 1301 293 unumunurm
1326 248 1549 291 runos.
1566 256 1854 291 mvsa-1³1³.

424 413 678 465 Contra
733 429 844 465 eos
899 413 1013 477 qui
1064 411 1236 463 male
1292 409 1545 459 dicunt
1594 427 1706 463 me

423 516 548 551 non
596 514 762 551 esse
809 498 1074 565 dignum
1122 512 1261 547 cum
1308 510 1437 559 quo
1478 495 1705 547 Ioan-

455 599 570 634 nes
605 583 942 635 Reuohlin
979 582 1228 633 debeat
1262 584 1457 631 stare
1499 582 1668 631 iuri.

393 694 446 753 Εἴ
479 702 752 769 Imprimis
780 704 1059 768 >protestor
1096 705 1153 751 et
1187 699 1311 751 dieo
1346 714 1461 749 non
1500 714 1699 751 omnes
1733 714 1831 748 eos

289 789 548 837 continuo
595 787 774 839 malos
821 802 944 841 esse
991 787 1089 850 qui
1132 784 1457 836 adversario
1508 790 1705 836 nostro
1734 784 1819 832 fa-

285 886 474 925 vorem
519 876 776 940 prestant
821 876 920 921 aut
962 870 1053 921 illi
1090 871 1261 921 etiam
1298 866 1599 936 adherent.
1669 870 1825 935 Igno'-

286 962 477 1009 ranter
513 958 660 1007 enim
694 960 952 1023 peceant.
1012 955 1152 1006 Nam
1174 953 1538 1004 manifestum
1564 958 1662 1003 est
1688 954 1833 1003 chri·

292 1044 507 1094 stianos
545 1043 762 1107 aliquot
795 1042 1079 1107 principes
1116 1042 1173 1089 et
1208 1039 1527 1087 innumeros
1552 1038 1833 1101 quodam·

289 1127 446 1177 modo
481 1128 634 1177 viros
667 1130 783 1176 tam
819 1124 1063 1175 eruditos
1100 1137 1264 1187 quam
1288 1122 1529 1172 omnium
1550 1123 1833 1171 seientia-

288 1225 408 1261 rum
454 1210 618 1262 rudes
665 1211 818 1261 illius
863 1210 1213 1261 vaframento
1263 1221 1332 1257 ac
1376 1206 1506 1256 dolo
1538 1196 1697 1257 malo
1736 1204 1831 1256 de·

291 1300 481 1361 ceptos
529 1311 669 1347 esse.
759 1296 884 1357 Qua
937 1297 1165 1359 propter
1207 1292 1259 1344 si
1302 1292 1436 1342 boni
1480 1292 1595 1341 viri
1646 1306 1825 1342 rerum

289 1378 535 1429 ordinem
589 1380 734 1429 inter
788 1393 887 1429 nos
943 1391 1083 1445 equo
1138 1376 1437 1426 libramine
1494 1380 1821 1439 pensarent,

286 1463 652 1512 iustissimam
694 1476 794 1511 nos
840 1462 1051 1511 habere
1100 1475 1327 1511 eausam
1382 1458 1820 1524 proeiamarent,

289 1559 396 1595 nee
446 1544 674 1595 verbum
730 1544 968 1609 amplius
1028 1547 1223 1595 eontra
1278 1559 1377 1595 nos
1438 1544 1819 1608 loquerentur.

289 1629 474 1679 Bonos
519 1629 690 1694 igitur
731 1628 1153 1680 Reuohlinistas
1196 1632 1255 1679 et
1299 1630 1518 1679 ratione
1556 1630 1821 1681 informa·

288 1713 436 1764 biles
470 1728 680 1764 summa
715 1728 1017 1780 prosequor
1058 1714 1486 1777 benevolentia,
1534 1729 1647 1764 nee
1696 1730 1823 1779 quo·

290 1802 378 1851 vis
412 1798 570 1851 modo
605 1800 664 1849 in
697 1800 805 1849 hac
840 1802 1029 1850 nostra
1064 1796 1390 1850 defensione
1438 1797 1695 1849 offensos
1738 1815 1827 1850 ve·
1901 1810 1902 1815 ’

293 1882 406 1932 lim.
479 1883 589 1933 Oro
627 1884 794 1934 etiam
839 1886 1009 1947 atque
1056 1883 1287 1933 obsecro
1332 1880 1625 1933 humiliter
1676 1900 1827 1935 reve·

293 1968 530 2019 rentIam
565 1971 806 2019 omnium
826 1971 1071 2019 vestram
1098 1969 1415 2019 et'maxime
1439 1981 1543 2030 per
1566 1970 1827 2019 meritum

293 2053 574 2116 passionis
598 2054 826 2105 'domini
867 2055 1047 2105 nostri
1096 2054 1226 2103 Iesu
1272 2050 1512 2114 Christi,
1572 2056 1645 2101 ut
1698 2052 1827 2102 mihi

291 2136 618 2200 iampridem
652 2140 940 2201 baptizato
974 2140 1035 2188 in
1068 2136 1157 2189 his
1194 2136 1480 2186 dumtaxat
1504 2135 1711 2188 favere
1736 2152 1827 2187 ve-

293 2217 436 2281 litis,
483 2220 542 2267 in
587 2221 786 2282 quibus
834 2225 934 2270 aut
977 2224 1129 2272 reete
1174 2220 1329 2285 loqui
1378 2222 1477 2268 aut
1514 2220 1711 2272 minus
1744 2225 1825 2271 in-

291 2302 437 2353 iuste
473 2304 719 2356 sensisse
754 2305 1069 2371 dignoscar.

399 2379 452 2437 (I
485 2388 571 2439 Ad
605 2391 944 2457 propositum
982 2406 1131 2455 ergo.
1168 2394 1297 2441 sunt
1332 2390 1427 2453 qui
1450 2388 1601 2440 male
1632 2396 1829 2444 eontra

291 2474 594 2523 fraternam
629 2475 959 2524 charitatem
994 2474 1371 2538 inclamitent,
1414 2489 1501 2523 me
1538 2472 1669 2537 fnon
1704 2490 1825 2527 esse

291 2554 540 2619 dignum,
590 2572 710 2607 oum
759 2574 864 2622 quo
909 2558 1149 2609 Ioannes
1190 2556 1469 2609 Reuohlin
1510 2559 1627 2608 iuri
1677 2566 1821 2610 stare

291 2637 520 2702 debeat,
557 2642 672 2690 tam
706 2641 899 2705 inepta
935 2642 1253 2692 obiectione
1288 2642 1467 2705 ipsius
1502 2646 1823 2707 nequitiam

293 2735 562 2772 excusare
597 2722 868 2773 volentes.
941 2724 989 2773 Ο
1034 2729 1265 2789 pectora
1310 2739 1476 2792 ceca,
1522 2743 1559 2776 o
1596 2733 1822 2778 senten-
