1942 3109
611 230 674 277 12.
697 238 995 274 wmrmmu
1022 238 1187 276 tuum
1556 226 1655 279 205

157 342 300 391 cebit
341 342 400 390 in
445 340 549 393 fide
595 342 940 393 Catholica?‘
990 344 1291 410 Respondit
1332 346 1459 398 ille:
1514 346 1655 400 ‘Hoc

153 427 368 477 faciunt
423 426 576 478 docti
633 427 923 494 Theologi‚
994 432 1089 495 qui
1146 431 1463 497 intelligunt
1520 434 1651 483 scri-

150 516 370 577 pturas,
441 511 611 563 siont'
648 512 904 564 Erasmus
959 514 1351 569 Roterodamus
1367 556 1381 581 ,
1446 518 1655 569 Paulus

147 598 362 663 Rioius,
398 598 684 649 Iohannes
714 598 982 650 Reuohlin
1018 602 1075 652 et
1108 600 1242 652 alii’.
1312 604 1467 652 Tune
1502 605 1657 653 tacui

147 686 202 733 et
235 684 483 750 cogitavi
519 698 733 735 meeum
769 682 1001 735 ‘Stultus
1035 685 1210 736 stulta
1245 686 1527 751 loquitur’.
1582 688 1659 737 Et

147 768 286 820 sedit
319 784 466 820 nnus
500 770 560 819 in
583 784 773 819 mensa
797 771 1015 822 nomine
1038 770 1389 823 Theobaldus
1412 772 1653 836 Pestici),

145 857 236 919 qni
278 870 536 921 pronune
579 858 666 905 est
707 856 914 906 Doctor
957 856 1294 992 Medicinn
1318 863 1376 909 et
1421 859 1655 923 cognovi

145 956 288 1006 eum,
325 942 466 1006 quia
505 940 637 991 olim
670 941 828 992 stetit
863 939 1095 1009 colonie
1130 942 1187 992 in
1298 958 1393 992 rsa
1423 944 1654 994 montisz

141 1025 254 1088 ipse
290 1025 472 1077 multo
509 1025 672 1089 plura
715 1026 858 1076 dixit
901 1042 1066 1091 quam
1110 1026 1227 1077 alii.
1297 1027 1373 1077 Et
1415 1026 1529 1077 dixi
1574 1029 1653 1078 ei:

146 1106 267 1160 ‘Vos
313 1110 538 1161 debetis
583 1110 874 1162 recordare
921 1110 1067 1175 quod
1108 1112 1325 1163 fecistis
1377 1112 1657 1163 Iuramen·

148 1197 256 1243 tum
302 1195 542 1247 Rectori
596 1199 652 1245 et
705 1196 1080 1247 Universitati
1132 1194 1481 1248 Coloniensi’.
1546 1198 1655 1248 Re·

142 1280 359 1344 spondit
407 1278 560 1345 quod
603 1278 875 1332 merdaret
917 1296 1085 1347 super
1126 1298 1225 1334 nos
1268 1298 1473 1334 omnes.
1545 1282 1655 1335 Sed

139 1368 431 1416 transeant
475 1364 598 1415 illa.
673 1364 876 1416 Postea
921 1366 1137 1431 quando
1184 1368 1451 1419 exivimus
1494 1368 1655 1419 Wor·

141 1450 396 1514 maniam,
421 1453 694 1501 venerunt
719 1448 938 1515 quidam
959 1452 1068 1503 viri
1090 1452 1371 1503 terribiles
1392 1452 1451 1502 in
1476 1453 1653 1517 equis,

141 1534 418 1587 habentes
449 1534 690 1585 balistas
727 1550 848 1586 oum
881 1537 1013 1587 telis
1048 1540 1105 1587 et
1136 1537 1387 1589 volentes
1422 1554 1523 1589 nos
1560 1554 1649 1589 sa·

141 1623 370 1687 gittare.
441 1624 574 1670 tuno
610 1621 793 1671 socius
827 1637 979 1672 meus
1016 1622 1277 1675 clamavit
1320 1623 1522 1686 ‘Iesus‚
1568 1624 1652 1673 Ie-

141 1709 274 1771 sus',
317 1710 382 1759 et
425 1720 528 1771 ego
575 1705 786 1756 habens
825 1708 1028 1757 bonum
1072 1722 1165 1757 cor
1208 1706 1321 1759 dixi
1366 1708 1512 1774 quod
1546 1722 1654 1757 non

140 1792 310 1843 debet
341 1793 434 1841 ita
479 1790 746 1854 clamare,
793 1794 851 1843 et
894 1790 1009 1843 dixi
1053 1792 1125 1843 ad
1169 1792 1295 1844 illos
1336 1794 1487 1844 viros
1522 1792 1653 1843 ‘Do-

142 1878 279 1927 mini
323 1876 588 1942 gratiosi,
644 1876 814 1927 nolite
859 1878 1129 1943 sagittare
1173 1894 1299 1942 nos,
1356 1878 1489 1942 quia
1534 1860 1653 1927 'non

141 1978 330 2013 sumus
365 1960 548 2012 induti
584 1976 705 2011 eum
739 1963 932 2027 armis,
980 1968 1035 2014 et
1078 1979 1189 2015 non
1222 1978 1407 2013 sumus
1442 1962 1654 2013 inimici

140 2048 342 2111 vestri,
386 2044 483 2097 sed
525 2061 712 2096 sumus
757 2046 977 2110 clerici,
1027 2051 1085 2098 et
1124 2046 1397 2098 tendimus
1430 2048 1655 2097 Romam

143 2147 246 2197 pro
295 2130 618 2182 benefieiis’.
707 2132 862 2183 Tunc
907 2146 1048 2182 unus
1103 2130 1269 2181 dixit:
1336 2128 1500 2195 ‘Quid
1554 2148 1655 2198 ego

148 2230 282 2266 curo
315 2215 622 2267 beneficia?
665 2218 828 2269 Dotis
873 2216 1009 2267 mihi
1053 2219 1343 2281 pecuniam
1388 2221 1443 2268 et
1488 2219 1655 2269 sociis

146 2302 286 2353 meis
323 2300 470 2367 quod
499 2302 764 2354 habemus
797 2302 1039 2365 bibulis,
1074 2302 1168 2353 vel
1202 2300 1457 2352 diabolus
1492 2302 1659 2355 debet

145 2401 245 2438 vos
289 2386 662 2451 confundere’.
742 2388 920 2438 'runo‘
944 2387 994 2437 si
1034 2386 1304 2438 voluimus
1348 2388 1535 2439 venire
1590 2388 1657 2441 de

147 2472 315 2537 ipsis,
363 2474 580 2537 oportet
625 2472 768 2535 quod
812 2470 1059 2522 dedimus
1102 2472 1237 2536 ipsis
1284 2486 1371 2522 .11.
1406 2472 1655 2525 florenos.

149 2555 224 2605 Et
255 2573 362 2624 ego
394 2556 510 2606 dixi
531 2557 780 2608 occulte:
813 2556 1022 2607 ‘Bibite
1046 2556 1189 2620 quod
1212 2556 1467 2608 diabolus
1490 2559 1659 2610 bene-

153 2640 304 2691 dicat
352 2642 556 2694 vobis'.
646 2642 724 2691 Et
777 2644 977 2706 postea.
1032 2640 1215 2690 socius
1274 2654 1429 2689 meus
1486 2639 1663 2687 dixit:

151 2724 312 2791 ‘Quid
359 2726 524 2779 vobis
579 2726 831 2788 videtur,
881 2722 1135 2775 volumus
1187 2722 1316 2775 illos
1360 2720 1544 2771 <citare
1596 2715 1668 2766 ad
