1942 3109
417 260 483 305 54.
509 265 683 303 wan.
708 267 930 304 mucor.
980 263 1043 308 55.
1070 271 1226 306 snv.
1255 271 1453 308 emon.
1591 256 1691 310 329

175 376 292 423 tres
335 369 716 438 predicatores
762 373 1014 425 facerent
1057 375 1164 425 sibi
1216 375 1372 425 illam
1422 375 1690 426 Iniuriam

178 471 344 520 quam
380 456 600 506 faciunt
621 457 854 507 Iohanni
875 459 1174 525 Reuchlin‚
1211 460 1331 527 ipse
1367 461 1541 532 vellet
1574 461 1692 512 fieri

173 542 436 592 inimicus
495 557 679 592 eorum
731 543 1147 612 ettubicunque
1206 547 1470 610 reperiret
1525 561 1691 596 unum

177 627 503 676 monachum
550 625 616 676 de
663 627 767 676 hoc
813 627 1044 693 Ordine,
1089 633 1222 680 tunc
1267 630 1441 681 vellet
1484 631 1536 680 ei
1582 646 1689 680 am-

174 715 374 778 putare
410 725 606 762 nasum
642 716 696 762 et
732 727 906 766 aures,
977 715 1091 765 Iste
1138 716 1305 766 etiam
1350 715 1521 766 habet
1553 714 1691 764 mul-

173 801 262 847 tos
309 797 520 846 amicos
566 797 623 846 in
669 796 836 848 Curia
881 799 1130 866 episcopi
1174 800 1271 865 qui
1325 801 1493 851 etiam
1547 799 1689 851 bene

174 883 372 932 favent
405 880 640 931 Iohanni
673 882 961 932 Reuehlin.
1025 884 1133 934 Sed
1166 900 1311 935 nunc
1350 886 1527 936 abivit
1565 882 1687 950 (deo

174 964 414 1032 gratias)
453 965 521 1015 ad
557 965 792 1016 fiendum
827 965 1045 1030 doctor,
1084 972 1142 1018 et
1176 971 1232 1017 in
1265 984 1374 1018 uno
1411 985 1555 1020 anno
1581 985 1691 1020 non

177 1051 294 1100 fuit
336 1049 444 1099 hic.
510 1050 784 1100 Diabolus
831 1051 1050 1100 auferat
1096 1067 1235 1101 eum.
1306 1052 1520 1103 Deinde
1566 1057 1693 1102 sunt

175 1134 286 1184 duo
339 1135 538 1185 fratres
595 1135 934 1186 Nobilitares
992 1135 1136 1185 Otho
1193 1140 1247 1186 et
1289 1135 1579 1202 Philippus
1626 1135 1691 1187 de

174 1219 363 1283 Beck,
410 1220 517 1284 ipsi
551 1223 758 1270 vexant
794 1235 981 1270 omnes
1018 1220 1345 1287 Theologos.
1414 1223 1489 1272 Et
1524 1221 1692 1272 semel

173 1305 236 1354 in
281 1303 382 1354 illo
427 1320 586 1354 sacro
633 1307 765 1354 actu
811 1319 970 1368 quem
1014 1306 1267 1370 magistri
1318 1307 1494 1357 nostri
1548 1306 1692 1358 cele-

176 1389 482 1440 braverunt
523 1390 582 1438 in
626 1389 913 1454 Moguntia
962 1393 1157 1441 contra
1205 1390 1497 1456 Speculum
1546 1391 1691 1441 Ocu-

175 1473 322 1536 lare,
367 1476 499 1522 tunc
533 1471 802 1538 Magister
835 1474 1077 1526 Iacobus
1112 1474 1179 1526 de
1212 1476 1588 1528 Hochstraten
1623 1495 1690 1529 ex

174 1557 361 1609 officio
399 1573 497 1608 suo
533 1557 682 1608 dedit
716 1559 1093 1626 indulgentias
1130 1562 1377 1613 omnibus
1404 1564 1497 1627 qui
1521 1564 1688 1615 inter-

171 1644 404 1693 fuerunt
436 1642 567 1691 huic
603 1645 771 1694 actui.
841 1645 999 1694 Tunc
1046 1647 1143 1695 isti
1186 1645 1291 1697 duo
1326 1648 1530 1697 fratres
1570 1664 1690 1696 cum

175 1728 310 1778 aliis
365 1725 660 1778 husonibus
715 1728 950 1780 sedendo
1004 1730 1063 1778 in
1111 1734 1408 1796 conspectu
1452 1731 1688 1782 Theolo-

177 1825 372 1877 gorum
409 1811 502 1874 qni
535 1812 755 1863 fuerunt
790 1815 869 1864 ibi
904 1816 962 1863 in
986 1813 1223 1880 hospitio
1242 1854 1255 1879 ‚
1294 1814 1543 1866 luserunt
1569 1833 1689 1866 cum

181 1894 322 1943 talis
357 1909 453 1958 pro
488 1895 597 1946 illis
633 1897 1009 1963 indulgentiis.
1079 1897 1271 1950 Adhuc
1311 1904 1395 1952 est
1431 1901 1511 1950 ibi
1545 1917 1686 1952 unus

182 1978 283 2042 qui
318 1981 542 2029 vocatur
573 1981 845 2033 Iohannes
881 1983 1204 2034 Huttichius
1256 1985 1351 2047 qui
1398 1985 1568 2034 etiam
1604 1989 1689 2034 est

175 2063 436 2114 inimicus
479 2069 678 2116 vester.
762 2069 819 2117 et
863 2066 1007 2117 alias
1064 2071 1149 2117 est
1204 2066 1423 2130 quidam
1479 2069 1692 2119 noviter

173 2153 454 2214 promotus
495 2150 556 2200 in
600 2150 875 2202 doctorem
907 2153 967 2201 in
1001 2151 1154 2215 Iure,
1200 2151 1508 2203 nominatus
1548 2151 1690 2203 Cun-

175 2232 346 2283 radus
382 2234 711 2300 Weydman:
759 2237 876 2300 ipse
922 2237 1084 2288 iuvat
1120 2253 1304 2288 omnes
1343 2240 1436 2302 qui
1471 2239 1691 2290 faciunt

175 2317 392 2383 aliquid
439 2325 629 2372 contra
672 2335 790 2372 vos.
867 2321 940 2371 Et
988 2323 1132 2373 alius
1178 2322 1371 2374 doctor
1415 2325 1509 2387 qui
1560 2325 1689 2375 olim

175 2405 286 2454 fuit
320 2402 533 2455 Artista
569 2405 636 2455 de
671 2407 765 2457 via
797 2406 1199 2470 modernorum,
1239 2411 1293 2455 et
1325 2411 1557 2458 vocatur
1580 2409 1690 2457 Eu-

178 2488 420 2540 charius.
489 2490 566 2538 Et
613 2505 733 2540 cum
776 2491 880 2540 hoc
914 2491 1181 2542 Nicolaus
1220 2488 1560 2542 Oai-bachius
1597 2493 1692 2557 qui

175 2573 320 2638 legit
354 2574 411 2623 in
446 2575 619 2637 poesi.
689 2574 828 2624 Item
862 2576 1176 2626 Henrichus
1213 2575 1556 2627 Brumannus
1596 2578 1691 2641 qui

178 2661 269 2708 est
312 2658 558 2708 vicarius
604 2659 662 2708 in
705 2674 908 2709 summo
947 2663 1004 2709 et
1040 2663 1125 2709 est
1158 2660 1333 2710 bonus
1372 2661 1690 2724 organista.

177 2743 256 2791 Et
290 2740 416 2791 dico
453 2738 666 2806 semper
703 2744 782 2793 ei:
821 2743 948 2793 ‘Vos
986 2741 1260 2792 deberetis
1295 2742 1570 2804 respicere
1610 2755 1694 2788 or-
