1942 3109
215 218 282 270 6⁶2
351 230 729 270 rnrznrcomu
753 231 991 268 nunnus.
1012 232 1231 270 con-rm
1254 231 1457 269 nuos.
1478 233 1717 268 0.v.nrr.

622 336 902 388 Obediens
937 338 1097 388 Uriel
1128 337 1592 402 Archiepiscopus
1614 337 1721 388 Mo—

689 423 950 486 guntinus
988 425 1045 473 et
1080 422 1290 474 elector
1323 422 1599 488 princeps.

316 592 622 656 Postquam
646 591 928 659 predictas
947 593 1169 644 litteras
1192 592 1433 661 Cesar-ee
1451 593 1726 642 maiestati

215 678 568 743 presentavit
604 680 738 728 tunc
773 676 1067 729 dicebatur
1100 679 1235 730 mihi
1271 677 1539 742 quomodo
1570 677 1725 728 Ioan-

217 777 320 812 nes
355 761 630 812 Reuchlin
667 765 816 812 esset
849 763 909 814 in
947 763 1104 813 curia
1126 763 1484 828 Imperatoris
1518 763 1725 828 magnis

215 846 558 898 factionibus
606 850 663 896 et
707 850 902 898 contra
953 863 1041 898 me
1100 849 1349 912 graviter
1404 851 1553 898 esset
1605 863 1729 898 con-

215 933 472 993 questus,
500 945 749 995 sperans
795 946 880 980 me
927 932 1262 996 puniendum
1306 933 1365 982 in
1403 948 1629 997 corpore
1672 935 1730 982 et

213 1016 366 1080 vita,
415 1020 714 1082 propterea
757 1014 904 1080 quod
947 1031 1107 1068 suam
1150 1017 1493 1068 iniusticiam
1527 1017 1585 1066 in
1616 1033 1734 1067 ma-

214 1100 372 1150 nuali
393 1103 624 1165 speculo
646 1101 884 1152 veritate
908 1102 1133 1166 publice
1161 1103 1537 1154 correxissem.
1575 1100 1736 1151 Cum-

215 1199 322 1248 que
370 1185 630 1238 volebam
676 1185 864 1252 egredi
902 1184 1125 1254 Cesaris
1168 1187 1503 1252 pallacium,
1549 1190 1737 1253 presto

217 1274 378 1320 erant
419 1271 726 1324 venerandi
771 1287 842 1322 ac
898 1271 1192 1324 benedocti
1246 1272 1481 1335 domini,
1540 1270 1740 1322 doctor

215 1356 385 1406 Zobel
419 1357 562 1422 bone
597 1357 885 1424 memorie,
932 1357 1246 1424 prepositus
1294 1343 1427 1406 tunc
1474 1358 1741 1422 temporis

214 1440 274 1488 in
309 1439 648 1503 Nur-marck,
697 1444 754 1490 et
787 1441 985 1493 doctor
1016 1441 1331 1508 Peudinger
1364 1442 1743 1508 Augustensis

217 1523 530 1574 adorientes
565 1539 651 1572 me
687 1524 872 1575 verbis
919 1527 1131 1576 severis
1168 1525 1621 1589 quemadmodum
1654 1529 1744 1578 eis

79 1602 202 1670 OEijb
214 1607 492 1658 Iohannes
513 1607 790 1658 Reuchlin
823 1610 1214 1674 inspiraverat.
1275 1611 1431 1661 Tunc
1462 1610 1469 1676 Ι
1497 1612 1748 1663 viriliter

214 1693 295 1742 eis
341 1691 629 1757 respondi,
691 1692 880 1744 dicens
927 1694 1073 1759 quod
1117 1711 1217 1746 nos
1266 1694 1401 1746 duos
1438 1697 1749 1748 secundum

209 1793 415 1830 morem
450 1779 587 1831 iuris
623 1780 905 1844 suscipere
943 1795 1013 1829 ac
1036 1781 1261 1845 penitus
1288 1780 1479 1831 audire
1501 1781 1751 1847 vellent,

209 1863 284 1912 Et
343 1863 452 1914 hoc
506 1863 718 1914 factum
776 1863 1041 1913 iniustum
1100 1865 1373 1930 corrigere
1434 1866 1751 1917 secundum

210 1963 368 1998 suum
401 1949 673 2002 meritum.
747 1952 804 2003 et
839 1949 922 1999 sic
957 1949 1110 2002 exivi
1142 1951 1463 2015 pallacium.
1535 1954 1751 2017 postea

209 2035 362 2086 misit
395 2037 710 2103 prepositus
746 2035 1015 2084 famulum
1052 2049 1209 2086 suum
1250 2034 1321 2084 ad
1343 2049 1449 2098 me,
1484 2035 1753 2086 invitans

209 2133 296 2170 me
331 2119 404 2168 ad
441 2135 652 2186 cenam.
725 2120 822 2169 ubi
859 2135 999 2186 cena
1034 2125 1293 2184 peracta,
1350 2119 1567 2184 incepit
1614 2135 1757 2188 pre·-

208 2205 452 2267 positus,
515 2203 664 2251 sicut
708 2200 950 2265 prudens
998 2207 1054 2252 et
1100 2205 1347 2268 apprime
1396 2203 1595 2255 doctus
1633 2195 1759 2269 uir,

177 2299 422 2336 ·mecu1n
469 2284 626 2347 loqui
670 2284 737 2336 de
787 2285 1117 2349 quibusdam
1162 2289 1448 2353 articulis,
1506 2293 1763 2354 propter

209 2383 348 2432 quos
381 2369 620 2420 Ioannes
655 2369 930 2420 Reuchlin
965 2369 1035 2420 de
1069 2386 1155 2422 me
1192 2376 1343 2425 esset
1376 2377 1761 2438 conquestae,

207 2457 272 2501 ut
321 2452 555 2504 alteram
615 2457 784 2506 etiam
841 2459 1055 2520 partem
1113 2459 1436 2520 quantotius
1494 2458 1760 2523 audiret,

209 2535 365 2584 Tunc
401 2552 504 2600 ego
540 2539 716 2601 ipsius
751 2539 1171 2607 honorificentie
1210 2544 1387 2592 totum
1419 2543 1524 2594 hoc
1559 2537 1763 2609 neg-d-

211 2618 356 2667 cium
391 2632 560 2670 unum
595 2635 718 2670 cum
753 2623 966 2686 reliquo
1005 2623 1143 2674 adeo
1182 2625 1331 2676 clare
1370 2627 1641 2692 exposui,
1684 2631 1765 2678 ut

208 2699 400 2765 digitis
445 2704 559 2752 suis
604 2707 832 2768 tange-re
875 2712 1085 2770 posset.
1154 2709 1371 2760 Deinde
1418 2709 1560 2760 dixit
1609 2726 1763 2778 pre-
