1942 3109
193 258 580 296 consummo
606 257 718 295 uc.
745 257 1149 296 nocuerim-ran
1174 247 1611 298 n.9.ocr.A.'1510.
1648 247 1712 296 41

191 371 290 416 xat
324 365 484 416 libris
518 365 732 416 veteris
767 364 941 430 legis,
992 379 1179 414 omnes
1226 363 1330 414 alii
1360 364 1493 414 libri
1526 366 1596 416 ab
1634 366 1715 416 eis

191 451 553 516 recipiantur,
591 452 692 502 sub
731 464 799 500 ea
821 453 1010 500 tamen
1032 448 1263 514 publica
1286 451 1711 512 protestatione,

193 533 337 599 quod
405 535 560 586 facta
627 534 886 600 diligenti
957 534 1373 584 examinatione
1436 531 1526 583 illi
1582 533 1715 584 libri

191 621 270 671 eis
305 621 717 685 relinquantur,
765 633 997 683 quorum
1042 633 1175 668 usus
1220 632 1319 683 pro
1367 633 1501 670 vero
1544 618 1710 668 intel-

187 705 336 756 lectu
369 706 580 757 veteris
616 703 758 769 legis
797 707 882 754 est
917 703 1000 754 eis
1035 701 1296 766 salubris,
1331 701 1558 767 Reliqui
1581 718 1713 754 vero

185 791 283 854 qui
313 789 528 840 nullam
563 790 646 840 eis
681 789 911 853 pariunt
944 787 1248 838 utilitatem
1281 787 1375 837 vel
1410 785 1713 855 edificatio-

185 891 310 926 nem
343 875 457 924 nisi
490 872 562 923 ad
595 873 895 924 Iehennam
919 873 1143 936 penitus
1168 871 1576 922 comburantur.
1636 871 1711 921 Et

187 958 409 1022 quidem
443 958 502 1006 in
534 956 643 1006 hoc
675 958 832 1008 nulla
865 955 930 1006 fit
963 957 1045 1006 eis
1080 957 1302 1006 iniuria.
1372 955 1513 1006 Nam
1561 955 1707 1007 tales

184 1042 358 1093 libros
397 1057 516 1094 esse
554 1040 978 1107 corrumpendos
1014 1042 1135 1090 iure
1172 1040 1403 1103 antiquo
1427 1039 1707 1090 sanxitum

185 1131 298 1178 est:
337 1125 612 1178 Scribitur
635 1127 782 1176 enim
805 1128 866 1176 in
887 1126 954 1176 L.
984 1123 1181 1192 Cetere
1204 1125 1334 1190 Dig.
1361 1123 1561 1175 Famil.
1588 1124 1709 1174 her-

185 1212 343 1274 cisc.,
381 1210 528 1273 quod
552 1209 685 1261 libri
706 1210 1019 1277 improbate
1053 1208 1315 1260 lectionis
1352 1208 1423 1257 ad
1446 1207 1711 1258 iudicium

181 1309 296 1346 non
328 1295 588 1359 veniunt,
636 1309 816 1360 neque
861 1294 1028 1345 iudex
1074 1293 1141 1344 de
1180 1293 1261 1343 eis
1298 1290 1612 1344 dividendis
1648 1307 1709 1342 se

181 1379 352 1430 debet
383 1381 755 1444 interponere,
793 1379 890 1430 sed
925 1395 1115 1448 omnes
1150 1378 1405 1442 protinus
1435 1380 1565 1427 sunt
1590 1389 1708 1426 cor-

181 1463 492 1530 rumpendi.
563 1463 686 1516 Non
719 1463 896 1529 igitur
931 1463 1123 1528 aliqua
1159 1462 1218 1511 in
1263 1462 1369 1514 hoc
1413 1461 1708 1513 metuenda

179 1556 270 1601 est
301 1550 608 1600 iniusticia.
665 1549 800 1612 quin
845 1549 1031 1612 potius
1076 1548 1304 1612 impium
1344 1550 1399 1598 et
1433 1547 1707 1613 irreligio-

177 1649 302 1684 sum
345 1637 459 1698 est,
506 1634 590 1684 eis
624 1647 787 1683 usum
821 1631 1021 1682 talium
1062 1632 1329 1683 librorum
1370 1632 1689 1695 permittere

177 1733 281 1783 per
327 1732 464 1782 quos
507 1717 618 1783 ipsi
660 1715 915 1766 irrisores
953 1715 1163 1766 Christi
1206 1715 1350 1766 filios
1395 1730 1523 1766 suos
1556 1714 1709 1770 blase

181 1803 444 1867 phemare
479 1801 761 1853 docerent.
821 1801 968 1850 foret
992 1805 1247 1868 preterea
1281 1797 1561 1865 imperiali
1594 1797 1707 1849 cel-

179 1885 416 1936 situdini
448 1900 583 1951 opus
618 1886 1025 1952 dignissimum,
1071 1887 1121 1936 si
1163 1887 1223 1934 in
1267 1885 1493 1951 prefata
1537 1883 1705 1934 libro·

175 1985 300 2022 rum
336 1971 748 2022 examinatione
782 1986 882 2036 per
918 1984 1013 2022 eos
1050 1970 1147 2032 qui
1178 1967 1464 2018 Iudaicam
1498 1967 1707 2018 intelli-

176 2061 318 2122 gunt
351 2058 688 2122 scripturam
722 2055 1147 2108 extraherentur
1180 2053 1321 2104 inibi
1346 2053 1594 2102 contenti
1617 2067 1705 2102 ar-

174 2140 346 2190 ticuli
391 2144 634 2206 erronei,
683 2141 840 2205 impii
885 2143 944 2190 et
989 2138 1304 2203 blasphemi
1350 2140 1543 2188 contra
1577 2151 1702 2202 pro-

178 2224 364 2290 priam
423 2222 632 2290 leg-em,
695 2229 752 2276 et
807 2222 1198 2275 institueretur
1258 2225 1449 2274 contra
1506 2222 1705 2290 Iudeos

175 2309 442 2360 solemnis
479 2309 797 2374 inquisitio,
847 2314 903 2360 et
945 2324 1112 2374 super
1147 2307 1401 2358 articulis
1437 2308 1705 2358 extractis

172 2399 392 2446 mature
429 2393 897 2445 examinarentur.
967 2393 1047 2444 Et
1090 2389 1311 2456 quidem
1342 2391 1403 2456 „si
1446 2394 1581 2440 tunc
1617 2406 1703 2440 ar-

171 2478 382 2530 ticulos
441 2478 571 2528 illos
627 2482 1035 2545 recognoscant
1078 2489 1362 2537 erroneos,
1424 2476 1592 2525 etiam
1648 2478 1704 2525 et

171 2567 312 2613 tunc
347 2567 753 2627 consequenter
785 2561 956 2614 fateri
989 2559 1201 2611 habent
1232 2559 1407 2611 libros
1441 2559 1587 2612 tales
1624 2559 1705 2609 eis

173 2662 300 2698 esse
324 2647 668 2712 periculosos
705 2651 763 2698 et
794 2647 993 2697 merito
1030 2643 1439 2694 comburendos.
1510 2642 1573 2691 Si
1607 2658 1703 2692 au-

170 2735 288 2781 tem
325 2731 596 2782 articulos
639 2730 787 2782 tales
831 2726 1183 2779 defenderint
1226 2729 1283 2775 et
1330 2724 1601 2775 obstinati
1644 2725 1703 2770 in
