1942 3109
247 228 320 263 nn
349 226 698 266 memnona
719 225 1211 267 cousvnnmzoms
1238 227 1655 266 nnvcnmmen.
1704 210 1772 265 25

246 348 370 387 rum
403 331 702 399 generibus
739 330 1186 386 excruciandum.
1256 330 1457 385 Videte
1493 346 1641 383 nnnc
1676 333 1771 384 ob-

249 433 406 470 secro
444 418 492 469 0
525 434 625 471 vos
651 416 960 472 Christiani
994 434 1183 473 omnes
1218 422 1489 484 quantam
1522 417 1657 467 mihi
1689 418 1774 467 in-

249 507 402 555 sonti
453 503 845 555 contumeliam
899 503 1119 557 fecerit.
1210 503 1618 569 Inclytissimns
1674 502 1773 551 im·

245 591 474 657 perator
507 589 663 641 iubet
695 589 756 638 in
791 587 1055 641 mandato
1086 590 1423 655 prescripto,
1462 586 1609 653 quod
1642 586 1777 637 mihi

247 673 491 726 debeant
535 673 790 731 exhiberi
845 674 1005 742 copie
1054 674 1543 726 consultationum.
1614 674 1775 725 immo

193 746 209 767 ’
249 762 308 811 et
341 760 447 811 hoc
482 760 720 811 inferius
755 760 876 825 ipse
912 759 1381 825 Archiepiscopus
1414 759 1775 825 Moguntinus

247 842 326 895 ad
359 859 646 913 cesaream
679 845 1036 897 maiestatem
1070 844 1365 897 scribendo
1400 844 1641 911 ingenue
1688 844 1775 895 fa·

247 933 416 981 tetur.
486 928 606 981 Non
641 928 858 995 prodidi
890 931 1066 995 igitur
1086 930 1269 995 ipsius
1294 929 1777 991 consultationem,

251 1013 351 1068 sed
387 1012 534 1079 quod
575 1018 831 1067 sanetum
876 1031 944 1066 ac
988 1016 1198 1068 iustum
1244 1018 1395 1079 erat,
1442 1029 1564 1067 meo
1610 1014 1776 1063 satis-

247 1098 364 1151 feci
398 1098 606 1164 officio,
643 1101 777 1165 quia
815 1100 1003 1167 copias
1042 1100 1283 1152 omnium
1306 1098 1777 1154 consultationum

249 1184 400 1235 ultro
424 1183 562 1235 mihi
585 1183 826 1249 oblatas,
861 1188 1131 1250 tanquam
1154 1184 1466 1237 ordinarius
1502 1183 1777 1237 sollicita·

250 1272 342 1321 tor
363 1272 422 1319 et
445 1284 480 1319 a
518 1283 748 1337 cesarea
776 1264 786 1333 Ι
815 1268 1115 1321 Maiestate
1154 1268 1225 1321 ad
1247 1268 1562 1322 istiusmodi
1583 1282 1751 1334 nego·
1772 1255 1913 1323 {mlh

251 1354 402 1409 cium
435 1353 824 1421 principaliter
849 1356 1205 1420 constitutus,
1240 1356 1379 1407 meis
1402 1353 1779 1421 superioribus

249 1438 597 1507 presentavi.
668 1440 1020 1507 Quapropter
1060 1456 1173 1493 non
1216 1440 1393 1507 magis
1437 1441 1559 1506 ipse
1597 1439 1779 1490 crimi-

249 1524 378 1575 nari
421 1522 616 1581 debuit
657 1522 728 1577 de
772 1525 1159 1591 publicatione
1204 1541 1301 1593 sue
1350 1524 1777 1580 consultationis

255 1624 420 1674 quam
469 1614 656 1679 cetere
700 1611 1097 1664 universitates
1146 1624 1251 1679 que
1296 1611 1355 1661 in
1399 1611 1547 1661 hunc
1600 1624 1777 1675 usque

252 1693 398 1748 diem
443 1709 668 1745 suarum
715 1694 1187 1747 consultationum
1236 1696 1527 1747 emissione
1564 1709 1781 1760 semper

257 1783 518 1849 contente
553 1782 798 1832 fuerunt.
875 1780 1021 1844 Quid
1054 1781 1268 1833 multa?
1306 1781 1365 1836 in
1388 1780 1643 1832 omnibus
1671 1793 1779 1848 que

242 1863 462 1936 ¹ibidem
495 1866 750 1931 scripsit,
787 1866 1019 1917 veritati
1054 1882 1270 1932 semper
1306 1870 1473 1929 atque
1510 1863 1779 1931 modestie

253 1950 526 2016 pepercit.
603 1941 656 2001 (s
700 1950 776 2001 Et
821 1954 883 2003 ut
927 1950 1035 2003 hoc
1082 1950 1347 2001 adiiciam
1384 1949 1445 1999 Si
1480 1950 1637 1999 facta
1672 1949 1781 1999 fuit

249 2035 460 2087 iniuria
493 2034 694 2087 Ioanni
723 2035 1001 2089 Reuchlin
1038 2038 1303 2101 quantum
1340 2034 1410 2085 ad
1444 2033 1780 2099 publicatio·

255 2133 382 2169 nem
418 2134 518 2186 sue
557 2120 1013 2187 consultationis,
1048 2120 1292 2172 debebat
1326 2118 1483 2170 illam
1518 2118 1780 2172 iniuriam

257 2204 612 2269 expostulare
661 2207 732 2260 ab
778 2206 866 2257 his
913 2207 1117 2271 quibus
1160 2221 1262 2258 sua
1310 2205 1528 2270 scripta
1586 2204 1783 2257 clausa

257 2289 638 2354 commiserat,
691 2291 783 2341 vel
837 2292 907 2343 ab
951 2291 1387 2357 Archiepiscopo
1432 2290 1780 2357 Moguntino,

251 2373 330 2427 ad
354 2388 518 2439 quem
541 2375 800 2438 miserat,
825 2379 881 2427 et
904 2376 1033 2429 illos
1062 2375 1143 2441 (id
1169 2374 1315 2441 quod
1338 2378 1526 2427 tamen
1550 2390 1661 2426 non
1683 2392 1780 2441 po·-

254 2458 388 2525 tuit)
426 2458 726 2511 traditores
763 2462 1069 2527 appellare,
1108 2464 1207 2511 aut
1241 2460 1439 2510 saltem
1473 2476 1557 2512 me
1597 2476 1781 2511 coram

256 2544 447 2597 eodem
495 2545 920 2611 archiepiscopo
966 2546 1033 2596 de
1080 2546 1187 2596 tali
1231 2546 1627 2610 publicationis
1676 2546 1781 2596 cri·-

256 2630 402 2682 mine
438 2632 772 2683 convicisse.
843 2630 908 2681 Id
944 2633 1129 2680 autem
1167 2632 1301 2693 quia
1336 2646 1447 2683 non
1481 2630 1647 2693 fecit,
1692 2630 1781 2680 fu-

257 2711 415 2774 tilem
449 2716 570 2783 ipse
607 2714 993 2769 defensionem
1027 2714 1272 2791 reliquit.
1312 2719 1369 2764 et
1395 2729 1443 2762 c.
