1942 3109
183 234 561 275 nummum
587 236 717 273 oms.
741 230 1428 276 uAnnA‘r.1r.n.10.uov.A.
1448 233 1563 278 1509.
1640 226 1703 278 17

179 344 340 412 Iudei
385 346 580 394 contra
626 342 932 409 equitatem
979 345 1283 408 graventur
1316 345 1391 395 Et
1432 360 1504 396 ne
1546 346 1707 416 Iudei

182 430 248 481 de
287 428 484 494 quavis
519 426 758 479 levitate
793 430 894 478 aut
926 440 986 479 re
1025 428 1221 494 aliqua
1254 429 1435 481 minus
1470 430 1707 499 diligen-⁴

180 520 268 567 ter
310 518 610 581 perspecta
658 518 1099 579 conquerantur,
1163 516 1555 567 committimus
1610 520 1705 568 tuo

183 616 316 666 erga
361 614 460 651 nos
509 599 682 651 amori
727 602 785 649 et
829 598 1025 650 damus
1060 600 1166 651 tibi
1201 599 1515 666 plenariam
1548 607 1705 669 pote-

179 689 409 737 statem:
447 689 506 737 et
530 700 599 736 ex
615 684 870 737 Romana
904 686 1267 751 imperatoria
1301 689 1581 751 potestate
1618 704 1708 739 se-

178 787 306 824 vere
342 770 668 822 mandamus
707 774 766 822 et
797 770 1085 836 volumus,
1132 776 1196 822 ut
1240 775 1305 822 tu
1350 771 1421 823 ad
1458 772 1705 837 aliquam

181 858 543 908 constitutam
573 854 583 921 Ι
613 855 758 907 diem
783 856 854 907 ad
878 860 934 907 te
959 856 1253 908 scribendo
1276 872 1445 909 voces
1483 857 1707 922 aliquos
1730 850 1771 917 D

180 942 371 993 doctos
407 956 476 993 ex
511 942 1006 1005 universitatibus,
1054 942 1323 994 videlicet
1358 940 1701 1009 Coloniensi,

179 1026 627 1092 Moguntinensi,
685 1026 1063 1093 Erphordensi
1118 1030 1177 1077 et
1218 1026 1702 1093 Heidelburgensi.

178 1111 262 1161 Ad
297 1111 400 1163 has
437 1126 656 1177 quoque
701 1114 752 1164 si
795 1113 902 1163 tibi
945 1112 1224 1177 placuerit
1267 1116 1323 1163 et
1368 1112 1707 1165 commodum

176 1197 362 1248 visum
393 1196 598 1261 fuerit,
634 1198 896 1248 honestos
933 1201 991 1247 et
1023 1198 1166 1249 bene
1204 1196 1424 1260 doctos,
1460 1198 1704 1263 devotos,

179 1280 343 1331 nobis
381 1284 439 1333 et
470 1280 690 1346 imperii
722 1268 1191 1333 fidos'Doctorem
1224 1281 1487 1335 Iacobum
1519 1282 1707 1335 Hoch·

180 1369 395 1417 straten
439 1365 686 1433 heretice
733 1366 1031 1432 pravitatis
1075 1367 1460 1431 inquisItorem
1495 1366 1565 1419 de
1601 1365 1707 1419 C'o·

181 1451 361 1515 Ionia,
408 1449 691 1502 doctorem
724 1451 991 1503 Ioannem
1025 1452 1301 1503 Reuchlin
1346 1453 1412 1504 de
1451 1452 1705 1521 Stutgar-

179 1539 302 1602 dia,
339 1538 624 1589 Victorem
660 1535 727 1587 de
767 1536 989 1587 Carben
1023 1537 1397 1604 sacerdotem,
1432 1554 1546 1591 una
1583 1556 1705 1591 cum

176 1624 426 1675 Iohanne
451 1622 843 1688 Pepericorno,
879 1622 1107 1688 insuper
1129 1623 1329 1692 Iudeos
1366 1623 1431 1675 de
1456 1625 1705 1675 Franck-

177 1707 364 1759 fordia
411 1705 483 1757 ad
527 1710 582 1757 te
631 1709 798 1770 atque
844 1704 975 1757 illos
1022 1708 1273 1760 doctores
1312 1725 1597 1775 accersas,
1644 1713 1707 1761 ut

178 1794 355 1846 libros
393 1792 491 1857 qui
529 1792 612 1843 eis
648 1806 825 1859 nuper
863 1790 1109 1859 adempti
1146 1798 1304 1858 sunt,
1354 1797 1411 1845 et
1454 1794 1553 1845 hos
1590 1810 1706 1845 ma-

179 1878 329 1929 xime
367 1890 503 1940 quos
537 1876 946 1943 Pepericornus
984 1877 1165 1929 adhuc
1210 1878 1508 1943 indicabit,
1557 1880 1708 1931 evol—

177 1976 284 2016 vas
331 1965 388 2013 et
431 1960 741 2029 perpendas
777 1962 852 2012 Et
889 1978 1012 2013 cum
1046 1966 1325 2028 repertum
1359 1963 1531 2013 fuerit
1565 1964 1710 2028 quod

177 2048 271 2101 illi
315 2048 446 2099 libri
493 2051 550 2099 et
595 2048 808 2113 scripta
855 2046 942 2111 (ut
985 2047 1157 2098 habet
1200 2051 1446 2098 nostrum
1479 2047 1708 2100 manda-

179 2138 299 2183 tum
325 2130 606 2197 emissum)
633 2134 694 2184 in
719 2132 1037 2201 Christiane
1073 2125 1201 2183 fidei
1236 2130 1475 2183 dedecus
1514 2136 1569 2183 et
1592 2148 1707 2184 ma-

181 2217 327 2279 lum,
386 2218 484 2266 aut
531 2220 725 2268 contra
769 2221 1041 2286 precepta
1085 2222 1141 2269 et
1193 2216 1369 2270 libros
1412 2216 1594 2285 Moysi
1639 2234 1709 2270 ac
1742 2205 1761 2239 '⁴

180 2301 582 2371 prophetarum
611 2302 732 2352 sint
767 2306 866 2353 aut
897 2302 1014 2354 illis
1050 2302 1209 2371 Iudei
1236 2307 1489 2368 utantur,
1524 2308 1595 2355 ut
1621 2304 1708 2355 Io·
1740 2334 1747 2339 -

182 2402 387 2440 annem
429 2384 860 2452 Pepericornum
903 2389 961 2438 in
1018 2382 1159 2439 hac*
1185 2402 1355 2439 causa
1409 2388 1711 2455 procedere

180 2472 507 2541 permittas,
551 2470 621 2522 ad
657 2470 761 2539 hec
799 2485 1018 2539 quoque
1054 2468 1307 2540 pluribus
1342 2452 1548 2525 li‘tteris
1587 2488 1709 2525 eum

181 2572 510 2624 promoveas
557 2560 826 2623 quantum
873 2559 926 2609 ei
972 2554 1044 2608 ad
1087 2561 1336 2609 nostrum
1388 2556 1710 2610 mandatum

185 2658 326 2708 opus
371 2646 474 2694 est.
543 2642 852 2709 Negocium
899 2643 1070 2693 etiam
1114 2642 1221 2693 hoc
1265 2643 1348 2694 ita
1394 2646 1605 2698 tractes
1653 2646 1711 2693 et

187 2740 366 2794 agas,
405 2740 514 2792 quo
545 2726 711 2796 {ndei
753 2728 816 2777 in
857 2740 960 2777 sua
996 2725 1101 2777 fide
1136 2726 1347 2779 nullam
1382 2726 1715 2789 novitatem,-

1372 2811 1407 2859 2
