1942 3109
662 255 729 298 18.
758 260 996 296 sumnus
1021 262 1229 299 ποιεῖ.
1601 251 1703 301 ²25

164 367 249 413 est
284 379 543 430 magnum
592 367 911 427 certamen,
954 369 1013 416 et
1053 366 1252 418 volunt
1291 347 1532 420 invicem
1575 385 1699 436 per-

166 451 355 498 cutere
399 465 479 499 se.
562 448 627 499 Si
684 449 943 500 deberem
997 452 1160 502 vobis
1205 453 1448 504 scribere
1492 453 1698 506 Omnes

165 547 422 597 guerras,
476 549 589 600 que
636 536 769 582 sunt
811 532 879 584 de
923 535 1032 586 hoc
1075 536 1249 600 libro,
1310 536 1564 603 Olympio
1608 555 1698 590 me

166 619 383 680 tempus
426 619 503 668 sit
536 617 906 671 defecturum.
979 619 1089 670 Sed
1123 625 1482 672 transeunter
1515 621 1698 674 dicam

165 715 367 764 pauca.
440 700 791 768 Simpliciter
821 703 1012 768 plures
1047 703 1270 767 dicunt,
1307 709 1366 754 et
1401 709 1698 756 communi-

166 789 253 836 ter
296 785 585 851 seculares
628 786 890 852 Magistri
946 791 1006 838 et
1049 789 1350 852 presbiteri
1391 791 1450 840 et
1491 791 1698 842 fratres

164 869 233 920 de
271 868 466 920 ordine
502 871 801 934 minorum,
840 871 988 934 quod
1009 887 1120 922 non
1145 875 1233 923 est
1254 873 1522 936 possibile
1549 875 1696 939 quod

161 953 521 1004 Pfefferkorn
560 956 868 1020 composuit
902 957 1074 1005 istum
1107 956 1340 1020 librum,
1387 959 1522 1021 quia
1555 975 1694 1010 nun-

164 1052 336 1100 quam
368 1037 567 1088 didicit
600 1053 765 1088 unum
798 1041 1032 1090 verbum
1055 1040 1312 1090 latinum.
1367 1041 1696 1108 Respondeo

166 1121 316 1186 quod
340 1122 449 1188 hec
472 1124 708 1174 obiectio
734 1123 877 1173 nihil
902 1123 1086 1188 valet,
1112 1125 1248 1174 licet
1270 1139 1500 1190 magnos
1525 1127 1696 1176 etiam

163 1207 321 1257 viros
356 1207 417 1255 in
450 1207 594 1256 hunc
626 1223 805 1272 usque
842 1207 988 1258 diem
1023 1209 1382 1274 perverterit,
1429 1213 1487 1260 et
1519 1210 1692 1262 male:

164 1291 305 1355 quia
338 1291 575 1342 Ioannes
608 1291 982 1356 Pfefferkorn,
1021 1292 1116 1355 qui
1153 1309 1340 1344 secum
1375 1295 1488 1345 fert
1523 1294 1690 1346 Cala·

164 1390 323 1424 mare
350 1379 407 1424 et
429 1377 908 1440 atramentarium,
948 1393 1016 1427 ea
1051 1381 1237 1442 potest
1272 1382 1546 1428 annotare
1584 1393 1692 1444 que

164 1458 355 1522 audit,
400 1460 491 1510 vel
526 1461 583 1510 in
619 1462 963 1512 sermonibus
999 1461 1278 1526 publicis,
1325 1461 1417 1512 vel
1461 1463 1519 1512 in
1565 1478 1690 1514 con-

162 1544 495 1608 venticulis,
529 1545 623 1596 vel
656 1544 877 1609 quando
915 1545 1202 1596 studentes
1240 1549 1296 1596 et
1330 1547 1536 1598 fratres
1560 1564 1688 1616 pre-

164 1627 447 1678 dicatores
482 1631 715 1680 veniunt
748 1631 808 1678 in
842 1629 1060 1680 domum
1095 1645 1283 1694 suam,
1327 1633 1420 1682 vel
1467 1633 1690 1695 quando

161 1714 289 1777 ipse
320 1712 477 1762 vadit
510 1712 581 1763 ad
614 1713 892 1764 balneum.
952 1712 1160 1763 Sancte
1195 1714 1356 1778 deus,
1395 1719 1530 1780 quot
1563 1731 1690 1782 pre-

163 1795 478 1847 dicationes
525 1799 678 1847 intra
718 1813 808 1848 111
856 1813 1031 1849 annos
1086 1798 1336 1849 audivit?
1391 1799 1540 1861 Quot
1593 1797 1688 1848 ad-

162 1880 527 1932 monitiones?
582 1885 732 1945 Quot
788 1885 1106 1933 sanctorum
1149 1887 1368 1948 patrum
1417 1883 1686 1932 autorita-

158 1967 286 2015 tes?
342 1967 495 2028 Quas
546 1967 669 2034 ipse
724 1967 817 2018 vel
871 1983 971 2032 per
1017 1969 1260 2032 seipsum
1303 1967 1542 2018 retinere
1589 1971 1690 2017 aut

153 2051 321 2102 uxori
356 2065 453 2116 sue
488 2050 675 2102 dicere
723 2051 933 2116 potuit,
978 2051 1069 2102 vel
1119 2051 1189 2100 ad
1231 2051 1504 2114 parietem
1549 2053 1686 2102 scri-

152 2137 321 2198 bere,
377 2135 469 2185 vcl
512 2135 587 2186 ad
628 2135 885 2186 tabulam
940 2149 1100 2185 suam
1145 2148 1368 2198 ponere.
1447 2133 1524 2183 Et
1569 2133 1685 2184 dixi

156 2220 333 2270 etiam
376 2234 553 2285 nuper
597 2218 1056 2284 quod-Iohannes
1091 2217 1442 2270 Pfefferkorn
1483 2217 1552 2270 de
1597 2235 1684 2270 se-

153 2305 281 2368 ipso
325 2303 615 2368 profitetur
662 2301 829 2367 (eitra
872 2304 1206 2353 iactantiam
1251 2301 1492 2367 tamen),
1538 2303 1686 2366 quod

158 2388 343 2438 omnia
384 2388 491 2438 illa
535 2403 643 2455 que
682 2388 741 2437 in
774 2387 953 2439 biblia
987 2386 1080 2438 vel
1116 2387 1176 2435 in
1211 2387 1389 2436 sacris
1423 2386 1681 2453 Evange-

159 2472 251 2522 liis
292 2473 601 2536 habentur,
647 2485 747 2536 per
792 2472 1036 2537 seipsum
1085 2469 1334 2535 allegare
1381 2473 1570 2534 potest
1613 2469 1684 2520 ad

158 2571 313 2607 omne
340 2557 713 2622 propositum,
751 2555 869 2606 sive
892 2553 1102 2604 malum
1137 2553 1255 2604 sive
1290 2553 1522 2618 bonum,
1559 2556 1682 2606 sive

150 2640 383 2691 Iudaice
408 2641 527 2692 sive
551 2639 863 2690 Almanice.
910 2638 985 2686 Et
1009 2637 1178 2686 etiam
1203 2639 1312 2687 scit
1333 2642 1684 2688 menteteuus

152 2727 347 2776 omnia
380 2722 702 2790 Evangelia
747 2737 855 2786 que
900 2735 1000 2785 per
1046 2721 1222 2769 totum
1267 2733 1474 2843 virgum
1519 2727 1687 2773 expo-
