1942 3109
225 207 286 256 18
509 221 799 256 arisi-onai
838 219 1203 255 onscvnonvu
1241 219 1516 253 vmoavit.

219 325 410 374 facere
445 325 622 376 vobis.
694 325 768 373 Et
805 325 1067 374 scribatis
1104 325 1236 374 mihi
1272 340 1345 372 an
1371 327 1457 372 est
1479 339 1740 372 neeessa-

217 409 358 457 rium
381 409 454 458 ad
477 413 726 475 eternam
749 409 1007 472 salutem,
1046 409 1189 471 quod
1214 408 1497 458 scholares
1521 408 1743 457 discunt

220 495 639 556 grammaticam
696 510 762 543 ex
807 495 987 558 poetis
1032 492 1406 560 secularibus,
1464 493 1611 540 sieut
1656 497 1743 541 est

221 578 509 640 Virgilius,
548 578 787 639 Tullius,
823 578 1061 640 Plinius,
1089 582 1144 627 et
1168 577 1303 626 alii?
1350 577 1584 627 Videtur
1606 577 1743 625 mihi

222 661 365 724 quod
411 678 520 712 non
569 667 654 711 est
688 665 864 712 bonus
899 663 1089 711 modus
1126 661 1411 714 studendi:
1458 663 1631 724 Quia,
1680 664 1741 708 ut

219 746 417 796 scribit
460 746 791 796 Aristoteles
836 747 1011 810 primo
1056 747 1487 813 methaphisioe:
1542 745 1741 794 ‘Multa

219 831 560 880 mentiuntur
595 833 810 898 poete’3
849 831 945 880 sed
971 832 1067 894 qui
1090 831 1448 894 mentiuntur,
1486 835 1742 894 peceant,

222 918 278 963 et
325 917 420 977 qui
466 915 700 965 fundant
745 916 986 966 studium
1022 931 1180 965 suum
1218 930 1382 979 super
1416 914 1739 977 mendaciiS,

223 999 462 1048 fundant
505 1000 646 1048 illud
693 1001 1173 1064 super.peccati8‚
1222 1003 1279 1048 et
1313 999 1579 1062 quicquid
1613 1000 1739 1050 fun—

219 1083 406 1132 datum
445 1089 530 1132 est
565 1100 730 1148 super
763 1087 1041 1148 peccatis,
1088 1100 1197 1134 non
1245 1088 1331 1133 est
1374 1085 1605 1145 bonum;
1644 1084 1742 1134 sed

221 1172 306 1216 est
357 1172 550 1217 contra
592 1168 776 1231 deum,
827 1170 958 1231 quia
1000 1169 1133 1218 deus
1182 1173 1269 1218 est
1313 1169 1566 1218 inimicus
1613 1185 1741 1232 pee-

223 1253 394 1300 catis:
446 1252 553 1301 Sed
601 1254 656 1300 in
701 1253 918 1315 poetria
967 1257 1095 1301 sunt
1140 1253 1460 1302 mendacia:
1509 1257 1565 1302 et
1610 1269 1740 1317 ergo

221 1336 314 1397 qui
365 1337 640 1398 incipiunt
691 1351 846 1385 suam
900 1336 1209 1386 doctrinam
1244 1339 1302 1385 in
1336 1327 1578 1401 poetria,
1632 1355 1743 1387 non

219 1424 451 1483 possunt
498 1419 762 1484 proficere
809 1421 865 1468 in
901 1421 1182 1470 bonit-ate:
1231 1423 1362 1485 quia
1396 1421 1547 1490 mala
1580 1423 1742 1470 radix

219 1504 388 1552 habet
433 1519 598 1566 super
643 1521 702 1553 se
749 1505 950 1553 malam
996 1505 1255 1567 herbam,
1304 1510 1360 1555 et
1394 1505 1541 1554 mala
1579 1507 1743 1556 arbor

218 1590 430 1652 profert
465 1589 667 1636 malum
703 1589 971 1650 fructum,
1022 1590 1321 1638 secundum
1368 1590 1739 1654 evangelium,

217 1674 314 1722 ubi
349 1673 485 1720 dicit
509 1673 786 1722 salvator:
827 1672 964 1723 ‘Non
990 1677 1077 1722 est
1106 1675 1270 1723 arbor
1293 1675 1439 1723 bona
1466 1689 1571 1739 que
1598 1675 1741 1723 facit

216 1758 455 1805 fructum
514 1756 750 1804 malum'.
821 1757 1008 1806 Etiam
1066 1759 1206 1807 bene
1267 1758 1445 1806 adhuc
1502 1773 1740 1808 memoro

217 1841 373 1890 illam
409 1840 742 1904 doctrinam,
790 1855 954 1904 quam
1001 1843 1155 1892 dedit
1188 1843 1323 1890 mihi
1356 1843 1530 1892 semel
1563 1845 1737 1908 magi-

215 1929 331 1973 ster
365 1932 552 1974 noster
586 1924 920 1974 Valentinus
957 1925 1024 1975 de
1062 1926 1439 1976 Gelterssheim
1476 1927 1533 1974 in
1567 1927 1761 1976 bursa·

216 2009 452 2071 Montis,
484 2008 704 2071 quando
741 2009 825 2058 fui
860 2026 993 2059 suus
1018 2010 1343 2075 discipuluS,
1384 2014 1439 2059 et
1462 2011 1617 2060 volui
1640 2027 1737 2060 au-

213 2092 330 2142 dire
369 2092 689 2159 Salustium.
761 2095 834 2142 Et
869 2095 1038 2144 dixit:
1078 2094 1269 2157 ‘quare
1304 2095 1389 2144 vis
1416 2095 1609 2144 audire
1636 2095 1735 2144 Sa-

213 2177 456 2240 lustium,
495 2181 556 2225 tu
592 2177 837 2228 dischole
852 2181 893 2227 Ῥ
966 2179 1123 2227 Tune
1148 2195 1251 2242 ego
1277 2179 1551 2242 respondi,
1592 2179 1737 2242 quod

213 2261 479 2326 magister
515 2261 754 2311 Ioannes
793 2261 858 2311 de
896 2263 1243 2312 Vratislavia
1280 2262 1437 2324 dixit,
1476 2263 1620 2325 quod
1656 2263 1734 2312 di—

212 2347 414 2394 scimus
440 2347 585 2396 bona
611 2345 916 2400 dictamina
954 2346 1145 2396 facere
1183 2363 1251 2396 ex
1284 2347 1496 2396 talibus
1533 2349 1733 2411 poetis.

212 2431 368 2480 Tune
403 2432 524 2494 ipse
549 2430 716 2479 dixit:
755 2430 861 2479 ‘est
883 2431 1151 2492 fantasia,
1189 2429 1286 2479 sed
1310 2434 1371 2478 tu
1396 2430 1566 2480 debes
1590 2432 1733 2482 bene

211 2515 500 2565 advertere
561 2517 618 2562 in
670 2515 922 2578 partibus
975 2514 1303 2576 Alexandri,
1364 2520 1420 2563 et
1478 2516 1734 2580 epistolis

213 2597 417 2662 Caroli,
447 2613 552 2665 que
577 2599 964 2664 practicantur
988 2599 1045 2647 in
1070 2598 1201 2649 aula
1227 2601 1730 2662 grammaticorum3

207 2681 326 2748 Ego
363 2697 645 2745 nunquam
692 2681 882 2732 audivi
917 2683 1248 2746 Salustium,
1298 2687 1355 2732 et
1388 2688 1575 2732 tamen
1612 2686 1732 2734 seio

13 2953 146 3058 k*
