1942 3109
189 226 536 271 conani-Ar.
549 224 705 263 νων.
721 224 1071 263 noemmin:
1092 227 1147 263 n.
1164 226 1219 265 n.
1231 220 1299 263 31.
1314 196 1434 263 ocr.
1447 219 1563 263 151⁰.
1646 208 1709 262 31

325 383 661 452 Honorando
731 384 889 435 uni‘v
904 383 1187 436 ersitati
1202 399 1227 433 s
1296 382 1354 431 M
1369 398 1576 447 egun-

329 470 471 539 tine
518 468 840 521 consulta
856 468 980 534 tio,
1042 472 1239 520 contra
1283 467 1461 517 falsos
1521 472 1578 517 et

325 555 553 607 inutiles
587 555 666 606 lib
673 570 761 607 ros
785 552 1140 605 Talmudicos
1176 554 1465 621 utriusque
1489 552 1576 605 fa-

820 638 1068 690 cultatis.

292 754 348 815 (1
380 763 634 827 Recepta
667 758 948 825 imperiali
986 759 1370 811 commissione
1394 760 1453 811 in
1474 762 1727 811 materia-

183 849 482 919 Iudeorum
522 847 819 909 librorum,
879 843 1179 897 voluerunt
1222 845 1429 897 domini
1472 845 1543 897 de
1588 848 1711 897 uni-

186 934 457 987 versitate
493 930 664 983 studii
697 931 894 995 nostri,
932 929 1091 994 Quod
1127 930 1439 982 huiusmodi
1474 933 1709 983 materia

188 1034 292 1086 per
333 1017 589 1069 doctores
635 1015 949 1084 theologice
988 1014 1284 1067 facultatis
1322 1018 1471 1067 esset
1504 1018 1711 1067 exami-

187 1103 402 1167 nanda,
441 1106 498 1155 et
533 1118 720 1155 eorum
755 1101 1049 1153 consilium
1084 1098 1431 1151 audiendum.
1500 1100 1717 1151 Iccirco

187 1189 448 1241 doctores
492 1188 700 1255 prefati
741 1202 908 1251 super
953 1186 1065 1237 hac
1106 1188 1343 1237 materia
1389 1188 1715 1252 congregati

192 1278 254 1325 et
286 1271 612 1335 deliberati,
660 1272 993 1323 censuerunt
1035 1274 1098 1322 ut
1131 1272 1385 1335 sequitur
1421 1270 1715 1323 consulen-

189 1358 336 1409 dum.
407 1358 473 1409 In
516 1357 736 1424 primis,
781 1356 918 1407 licet
961 1355 1264 1407 secundum
1298 1371 1581 1407 sacrorum
1617 1372 1711 1407 ca·

187 1458 396 1496 nonum
440 1442 707 1495 instituta.
749 1444 968 1493 terreno
1018 1442 1261 1508 principi
1315 1440 1711 1494 consulendum

185 1546 302 1581 non
341 1529 418 1581 sit
463 1526 608 1593 quod
650 1525 854 1595 Iudeos
897 1526 972 1577 ad
1020 1526 1435 1593 suscipiendum
1490 1542 1709 1579 sacrum

184 1614 470 1681 baptisma
506 1617 564 1665 et
597 1612 760 1667 fidem
791 1616 1041 1665 nostram
1066 1610 1444 1665 Christianam
1470 1614 1711 1679 compel-

185 1700 302 1764 lat,
346 1698 624 1764 loquendo
660 1697 730 1749 de
767 1698 1144 1763 compulsione
1188 1699 1468 1763 violenta,
1514 1699 1711 1751 Potest

183 1790 401 1849 tamen,
447 1783 610 1835 immo
645 1786 869 1837 tenetur
903 1786 1155 1835 terrenus
1190 1785 1451 1849 princeps
1490 1784 1711 1835 eosdem

187 1867 498 1920 efficaciter
541 1869 835 1923 admonere
852 1904 868 1933 ,
925 1872 981 1920 et
1036 1870 1237 1934 quibus
1281 1872 1469 1935 potest
1512 1869 1709 1920 mediis

182 1952 476 2018 inducere,
510 1957 572 2005 ut
605 1968 822 2007 sacrum
855 1954 1145 2019 Baptisma
1182 1958 1241 2005 et
1272 1954 1431 2005 fidem
1464 1958 1711 2005 nostram

187 2040 564 2093 Christianam
607 2040 946 2107 suscipiant,
1004 2043 1061 2091 et
1104 2040 1288 2091 omnia
1332 2038 1403 2090 ab
1450 2039 1579 2089 istis
1624 2055 1711 2090 re·

181 2125 472 2177 trahentia
509 2129 788 2197 eaeorum
823 2126 1243 2179 conversionem
1285 2122 1642 2192 impedientia
1678 2140 1709 2175 e

185 2208 368 2261 medio
411 2209 614 2261 tollere
651 2213 730 2261 .et
752 2227 804 2263 c.
870 2212 948 2262 Et
990 2212 1123 2275 quia
1168 2211 1317 2262 inter
1358 2210 1543 2261 omnia
1590 2210 1709 2261 alia

187 2308 378 2347 eorum
413 2296 827 2348 conversionem
860 2296 1225 2364 impedientia
1256 2296 1400 2347 illud
1424 2297 1709 2362 cognosci-

184 2385 279 2434 tur
313 2396 440 2433 esse
471 2380 797 2445 maximum,
832 2384 896 2443 ut
927 2382 1157 2435 tradunt
1190 2382 1378 2447 plures
1416 2396 1486 2433 ex
1518 2381 1705 2432 docto·

181 2467 338 2519 ribus
363 2464 570 2519 nostris
597 2465 892 2523 catholicis
914 2466 923 2531 Ι
945 2468 1045 2533 qui
1066 2466 1355 2531 utriusque
1378 2464 1567 2535 lingue
1590 2471 1707 2518 tam
1730 2456 1807 2513 ab

182 2550 411 2618 Hebree
455 2564 622 2615 quam
665 2550 872 2620 Latine
924 2552 1192 2617 periciam
1244 2552 1587 2617 habuerunt,
1648 2557 1711 2605 et

183 2636 358 2689 libros
381 2635 676 2704 Iudeorum
710 2636 1065 2693 exactissime
1099 2636 1421 2688 reviderunt
1454 2642 1511 2688 et
1544 2641 1709 2688 taxa-

184 2722 338 2785 runt,
373 2720 534 2785 Quod
567 2736 758 2775 cortun
779 2718 1133 2775 Thalmudici
1166 2724 1227 2772 et
1259 2721 1362 2772 alii
1382 2721 1701 2785 scriptores,
