1942 3109
278 261 378 314 306
453 277 742 314 smsromn
766 277 1133 315 onscvnonvn
1156 277 1409 315 vrnonvx
1434 280 1611 316 nova.
1926 270 1928 334 1

278 384 480 434 losumt
516 398 610 434 vos
644 383 788 434 bene
823 382 980 433 scitis
1015 381 1155 433 illud
1192 383 1523 450 exemplum,
1563 385 1633 436 ad
1673 403 1803 440 san·
1926 335 1928 378 Ι

283 470 430 518 ctum
463 466 738 518 Andream
775 465 1030 534 colonie,
1081 469 1323 532 qualiter
1357 485 1499 520 unus
1535 471 1802 525 Decanus

281 551 524 603 eiusdem
569 551 804 618 ecclesie
853 551 1055 618 ludens
1116 554 1429 620 baptisatus
1488 555 1799 611 diutissime

281 638 486 688 mansit
526 637 582 687 in
627 635 732 688 fide
779 637 1111 702 christiana,
1168 642 1225 688 et
1274 639 1416 689 vixit
1471 642 1798 695 rectissime.

282 722 390 774 Sed
425 726 619 788 postea
653 723 712 772 in
749 723 987 772 articulo
1024 723 1217 773 mortis
1254 724 1419 773 iussit
1442 725 1551 776 sibi
1574 732 1793 792 portare

280 823 446 857 unum
480 807 722 872 leporem
759 810 815 858 et
851 821 1072 871 canem,
1121 811 1178 858 et
1221 809 1371 858 misit
1418 824 1509 860 eos
1550 826 1793 862 currere:

283 897 415 942 tunc
459 891 650 942 statim
700 892 855 943 canis
904 891 1265 958 apprehendit
1308 893 1569 959 leporem.
1640 897 1793 946 Tunc

283 977 480 1028 iterum
524 977 688 1026 iussit
733 991 950 1028 currere
1006 993 1175 1027 unum
1220 976 1418 1027 Catum
1464 983 1520 1029 et
1562 995 1789 1031 murem:

284 1067 340 1114 et
383 1061 554 1112 Catus
600 1061 965 1127 apprehendit
1008 1077 1228 1112 murem.
1310 1062 1385 1112 Et
1428 1063 1567 1114 dixit
1610 1065 1797 1116 multis

285 1148 772 1198 circumstantibus
809 1146 1044 1199 ‘Videtis
1082 1143 1225 1212 quod
1260 1146 1371 1197 ista
1396 1148 1662 1198 animalia
1685 1165 1799 1200 non

283 1233 566 1284 dimittunt
598 1235 853 1283 naturam
889 1233 1081 1282 suam?
1121 1225 1213 1282 Sic
1239 1233 1407 1282 etiam
1431 1232 1632 1300 Iudeus
1659 1247 1797 1284 nun·

283 1333 446 1383 quam
489 1316 718 1366 dimittit
774 1316 932 1367 fidem
986 1332 1171 1368 suam:
1228 1332 1357 1381 ergo
1412 1317 1578 1366 etiam
1634 1318 1795 1370 hodie

281 1403 409 1454 volo
443 1403 579 1452 mori
621 1403 766 1452 sicut
809 1402 987 1453 bonus
1019 1401 1270 1470 Iudeus'z
1317 1405 1373 1451 et
1406 1403 1651 1452 mortuus
1690 1408 1794 1458 est.

283 1489 439 1539 Tunc
465 1487 614 1538 cives
639 1485 999 1536 Colonienses
1022 1488 1082 1536 in
1117 1487 1428 1537 memoriam
1463 1485 1604 1534 facti
1638 1487 1795 1538 illius

283 1573 538 1624 fecerunt
580 1571 681 1621 has
729 1586 885 1639 ereas
941 1571 1212 1636 imagines
1270 1585 1374 1638 que
1430 1568 1607 1619 adhuc
1662 1577 1799 1624 sunt

283 1674 448 1723 super
489 1671 700 1707 murum
745 1660 874 1707 ante
911 1657 1258 1706 cimiterium.
1328 1655 1465 1706 Item
1501 1653 1689 1706 audivi
1726 1657 1797 1710 de

284 1743 415 1807 alic,
453 1743 548 1807 qui
581 1742 835 1793 similiter
869 1743 926 1791 in
963 1741 1201 1792 articulo
1241 1741 1435 1790 mortis
1463 1743 1793 1792 constitutus

283 1828 449 1878 iussit
493 1827 601 1879 sibi
645 1831 864 1892 portare
911 1841 1079 1876 unum
1125 1824 1361 1892 lapidem
1406 1829 1689 1891 magnumg
1734 1829 1794 1876 et

283 1927 486 1979 ponere
541 1925 663 1962 eum
713 1912 772 1962 in
824 1910 938 1961 olla
994 1927 1115 1962 cum
1168 1925 1317 1974 aqua
1371 1914 1427 1960 et
1478 1925 1679 1976 ponere
1725 1912 1795 1962 ad

285 1999 464 2064 ignem
501 1995 571 2048 ad
616 1995 984 2061 coquendum:
1031 2000 1087 2046 et
1130 1995 1291 2046 stetit
1330 1994 1470 2045 bene
1516 1997 1629 2044 tres
1677 1995 1795 2047 dies

287 2082 433 2150 apud
467 2083 674 2148 ignem:
711 2085 843 2132 tunc
881 2080 1125 2149 quesivit
1160 2095 1231 2129 an
1268 2083 1417 2130 esset
1440 2081 1649 2130 coctus.
1709 2097 1795 2132 re-

285 2167 618 2233 sponderunt
665 2165 810 2228 quod
853 2181 989 2228 non,
1046 2164 1177 2227 quia
1223 2179 1333 2214 non
1388 2168 1472 2216 est
1526 2165 1795 2230 possibile

286 2250 432 2319 quod
465 2265 605 2300 unus
641 2249 786 2314 lapis
822 2247 1048 2298 deberet
1084 2248 1263 2310 coqui.
1321 2249 1478 2300 Tunc
1512 2251 1801 2315 respondit

285 2339 436 2404 ipse:
485 2333 662 2385 ‘Sicut
695 2333 803 2383 iste
839 2331 985 2397 lapis
1020 2345 1299 2396 nunquam
1334 2331 1397 2384 fit
1429 2335 1611 2388 mollis
1648 2335 1799 2400 apud

286 2424 499 2488 ignem,
549 2419 632 2469 ita
678 2418 846 2470 etiam
889 2432 1169 2483 nunquam
1226 2419 1429 2484 aliquis
1475 2419 1679 2484 Iudeus
1738 2420 1801 2470 fit

289 2509 439 2558 recte
480 2504 832 2556 christianus.
903 2501 1013 2554 Sed
1054 2503 1271 2554 faciunt
1314 2505 1417 2554 hoc
1452 2504 1675 2567 propter
1709 2501 1799 2554 lu·

291 2604 441 2641 crum
483 2589 575 2643 vel
619 2592 841 2654 propter
883 2590 1131 2640 timorem
1174 2589 1264 2639 vel
1308 2589 1599 2653 propterea
1650 2587 1797 2651 quod

289 2675 503 2741 possint
532 2675 718 2726 facere
753 2689 918 2726 unam
950 2673 1328 2740 proditionem.
1386 2671 1461 2721 Et
1496 2685 1599 2736 ego
1632 2671 1794 2724 hodie

289 2760 414 2812 volo
449 2761 586 2812 mori
618 2761 764 2811 sicut
797 2759 972 2812 fidelis
998 2757 1235 2826 Iudeus’.
1296 2757 1443 2824 Ergo
1478 2771 1577 2824 per
1610 2757 1791 2823 deum,
