1942 3109
257 244 356 295 242
433 256 721 293 nmen-omn
745 257 1109 293 onscvnonvu
1134 258 1387 293 vmonvu
1414 258 1592 294 πονε.
1637 278 1647 287 -

255 361 528 427 logicales
573 361 644 412 ad
686 377 812 414 vos:
858 367 989 412 tune
1028 362 1199 414 vultis
1244 362 1378 413 mihi
1414 378 1511 414 eas
1546 362 1762 415 solvere

255 446 452 497 melius
489 462 654 512 quam
691 446 971 498 Curtisani
994 448 1193 515 Romo:
1228 447 1375 513 Ergo
1410 464 1554 499 nunc
1590 463 1763 516 quoro

253 532 680 583 dominationem
701 536 941 583 vostram
967 532 1098 597 quid
1118 534 1319 583 tenetis
1354 532 1421 583 de
1458 549 1549 597 eo,
1589 547 1764 596 quan—

252 616 322 669 do
355 632 498 668 unus
531 618 592 667 in
625 617 714 667 die
749 618 1008 680 Veneris,
1043 617 1100 666 id
1136 622 1221 669 est
1254 618 1398 668 feria.
1434 622 1623 684 sexta,
1668 618 1765 669 vel

254 702 398 753 alias
424 702 642 767 quando
667 706 754 753 est
787 703 1083 766 ieiunium,
1122 702 1356 752 eomedit
1390 718 1553 754 ovum
1584 707 1639 753 et
1672 706 1763 752 est

252 787 436 851 pullus
469 788 652 837 intus?
689 787 820 850 quia
855 802 1029 851 nuper
1050 787 1110 835 in
1135 786 1340 851 Campo
1364 788 1495 854 florq
1520 786 1760 839 sedimus

253 872 311 920 in
335 887 442 921 uno
465 872 708 936 hospitio
733 875 789 921 et
811 871 1045 921 fecimus
1072 870 1453 936 collationem,
1491 876 1549 923 et
1582 887 1761 922 eome-

253 956 430 1005 dimus
466 972 591 1007 ovat
627 961 684 1006 et
717 972 818 1023 ego
857 958 1114 1021 aperiens
1150 971 1311 1007 ovum
1345 956 1463 1007 vidi
1498 957 1640 1020 quod
1674 957 1761 1006 iu-

249 1042 412 1092 venis
458 1040 644 1104 pullus
691 1045 777 1092 est
819 1043 878 1091 in
925 1058 1015 1092 eo:
1063 1045 1120 1091 et
1163 1041 1379 1091 ostendi
1422 1042 1573 1092 socio
1616 1056 1761 1106 meo,

250 1128 383 1176 tunc
427 1127 546 1190 ipse
589 1125 756 1175 dixit:
805 1120 1138 1177 ‘·Come'datis
1185 1128 1294 1176 cito
1331 1130 1629 1191 antequam
1663 1126 1762 1177 ho-

249 1226 379 1275 spes
425 1210 604 1275 videt,
651 1214 784 1273 quia
820 1210 1038 1274 quando
1071 1210 1249 1275 videt,
1284 1214 1419 1261 tune
1456 1214 1673 1275 oportet
1706 1212 1765 1261 ei

249 1294 379 1345 dare
436 1310 599 1343 unum
659 1293 939 1344 Oarlinum
983 1295 1075 1347 vel
1118 1295 1319 1345 Iulium
1372 1311 1470 1360 pro
1522 1294 1761 1360 gallina:

251 1380 384 1444 quia
427 1383 512 1429 est
553 1379 644 1427 hic
701 1379 1035 1429 consuetudo
1090 1380 1233 1442 quod
1286 1379 1503 1443 quando
1556 1379 1761 1445 hospes

248 1466 404 1529 ponit
438 1462 650 1527 aliquid
685 1463 755 1513 ad
789 1464 1065 1529 tabulam,
1086 1468 1233 1531 tunc
1268 1467 1487 1529 oportet
1520 1464 1759 1529 solvere,

249 1549 380 1612 quia
415 1564 524 1599 non
558 1547 754 1598 volunt
785 1549 1049 1612 recipere.
1124 1553 1180 1599 et
1224 1550 1273 1599 si
1306 1548 1459 1600 videt
1494 1548 1636 1613 quod
1672 1550 1760 1598 iu-

246 1634 406 1685 venis
441 1631 656 1698 gallina
691 1636 776 1682 est
819 1634 877 1681 in
922 1648 1052 1698 ovo,
1098 1634 1217 1698 ipse
1260 1633 1423 1683 dicit:
1469 1632 1759 1697 „Solvatis

247 1718 382 1768 mihi
425 1718 593 1768 etiam
639 1717 962 1783 gallinam”,
1008 1719 1137 1780 quia
1186 1724 1465 1784 computat
1507 1734 1754 1784 parvam,

249 1804 394 1853 siout
415 1805 706 1869 magnam’.
765 1803 838 1851 Et
861 1818 962 1868 ego
990 1804 1178 1853 statim
1210 1804 1329 1855 bibi
1363 1818 1552 1869 ovum,
1588 1808 1645 1853 et
1678 1806 1755 1854 si-

249 1888 360 1936 mul
393 1888 550 1937 illum
582 1886 793 1952 pullum
828 1889 1004 1937 intus:
1043 1890 1099 1937 et
1120 1891 1315 1951 postea
1340 1890 1584 1954 cogitavi
1608 1889 1760 1954 quod

247 1972 356 2022 fuit
389 1970 506 2022 dies
541 1973 801 2037 Veneria,
841 1975 898 2022 et
931 1972 1046 2021 dixi
1081 1973 1232 2023 socio
1266 1988 1414 2040 meo:
1460 1974 1575 2025 ‘vos
1612 1975 1755 2024 feci-

247 2058 350 2108 stis
385 2056 531 2122 quod
565 2057 678 2107 feci
701 2060 994 2122 peccatum
1017 2056 1247 2107 mortale
1276 2058 1603 2109 comedendo
1630 2074 1755 2108 oar·

247 2158 345 2193 nes
380 2144 438 2192 in
481 2142 640 2193 feriis
683 2142 890 2192 sextis'.
959 2141 1035 2191 Et
1076 2141 1216 2192 dixit
1256 2143 1406 2208 ipse,
1454 2143 1597 2208 quod
1642 2160 1756 2194 non

249 2231 334 2277 est
367 2229 658 2292 peceatum
691 2226 949 2277 mortale:
996 2227 1156 2277 immo
1192 2242 1301 2278 non
1340 2232 1425 2277 est
1456 2234 1756 2293 peccatum

246 2311 495 2363 veniale:
533 2312 664 2375 quia
697 2311 796 2361 ille
833 2310 1105 2376 pullaster
1136 2326 1245 2362 non
1270 2316 1560 2377 reputatur
1584 2315 1758 2365 aliter

247 2412 409 2461 quam
461 2410 646 2460 ovum,
700 2395 874 2447 donec
928 2401 1013 2447 est
1060 2401 1242 2450 natus.
1312 2400 1384 2447 Et
1434 2397 1575 2448 dixit
1616 2399 1755 2449 mihi

246 2482 391 2545 quod
439 2486 523 2531 est
565 2482 712 2531 siout
755 2480 822 2531 de
870 2479 1063 2532 Caseis
1110 2484 1165 2531 in
1214 2482 1411 2545 quibus
1448 2482 1755 2548 aliquando

249 2570 378 2617 sunt
410 2581 648 2630 vermes,
693 2569 754 2616 et
786 2568 844 2615 in
881 2568 1117 2631 cerasis,
1154 2570 1211 2615 et
1244 2568 1301 2617 in
1334 2567 1471 2632 pisis
1508 2572 1565 2618 ot
1600 2570 1751 2622 fabis

245 2651 585 2714 recentibuS,
623 2650 718 2701 sed
751 2654 934 2701 tamen
972 2650 1323 2701 comeduntur
1355 2652 1415 2701 in
1450 2654 1621 2703 sextis
1666 2654 1749 2705 fe-

245 2737 370 2802 riis,
404 2741 463 2788 >et
491 2736 663 2787 etiam
695 2737 754 2785 in
785 2734 992 2800 vigiliis
1025 2735 1425 2800 Apostolorum.
1480 2738 1749 2804 Hospites
