1942 3109
249 232 350 284 332
425 246 715 284 armona.
741 248 1105 285 onsevnoavu
1127 246 1377 283 vmoavx
1402 245 1581 282 nour.

960 437 1045 491 56.

457 558 507 616 (Ι
552 553 972 620 Grilbertus
1018 552 1543 618 Porretonius

282 659 480 709 artium
514 658 784 724 Magister
820 663 874 708 et
907 659 1195 721 utriusque
1230 657 1365 707 iuris
1403 655 1725 708 bacularius

531 742 863 808 Magistro
900 742 1191 793 Ortvino
1227 741 1485 792 Gratim

247 859 410 910 Salus
444 861 602 912 vobis
639 865 696 912 et
726 861 877 912 bona
911 861 1062 926 (fiee,
1097 860 1437 912 venerabilis
1472 861 1573 911 vir.
1645 861 1759 926 legi

243 943 464 996 literam
495 950 740 998 vestram
775 960 939 1011 quam
961 946 1189 996 misistis
1212 945 1348 995 mihi
1372 947 1441 997 ad
1464 944 1751 1012 Ingelstat.

243 1031 318 1080 Et
360 1031 615 1083 intellexi
654 1033 796 1083 bene
833 1033 1182 1098 oppinionem
1214 1035 1472 1082 vestram.
1542 1047 1642 1083 vos
1680 1031 1759 1081 di-

247 1116 371 1165 citis
409 1115 552 1180 quod
585 1117 811 1168 multum
847 1117 1102 1183 gaudetis
1139 1116 1283 1181 quod
1317 1109 1418 1182 ege
1454 1130 1571 1167 sum
1607 1118 1757 1182 prius

244 1200 585 1267 Theolngm,
634 1205 690 1252 et
723 1217 870 1252 nune
907 1202 1075 1252 etiam
1111 1201 1301 1253 studeo
1336 1202 1397 1251 in
1431 1202 1577 1251 iure:
1625 1203 1758 1266 quia

247 1290 333 1334 est
366 1286 530 1337 valde
565 1287 767 1337 bonum
805 1287 948 1351 quod
986 1287 1161 1350 aliqui
1196 1286 1463 1350 Theologi
1500 1290 1631 1336 sunt
1668 1304 1758 1337 ex-

243 1371 388 1434 perti
421 1371 480 1420 in
513 1371 667 1436 Iure,
704 1375 767 1420 ut
799 1372 1013 1436 possint
1046 1370 1328 1436 disputare
1367 1386 1487 1420 eum
1522 1371 1754 1422 iuristis.

243 1454 318 1504 Et
351 1457 597 1506 scribitis
633 1456 766 1505 mihi
803 1456 868 1506 de
906 1455 1233 1520 quibusdam
1268 1456 1515 1506 terminis
1560 1457 1755 1507 volens

243 1540 384 1589 seire
423 1539 552 1603 quid
590 1539 932 1605 significantt
980 1541 1111 1605 quia
1155 1539 1373 1592 videtur
1416 1539 1569 1590 vobis
1605 1538 1750 1602 quod

243 1628 372 1673 sunt
406 1624 662 1674 iuristiei.
726 1627 781 1675 et
815 1625 956 1675 bene
995 1627 1121 1674 sunt
1156 1626 1374 1675 etenim.
1432 1624 1503 1672 Et
1523 1623 1751 1673 habetis

242 1708 334 1758 hie
389 1710 757 1774 expositiones
813 1726 995 1760 eorum
1041 1727 1109 1760 ex
1151 1710 1323 1775 glosis
1372 1714 1427 1760 et
1471 1709 1747 1758 Aeeursio,

241 1793 316 1842 Et
361 1797 443 1843 sie
487 1796 724 1859 potestis
766 1794 954 1846 videre
1003 1793 1145 1859 quod
1179 1794 1357 1846 habeo
1390 1795 1591 1845 bonum
1624 1794 1752 1843 fun·

241 1876 554 1928 <lamentum
589 1879 647 1928 in
681 1880 818 1930 iure.
877 1879 1054 1930 Latus
1093 1879 1285 1931 clavus
1322 1883 1405 1930 est
1439 1895 1636 1930 nomen
1670 1879 1755 1929 di-

244 1963 500 2027 gnitatis:
555 1964 647 2015 vel
703 1963 792 2014 dic
849 1965 993 2028 quod
1037 1968 1155 2016 erat
1201 1963 1363 2015 clava
1411 1963 1477 2014 de
1522 1964 1752 2015 metallo

245 2062 407 2112 quam
441 2051 775 2114 proficiebat
808 2051 1063 2101 tribunus
1098 2050 1157 2099 in
1195 2049 1632 2100 confertissimos
1656 2049 1749 2098 ho-

245 2137 359 2182 stes
397 2137 452 2183 et
489 2135 571 2184 sie
609 2137 779 2186 ceteri
813 2150 999 2186 omnes
1034 2134 1257 2185 fortiter
1290 2134 1618 2200 pugnabant
1651 2135 1749 2198 ita,

243 2216 387 2280 quod
408 2216 622 2268 clavam
640 2219 795 2268 illam
814 2220 1234 2286 recuperabant.
1286 2219 1753 2286 Epistographum

245 2304 330 2350 est
351 2300 543 2352 tabula
566 2301 754 2368 lignea
779 2304 836 2352 in
861 2317 972 2367 qua
1008 2307 1167 2353 erant
1202 2305 1410 2369 scripta
1446 2303 1651 2368 debita,
1688 2307 1753 2354 ut

241 2385 402 2437 hodie
445 2386 532 2437 fit:
583 2391 638 2437 et
679 2387 882 2438 dicitur
921 2388 1388 2454 Epistographum
1434 2389 1503 2439 ab
1550 2389 1751 2454 opibus

244 2476 299 2521 et
335 2473 596 2536 graphia,
636 2471 778 2537 quod
816 2477 898 2523 est
933 2474 1237 2538 scriptura,
1277 2475 1438 2538 quasi
1471 2473 1749 2538 scriptura

242 2570 462 2605 suarum
498 2558 695 2621 opium.
763 2556 979 2608 Abaees
1014 2559 1271 2607 dicuntur
1303 2573 1442 2608 vasa
1476 2558 1748 2622 preciosa.

244 2638 533 2689 Corinthia
579 2640 834 2691 dicuntur
873 2658 1013 2693 vasa
1056 2642 1124 2693 de
1166 2642 1269 2692 vili
1312 2643 1545 2692 materia
1581 2645 1643 2692 ut
1678 2639 1745 2692 de

242 2723 407 2789 palea
440 2725 532 2776 vel
565 2725 736 2775 herba
771 2725 1033 2792 palustri,
1071 2725 1264 2791 quales
1298 2726 1612 2777 venduntur
1635 2727 1745 2776 Bo-
