1942 3109
99 269 526 310 „Annnu‘nomzs
565 269 868 306 oesevnon.
895 271 1199 308 mzvcnmu.
1226 273 1412 310 novae.
1476 260 1578 310 299

96 335 100 360 ῐ

99 393 190 426 nus
233 377 639 439 auctoritatem,
698 375 1036 441 presentiam
1089 375 1411 440 frequenter
1457 379 1578 428 irri-

97 463 270 512 lemus.
337 459 478 512 Vale
523 460 618 509 diu
663 463 718 508 et
763 459 894 509 deos
940 475 1037 509 ora
1092 461 1458 525 immortaleS,
1518 468 1581 512 ut

97 561 168 595 nos
223 549 482 612 perpetuo
543 545 613 595 ab
671 543 980 594 invidorum
1036 545 1211 595 livore
1270 546 1579 597 defensent‘

95 633 155 680 Ex
189 630 384 695 templo
418 630 602 697 Diane
638 628 921 696 ephesine.

777 849 862 901 23.

248 937 295 994 (Ι
339 933 693 996 Ioaehim
737 931 1412 997 Carbunculanus

497 1037 743 1086 Ioanni
777 1036 1155 1087 Buffelino.

167 1139 402 1208 Preterii
435 1153 611 1204 nuper
647 1137 877 1205 colonie
914 1137 1294 1204 theologorum
1340 1139 1583 1204 scholae,

90 1225 314 1275 :elebree
358 1225 608 1289 profecto
656 1224 712 1272 et
755 1225 932 1288 magis
971 1238 1136 1287 quam
1170 1224 1290 1290 ipse
1327 1228 1583 1290 putaram

89 1311 225 1358 nonis
269 1309 520 1358 omnibus
554 1306 930 1371 venerandas,
978 1308 1075 1357 ubi
1120 1307 1264 1358 inter
1298 1307 1584 1373 disputan-

89 1395 190 1444 [um
235 1392 487 1442 nonnulli
534 1391 791 1454 aderant,
840 1394 897 1441 et
929 1392 991 1440 hi
1028 1391 1247 1455 quidem
1283 1392 1350 1442 de
1388 1392 1583 1456 ealigi-

87 1493 202 1528 nosa
239 1475 611 1528 obscurorum
644 1475 1154 1525 Reuehlinistarum
1193 1476 1444 1541 cohorte,
1482 1477 1581 1526 sub

87 1562 263 1628 ’apide
321 1559 696 1612 mediusfidius
754 1565 979 1625 pectore
1041 1565 1281 1612 astutam
1327 1567 1583 1626 gerentes

87 1648 299 1712 nlpem.
340 1647 450 1708 Qui
485 1661 604 1695 eum
642 1645 912 1710 perfricta
949 1646 1131 1695 fronte
1172 1651 1229 1696 et
1265 1647 1583 1712 obstrepero

89 1730 226 1780 imul
273 1729 513 1779 clamore
559 1733 845 1794 poetarum
888 1729 1113 1779 fabulas
1148 1730 1434 1793 solamque
1473 1731 1585 1780 elo-

87 1813 350 1878 uentiam
387 1810 474 1875 (ut
507 1818 699 1863 nostra
734 1813 846 1861 fert
883 1813 1242 1878 eonsu'etudo)
1282 1813 1585 1880 syllogisti-

92 1901 142 1948 is
197 1896 583 1962 theologorum
641 1895 1113 1960 disputationibus
1168 1901 1625 1964 anteponerent,.

87 1986 270 2033 )octor
307 1980 531 2046 quidam
567 1979 915 2044 SilicerniuS,
955 1983 1261 2031 censorium
1302 1997 1586 2049 represen-

87 2083 185 2118 ans
225 2066 514 2129 Catonem,
553 2064 758 2127 ‘Nihil',
795 2064 997 2128 inquit,
1050 2064 1426 2116 ‘eumfidibus
1464 2081 1589 2132 gra-

87 2153 214 2215 u10,
264 2151 408 2201 nihil
446 2165 569 2200 eum
615 2149 919 2200 amarieino
957 2150 1083 2199 sui'.
1156 2164 1261 2213 quo
1289 2151 1589 2215 expressis-

87 2238 194 2286 ime
259 2234 346 2300 (ut
403 2236 486 2285 sie
543 2231 749 2297 dicam)
811 2238 868 2284 et
925 2234 1160 2285 solerter
1216 2233 1586 2300 significatur,

91 2336 238 2384 eque
275 2319 571 2370 melodiam
618 2319 813 2369 avibus
850 2319 1217 2384 obstreperIS,
1263 2334 1443 2382 neque
1488 2334 1589 2368 un-

87 2412 270 2456 uenta
307 2405 490 2470 porcis
529 2404 824 2455 convenire
860 2403 1079 2454 lutosis.
1150 2403 1383 2454 Fabulis
1421 2404 1591 2468 igitur

89 2489 308 2554 ssueti,
369 2493 425 2538 et
469 2488 817 2555 secularibus
865 2488 1042 2538 solum
1088 2487 1324 2538 delibuti
1367 2487 1588 2548 materie,

89 2575 399 2625 ravissima
435 2568 652 2641 queque
691 2576 747 2622 et
782 2571 972 2621 divina
1010 2575 1383 2623 contemnunt.
1432 2571 1590 2636 Quod

90 2674 228 2710 nam
277 2659 356 2709 sit
399 2659 762 2724 flagitiosum,
822 2671 981 2707 nemo
1018 2671 1239 2721 prorsus
1278 2657 1589 2722 sapientum

87 2747 303 2811 gnorat.
381 2745 604 2807 Legunt
662 2742 864 2792 etenim
925 2738 1011 2806 (at
1066 2742 1323 2793 nesciunt
1379 2739 1588 2806 tamen)
