1942 3109
215 286 250 340 6
319 298 696 336 rnpnmconm
723 294 961 333 narnus.
986 294 1205 333 comm
1231 294 1432 331 suros.
1460 296 1509 330 ο.
1536 294 1590 330 v.
1608 295 1727 333 arr.

216 404 558 474 impudentis
597 400 1014 467 contumeliam,
1061 400 1219 454 omne
1262 403 1416 454 virus
1460 402 1729 453 sonticum

215 492 373 544 velut
406 490 656 557 polylogi
689 488 928 553 turpiter
951 492 1277 553 expuerunt.
1344 489 1731 539 Verumtamen

217 578 352 642 quia
399 572 485 641 (ut
529 574 662 625 fides
717 577 910 625 nostra
957 572 1241 624 catholica
1284 570 1479 638 habet)
1524 573 1732 623 nullum

216 664 337 714 sine
374 662 790 713 auctoramento
827 660 916 709 est
947 658 1180 721 malum,
1214 657 1382 709 iidem
1416 658 1607 709 nescio
1642 659 1733 723 qui

217 746 531 814 perduelles
565 744 968 811 Reuchliniste,
1006 743 1227 793 minime
1262 746 1467 809 natura
1504 743 1731 807 cicures,

217 830 521 881 manifesta
563 828 824 893 phrenesi
869 828 928 878 in
961 843 1047 879 me
1084 842 1243 878 ovem
1276 828 1554 878 misellam
1590 830 1646 879 et
1678 828 1733 877 id

220 913 443 980 quidem
503 914 712 977 absque
773 927 996 964 suorum
1052 912 1332 963 nominum
1391 912 1731 977 professione

219 999 518 1051 crudeliter
575 998 1019 1064 debacchantes,
1078 988 1259 1049 iusta's
1310 998 1509 1049 merito
1562 1013 1734 1062 penas

219 1085 448 1147 darent,
494 1082 681 1134 fedam
727 1099 949 1155 suorum
994 1085 1169 1135 orium
1204 1082 1643 1149 graveolentiam
1680 1086 1737 1133 et

215 1184 354 1221 voce
392 1172 450 1219 et
481 1168 709 1233 scriptis
745 1172 1093 1220 revo'cantes.
1161 1168 1421 1218 Irritatus
1466 1167 1634 1233 igitur
1676 1170 1736 1216 et

221 1257 452 1306 coactus
486 1254 634 1304 hunc
680 1253 883 1303 librum
928 1252 1101 1316 edidi,
1150 1252 1365 1315 tibique
1410 1252 1561 1317 patri
1602 1252 1741 1302 bea--⁴

215 1340 431 1391 tissimo
485 1338 754 1402 vobisque
811 1338 1287 1389 reverendissimis
1345 1335 1737 1387 cardinalibus

216 1422 661 1489 perlustrandum
708 1438 776 1471 ac
799 1421 1222 1473 'defendendum
1255 1422 1363 1473 hoc
1396 1424 1563 1487 pacto
1596 1436 1739 1471 nun·

219 1507 446 1573 cupavi‚
483 1510 546 1555 ut
579 1520 714 1557 vera
749 1506 882 1555 mihi
917 1505 1206 1569 auxilium,
1241 1506 1393 1557 falsa
1429 1508 1623 1556 autem¹
1649 1521 1740 1556 se-

215 1606 406 1644 veram
429 1590 549 1641 sine
575 1590 758 1655 gratia
786 1606 1074 1641 censuram
1100 1590 1499 1641 administrent.
1558 1590 1742 1640 Tuam

217 1678 410 1740 itaque
464 1675 825 1726 sanctitatem
879 1676 1037 1727 velut
1080 1674 1287 1725 domini
1329 1674 1507 1725 nostri
1552 1674 1743 1725 locum
1810 1684 1817 1689 '

216 1762 277 1811 in
309 1760 474 1822 terris
511 1763 810 1825 tenentem,
851 1776 920 1811 ac
953 1759 1267 1810 ministram
1304 1764 1361 1809 et
1395 1759 1589 1810 ducem
1612 1760 1745 1808 uni-

214 1844 453 1897 versalis
491 1844 739 1912 ecclesie
767 1845 1100 1909 suppliciter
1122 1846 1338 1897 invoco.
1410 1845 1489 1895 Te
1528 1847 1746 1895 certum

218 1932 276 1981 et
308 1928 678 1981 indubitatum
713 1929 868 1981 beati
891 1930 1047 1981 Petri
1083 1945 1460 1981 successorem
1482 1929 1747 1995 implor0,

215 2018 278 2065 ut
311 2031 398 2067 me
437 2016 797 2066 christianum
833 2015 984 2065 intra
1022 2018 1183 2082 septa
1218 2019 1319 2065 tua
1367 2031 1488 2066 cum
1535 2015 1747 2066 ceteris

213 2101 533 2152 latitantem
579 2104 635 2151 et
677 2099 911 2149 infinitis
957 2115 1100 2166 pene
1145 2100 1365 2151 iniuriis
1412 2103 1668 2151 enectum
1706 2116 1751 2150 a

213 2184 364 2250 lupis
409 2184 710 2248 rapacibus
755 2182 999 2233 lacerari
1043 2199 1153 2234 non
1198 2185 1371 2235 ninas.
1441 2187 1555 2237 Vos
1602 2199 1750 2249 quo-

215 2283 322 2333 que
369 2265 858 2321 reverendissimos
919 2265 1167 2319 dominos
1216 2268 1531 2321 cardinales
1575 2285 1755 2321 veros

215 2353 445 2420 iusticie
479 2354 744 2418 patronos
781 2351 1033 2416 appe110,
1068 2368 1169 2404 vos
1204 2354 1469 2419 obtestor,
1504 2369 1603 2406 vos
1642 2354 1756 2403 ob·-

216 2452 372 2488 secro
417 2440 482 2487 ut
526 2437 821 2489 veritatem
868 2435 1151 2501 profitenti
1197 2443 1253 2489 et
1288 2438 1516 2504 indigne
1553 2455 1586 2489 a
1621 2452 1755 2488 ma.—

218 2520 419 2570 levolis
444 2521 582 2587 lese,
621 2521 822 2572 salutis
849 2538 1007 2587 opem
1030 2526 1281 2589 prestare
1306 2522 1513 2574 velitis.
1578 2522 1762 2585 Quod

216 2604 266 2653 si
300 2603 582 2665 feceritis,
628 2604 818 2668 plures
863 2604 1227 2669 proculdubio
1272 2604 1433 2673 Iudei
1471 2605 1543 2656 ad
1576 2604 1763 2657 fidem

213 2690 462 2738 nostram
517 2690 923 2737 convertentur.
995 2690 1137 2740 Nam
1193 2691 1290 2753 qui
1337 2690 1551 2741 animas
1597 2702 1761 2753 qua-

119 2844 122 2851 ·
215 2770 518 2824 tuordecIm
539 2787 607 2823 ex
625 2771 870 2823 tenebris
895 2788 1149 2839 cecorum
1174 2772 1245 2823 ad
1266 2774 1525 2826 veritatis
1548 2774 1769 2828 lumen
