1942 3109
276 212 345 261 28
536 213 827 263 ammom&
864 226 1230 263 onscvnonvn
1266 227 1536 261 vmoavu.

277 329 441 381 valde
488 325 770 379 subtiliter
816 331 1179 394 compositas,
1235 335 1290 381 et
1335 347 1438 395 ego
1484 330 1650 381 audio
1697 346 1794 381 eas

278 430 376 477 pro
414 406 800 477 completione.
872 414 1074 465 Valete
1111 430 1278 478 super
1311 431 1498 465 omnes
1531 406 1712 465 socios
1741 420 1798 466 et

210 531 216 536 -
280 502 488 547 amicos
534 514 685 549 meos
722 499 816 561 qui
851 502 982 547 sunt
1015 498 1107 549 hic
1145 504 1200 549 et
1233 501 1458 563 ubique,
1497 503 1556 549 et
1589 500 1648 549 in
1681 514 1793 551 om·-

277 584 439 632 nibus
474 583 615 633 locis
650 585 708 632 et
741 582 1007 633 honestis.

996 884 1083 941 11.

502 984 930 1050 Cornelius
991 986 1574 1051 Fenestrificis

672 1106 921 1157 Salutem
956 1106 1094 1177 dicit
1127 1108 1416 1171 plurimam

565 1210 898 1271 Magistro
937 1208 1220 1258 Ortvino
1258 1208 1512 1259 GratiO.

380 1344 603 1411 Salates
639 1346 723 1392 tot
758 1345 893 1405 quot
928 1342 1099 1393 habet
1137 1344 1316 1409 colum
1340 1345 1538 1394 stellas
1565 1348 1622 1394 et
1646 1362 1798 1395 mare

278 1444 495 1479 arenas.
566 1425 897 1483 Venerando,
930 1426 1148 1478 domine
1171 1427 1454 1491 magister,
1491 1444 1592 1493 ego
1617 1428 1798 1479 habeo

275 1514 370 1561 hic
414 1511 619 1559 multas
667 1510 817 1559 rixas
866 1512 921 1559 et
964 1525 1194 1573 guerras
1243 1526 1276 1559 a
1320 1512 1482 1561 malis
1527 1512 1666 1562 viris
1705 1514 1800 1576 qui

277 1597 599 1663 prasumunt
644 1608 767 1643 esse
804 1592 982 1655 docti,
1031 1598 1086 1645 ct
1122 1597 1309 1643 tamen
1343 1604 1458 1644 non·
1487 1596 1801 1645 didicerunt

276 1681 535 1745 logicam,
574 1693 680 1743 quc
718 1680 805 1727 est
836 1678 1080 1728 scientia
1115 1678 1490 1727 scIentiarum.
1521 1674 1660 1744 ’Ego
1685 1680 1800 1744 legi

280 1780 454 1829 nuper
488 1777 656 1813 unam
689 1761 913 1811 missam
951 1760 1022 1809 ad
1043 1760 1432 1827 Kprgdicatores
1467 1762 1799 1827 dfe-Spiritu-

278 1851 473 1897 sancto
512 1844 655 1910 quod
690 1844 825 1896 deus
860 1844 1002 1894 velit
1035 1844 1167 1896 mihi
1203 1844 1335 1894 dare
1359 1860 1516 1894 suam
1539 1847 1798 1910 gratiam,

280 1937 337 1982 ct
370 1933 571 1981 bonam
605 1928 921 1980 memoriam
958 1928 1020 1975 in
1053 1928 1390 1993 syllogismis
1417 1928 1487 1979 ad
1509 1929 1798 1993 disputan-

279 2016 405 2075 dum
454 2030 575 2063 cum
610 2013 723 2062 illis
760 2012 857 2074 qui
890 2012 1078 2061 sciunt
1111 2015 1327 2062 tantum
1362 2012 1692 2076 latinizare,
1743 2021 1800 2065 et

278 2098 583 2149 dictamina
646 2112 988 2160 componere.
1095 2096 1280 2145 Etiam
1338 2080 1576 2159 imposui
1631 2114 1800 2149 unam

281 2184 575 2233 collectam
613 2182 670 2230 in
704 2180 807 2231 illa
841 2180 1011 2231 missa
1047 2196 1145 2243 pro
1180 2180 1447 2245 magistro
1483 2186 1673 2232 nostro
1709 2184 1798 2233 Ia-

280 2268 417 2317 cobo
454 2266 519 2314 de
557 2264 887 2325 Hochstrat‚
938 2267 996 2313 et
1030 2264 1294 2328 magistro
1331 2268 1518 2315 nostro
1555 2265 1800 2317 Arnoldo

278 2351 345 2402 de
383 2350 677 2413 Tungaris‚
712 2363 919 2397 summo
956 2351 1183 2412 regente
1209 2348 1267 2397 in
1287 2349 1460 2399 bursa
1485 2334 1796 2413 Laurentii,

280 2434 424 2499 quod
459 2436 691 2499 possunt
726 2433 784 2481 in
820 2432 1198 2495 disputatione
1226 2432 1566 2498 Theologica
1593 2436 1664 2485 ad
1687 2453 1801 2487 me·

278 2524 391 2569 tam
426 2517 835 2582 redargutionis
870 2514 1072 2564 ducere
1119 2508 1390 2577 quendafi
1427 2517 1706 2571 doctorem
1744 2522 1802 2569 in

278 2606 397 2654 iure
446 2603 540 2665 qui
584 2604 817 2651 vocatur
864 2599 1104 2650 Ioannes
1150 2600 1448 2664 Bouchlin‚
1507 2604 1676 2653 etiam
1713 2610 1802 2655 est

278 2691 445 2759 poeta
492 2684 760 2758 sacularis
808 2691 865 2735 et
899 2672 1381 2755 prosumptuosus,
1419 2689 1475 2736 et
1511 2690 1666 2738 tenet
1702 2704 1798 2758 op-
