1942 3109
165 244 542 282 Pnrnmcomu
568 245 616 279 G·
630 243 894 281 Ancliml‘.
909 242 1158 281 MOGVET.
1175 243 1581 281 couvssnsA'no.
1618 230 1686 281 45

166 351 485 413 elusissent,
512 364 582 399 ac
606 349 656 399 si
678 349 738 399 in
761 363 871 399 uno
895 349 1138 400 fuissent
1163 348 1440 399 cubiculo.
1476 350 1684 399 Postea

166 435 539 499 interrogavi,
600 449 673 483 an
730 435 899 485 etiam
945 434 1138 484 doctor
1181 432 1421 485 Ioannes
1467 432 1684 483 Reuch-
1764 476 1775 491 ,

163 520 246 569 lin
280 518 522 569 misisset
545 533 702 569 suam
728 519 1208 571 consultationem.
1282 518 1437 568 Tunc
1459 531 1686 582 respon-

164 602 274 667 dit,
314 602 727 670 ‘Pepericorne,
765 604 978 655 habeas
1012 604 1216 653 bonum
1252 602 1520 665 animum,
1569 602 1688 652 eius

166 688 575 739 consultatione
612 689 817 755 optime
854 704 1045 740 carere
1080 702 1389 754 possumus,
1427 686 1689 750 quoniam

163 789 232 824 ex
266 774 387 823 eius
425 774 671 825 consiliis
706 774 847 823 nihil
883 772 1040 823 aliud
1075 771 1487 825 consideramus
1524 785 1690 835 quam

164 857 312 922 quod
344 857 605 909 habuerit
637 857 927 909 Iudaicum
949 871 1192 921 nequam
1213 860 1340 922 post
1364 872 1528 908 aures
1553 870 1686 907 suas

164 941 481 991 sedentem'.
554 942 710 991 Tunc
758 942 899 1004 dixi,
946 940 1029 991 ‘Si
1073 941 1208 991 fides
1255 941 1566 991 christiana
1603 945 1690 991 est

162 1039 328 1087 vera,
373 1024 647 1075 Renchlin
688 1024 902 1075 nullam
946 1023 1232 1089 perfidiam
1267 1024 1404 1074 mihi
1436 1024 1688 1074 facturus

165 1112 284 1162 est'.
355 1112 493 1160 tunc
538 1124 641 1160 sua
688 1109 870 1175 gratia
914 1109 1040 1159 ioco
1087 1107 1240 1159 dedit
1281 1108 1418 1160 mihi
1463 1108 1685 1174 alapam
1768 1129 1782 1139 -

164 1200 223 1245 et
257 1194 649 1245 consolabatur
682 1210 787 1257 me,
824 1193 970 1257 quod
1009 1209 1110 1257 ego
1145 1193 1205 1243 in
1239 1192 1342 1243 fide
1381 1194 1688 1245 christiana

163 1278 537 1345 pusillanimis
584 1293 705 1329 esse
746 1292 859 1328 non
901 1277 1184 1341 deberem,
1241 1290 1308 1329 eo
1365 1278 1511 1342 quod
1564 1278 1686 1343 ipsa

160 1380 297 1416 vera
344 1367 509 1415 esset.
578 1362 801 1413 Adiecit
850 1376 1072 1426 quoque
1120 1361 1264 1425 quod
1316 1378 1419 1428 ego
1475 1363 1688 1429 scripta

161 1448 389 1501 Ioannis
422 1448 695 1499 Reuchlin
740 1462 848 1498 non
892 1446 1149 1497 deberem
1199 1462 1421 1512 curare,
1465 1448 1682 1499 inveni-

160 1539 351 1585 rentur
385 1538 499 1584 tam
535 1534 675 1585 bene
711 1532 1018 1585 nebulones
1055 1534 1112 1582 et
1154 1532 1400 1585 homines
1447 1547 1684 1598 nequam

161 1619 313 1669 docti
341 1616 353 1683 1
386 1623 441 1669 et
484 1618 695 1669 indocti
738 1617 885 1667 inter
931 1616 1304 1681 Christianos,
1351 1618 1500 1667 sicut
1543 1618 1676 1675 olim
1697 1610 1769 1677 ΞΝ)

161 1704 221 1753 in
256 1704 435 1752 veteri
458 1704 795 1751 testamento
820 1701 1037 1751 inventi
1061 1706 1204 1751 sunt.
1278 1702 1490 1763 Quibus
1515 1701 1682 1752 dictis

161 1786 301 1851 petii
333 1786 497 1849 scire,
536 1785 799 1850 quidnam
831 1783 930 1834 ille
970 1784 1130 1835 homo
1158 1786 1552 1836 consuluisset.
1603 1785 1684 1835 di-

162 1870 249 1918 xit
282 1869 519 1930 optimus
552 1870 654 1917 ille
688 1869 980 1933 princeps:
1017 1867 1433 1933 ‘Pepericorne‚
1467 1868 1684 1920 Reueh-

162 1953 245 2003 lin
278 1966 389 2000 non
435 1953 519 2000 est
562 1952 646 2000 tui
689 1951 913 2001 oblitus.
983 1950 1126 2000 vade
1168 1952 1240 2000 ad
1275 1950 1686 2002 Cancellariam

163 2040 221 2087 et
265 2036 393 2086 iube
441 2040 503 2085 ut
546 2035 679 2086 dent
712 2034 818 2085 tibi
852 2034 1026 2098 ipsius
1065 2032 1558 2098 consultationem,
1603 2036 1686 2084 in-

159 2120 356 2172 venies
392 2118 553 2170 fidem
587 2134 697 2169 non
732 2120 871 2169 satis
908 2118 1212 2182 magnam'z
1257 2117 1344 2168 Ivi
1387 2117 1579 2182 itaque
1617 2118 1688 2169 ad

164 2202 577 2254 Cancellariam
614 2207 669 2255 et
705 2203 895 2255 inveni
932 2202 1394 2254 consultationem
1429 2204 1606 2269 ipsius
1629 2206 1688 2255 in

160 2287 407 2341 scamnis
442 2288 735 2352 iacentem,
774 2303 939 2353 quam
974 2288 1285 2339 scribarum
1318 2290 1477 2353 pueri
1500 2290 1686 2356 sepius

160 2376 419 2447 legerant
452 2389 550 2439 pro
587 2372 821 2424 ridiculo
867 2372 1157 2423 habentes.
1227 2372 1371 2437 Legi
1414 2374 1584 2439 igitur
1619 2375 1686 2424 il-

160 2460 277 2509 lam
312 2457 379 2508 de
414 2457 553 2509 folio
600 2456 671 2508 ad
715 2456 936 2520 folium,
987 2460 1044 2506 et
1085 2456 1276 2506 inveni
1319 2456 1379 2505 in
1423 2472 1491 2508 ea
1540 2457 1685 2522 quod

161 2557 343 2605 neque
381 2544 591 2593 Turcus
628 2546 726 2593 aut
760 2540 1102 2592 Sarracenus
1148 2541 1478 2607 cogitasset,
1523 2547 1685 2595 taceo

163 2625 312 2690 quod
360 2628 607 2679 fecisset.
674 2642 805 2679 nam
850 2624 1303 2690 quemadmodum
1348 2627 1515 2677 Iudas
1561 2626 1686 2677 Sal-

160 2712 414 2762 vatorem
448 2710 693 2763 nostrum
738 2709 1045 2761 tradiderat
1091 2724 1158 2759 ac
1202 2708 1556 2767 vendiderat.
1601 2708 1684 2757 ita
