1942 3109
225 273 406 310 urna.
431 269 746 308 sevonum
766 267 1111 307 navus-,sm
1131 268 1331 305 nnn-vr,
1357 267 1587 305 srvnsr.
1638 254 1732 306 131

225 384 323 428 tem
366 376 568 428 multos
614 376 820 426 habere
867 379 926 426 et
971 375 1227 426 doctores
1263 379 1321 425 et
1354 377 1644 440 magistros
1680 379 1738 425 et

226 467 349 512 tunc
391 462 657 527 temporis
704 461 891 527 plures
936 461 1200 512 habuisse
1248 461 1344 525 qui
1388 475 1574 510 omnes
1618 461 1740 511 veri

231 547 579 614 superioriste
617 551 674 597 et
707 547 821 596 sint
857 549 914 597 et
948 547 1177 610 fuerint,
1214 546 1389 610 ipsius
1415 546 1581 595 etiam
1609 560 1736 594 con-

226 635 458 683 terranei
494 635 551 682 et
585 631 982 697 perfectissimi
1020 647 1119 699 sue
1154 631 1342 697 lingue
1388 632 1735 694 interpretes

227 710 276 768 ΙΙ
307 716 560 769 Secundo
597 717 648 766 si
683 731 784 767 nos
819 715 965 766 male
1004 715 1345 767 traduximus
1381 715 1557 780 ipsius
1580 714 1738 764 theu-

216 805 484 866 tonicum,
531 801 588 852 id
625 801 770 865 quod
805 802 864 851 in
901 816 960 851 se
998 801 1202 851 falsum
1239 804 1349 864 est,
1397 814 1571 864 quare
1618 796 1738 862 (ob-

216 887 388 950 secro)
398 885 828 950 Parrhysienses
851 885 1355 938 condemnaverunt
1374 900 1515 949 eum,
1536 885 1738 947 quibus

220 989 252 1022 a
285 971 489 1021 nostris
534 970 704 1019 missa
747 970 857 1020 fuit
901 971 1201 1021 translatio
1236 972 1393 1021 iuxta
1430 971 1603 1034 ipsius
1642 967 1737 1018 ad-

215 1055 448 1108 versarii
493 1055 671 1104 nostri
717 1057 1114 1107 correctionem
1161 1056 1219 1104 in
1266 1053 1586 1104 defensione
1636 1069 1739 1103 sua

216 1139 373 1206 (licet
417 1140 559 1191 satis
605 1138 860 1206 ridicule)
911 1155 1245 1206 expressam.
1345 1131 1397 1188 (I
1442 1139 1630 1190 Tertio
1675 1141 1741 1186 ut

215 1239 397 1275 omnes
445 1223 752 1274 Christiani
795 1225 1135 1276 unanimiter
1190 1231 1247 1275 et
1299 1226 1567 1291 perpetuo
1622 1239 1740 1274 cre-

213 1308 372 1372 dant,
397 1307 775 1377 sacratissime
802 1309 948 1375 apud
971 1325 1073 1361 nos
1098 1310 1391 1361 facultatis
1425 1308 1743 1375 theologice

214 1391 468 1442 doctores
515 1407 802 1457 synceram
851 1394 1086 1446 edidisse
1132 1395 1585 1457 translationem,
1632 1393 1738 1442 hoc

211 1477 388 1545 solum
425 1476 713 1543 adiiciam,
755 1478 899 1543 quod
935 1480 993 1528 in
1028 1481 1163 1530 urbe
1186 1479 1435 1530 Romana
1476 1476 1583 1543 (uti
1604 1492 1741 1548 pauf

209 1564 400 1614 loante
435 1566 752 1632 pretactum
787 1563 922 1629 fuit)
959 1579 1106 1615 nova
1142 1566 1297 1615 facta
1334 1569 1419 1614 est
1442 1563 1739 1614 translatio

209 1653 267 1696 et
309 1647 366 1696 id
411 1648 632 1711 quidem
679 1663 778 1713 per
821 1653 1183 1717 sacrosancte
1228 1649 1375 1700 sedis
1424 1649 1734 1715 apostolice

207 1731 676 1796 commissionem,
732 1747 834 1797 per
887 1734 1073 1783 omnia
1120 1737 1177 1784 et
1218 1735 1278 1782 in
1322 1735 1573 1784 omnibus
1632 1748 1739 1800 que

208 1816 280 1866 ad
335 1817 628 1866 materiam
683 1818 1045 1882 pertinebant
1108 1833 1230 1869 cum
1276 1821 1468 1868 nostra
1514 1833 1743 1869 concor-

205 1899 367 1950 dans.
449 1893 502 1951 ([
550 1904 724 1964 Qarto
771 1901 832 1953 Si
888 1903 1141 1956 doctores
1196 1905 1374 1955 nostri
1418 1918 1527 1954 non
1574 1903 1739 1953 intel-

203 1985 465 2036 lexerunt
506 1987 885 2038 theutonicum
931 1989 1109 2054 ipsius
1146 2003 1253 2053 quo
1290 1989 1459 2038 Suevi
1494 1992 1741 2051 utuntur,

201 2075 368 2122 tanto
404 2071 601 2123 melius
637 2073 922 2138 disputare
961 2077 1157 2124 contra
1198 2076 1420 2123 nostros
1454 2071 1740 2140 Moguntie

200 2155 514 2219 potuisset,
555 2169 676 2206 cnm
721 2158 858 2208 illuc
905 2159 1123 2223 aliquot
1167 2156 1421 2208 doctores
1458 2159 1635 2208 nostri
1671 2156 1741 2208 ad

206 2235 528 2288 habendam
587 2255 709 2290 cum
775 2242 876 2293 illo
935 2244 1369 2310 disputationem
1433 2243 1737 2296 venissent.

197 2335 399 2372 verum
435 2320 491 2371 id
527 2322 713 2373 facere
755 2341 868 2375 non
914 2327 1186 2394 audebat,
1232 2327 1409 2380 veluti
1452 2329 1737 2393 publicum

197 2410 296 2458 est
343 2409 400 2456 et
444 2406 734 2458 notorium.
823 2409 981 2470 Quod
1025 2412 1198 2476 igitur
1244 2414 1302 2462 in
1346 2414 1464 2464 suis
1510 2414 1738 2477 scriptis

196 2491 508 2558 erraverit,
557 2495 615 2542 et
657 2489 948 2558 disputare
997 2509 1119 2545 cnm
1164 2498 1367 2548 nostris
1412 2513 1521 2548 non
1565 2498 1739 2548 fuerit

197 2591 408 2642 ausus,
452 2578 661 2628 nemini
706 2579 898 2629 mirum
943 2578 1249 2645 videbitur,
1306 2583 1439 2645 quia
1484 2583 1737 2649 superius

193 2663 260 2708 in
302 2677 404 2711 sua
441 2664 700 2729 epistola,
745 2679 846 2730 per
879 2679 939 2715 se
976 2666 1155 2730 ipsum
1190 2665 1509 2732 theologica
1544 2667 1601 2715 in
1637 2681 1736 2716 suo

187 2746 436 2809 speculo
461 2748 674 2800 oculari
699 2747 942 2802 adducta
969 2751 1214 2816 scripsit,
1240 2751 1387 2802 sicut
1405 2753 1739 2801 rusticorum

1390 2829 1468 2883 9*
