1942 3109
249 192 484 232 onrvnu
523 193 721 232 emm
759 190 1037 242 nmsrou
1072 189 1488 230 Aronoen'rms.
1556 171 1659 226 359

339 299 458 351 Hos
492 297 654 350 rudes
689 297 866 364 turpis
901 296 1091 349 docuit
1126 297 1333 366 Celeno

338 383 569 440 Putrido
604 384 818 436 ventris
852 382 1127 434 taminare
1162 383 1331 445 fluxu,

341 469 518 521 Omne
556 467 701 534 quod
739 467 946 518 Christi
980 466 1175 518 titulos
1212 465 1491 531 decusque

611 552 812 606 Nobile
849 555 1057 604 servat.

345 642 465 706 Quo
501 655 660 708 sacre
694 635 920 690 tandem
957 636 1151 705 sophie
1185 635 1471 702 magistris

337 727 419 778 Te
453 727 606 793 pium
640 727 877 792 prestes,
915 727 971 774 et
1008 720 1385 789 apostolorum

339 813 594 863 Gratiam
629 825 837 876 sumas,
873 823 1144 862 venerare
1180 809 1379 860 summi

607 897 825 948 Numen
860 892 1087 960 olympi.

298 1003 304 1008 ·
345 980 450 1031 Cui
481 982 648 1032 velim
683 981 858 1046 dicas,
894 983 1025 1031 tuus
1060 979 1166 1047 hec
1200 977 1466 1030 decenter

71 1085 90 1123 )
344 1064 572 1116 Gratius
607 1066 875 1130 scribens,
912 1065 1055 1130 petit
1088 1067 1153 1114 ut
1185 1064 1411 1115 beatam

345 1149 597 1200 Nestoris
631 1151 826 1216 vitam,
859 1149 1189 1216 Phrigiique
1226 1147 1397 1214 degat

617 1233 821 1302 Secula
853 1235 1019 1286 vatis.

130 1447 192 1510 (I
236 1457 503 1523 Sequitur
539 1454 905 1522 epiodium,
945 1453 1090 1520 quod
1126 1459 1402 1509 auctore
1441 1453 1670 1508 eodem

125 1545 369 1612 Colonia
415 1543 474 1592 in
520 1540 767 1592 ecclesia
801 1541 1237 1611 predicatorum,
1288 1541 1360 1592 ad
1394 1541 1671 1594 Gherardi

71 1644 99 1685 5
125 1627 570 1694 Zutphaniensis
582 1626 874 1692 Theologi,
895 1625 1113 1691 virique
1128 1625 1275 1690 (dum
1293 1625 1455 1691 vixit)
1475 1627 1669 1678 claris-

129 1713 266 1767 simi
301 1713 652 1778 sepulchrum
687 1709 1033 1776 dependens,
1069 1710 1129 1760 in
1166 1709 1417 1775 epistolis
1454 1711 1671 1762 Obscu-

127 1813 321 1850 rorum
345 1797 855 1849 Reuchlinistarum
890 1795 1148 1860 nequiter
1186 1799 1271 1846 est
1304 1796 1669 1851 immutatum.

203 1917 330 1969 Hoc
368 1917 682 1982 quicunque
715 1913 872 1968 vides
908 1929 1132 1980 saxum,
1172 1914 1434 1982 subsiste,
1466 1915 1671 1978 viator,

275 2003 350 2052 Et
386 2003 570 2054 subito
607 2002 782 2068 largis
819 2001 1044 2053 fletibus
1080 2015 1179 2052 ora
1214 2000 1407 2051 fluant.

71 2101 108 2142 0
202 2087 374 2139 Urbis
408 2087 711 2154 Agrippine
751 2101 957 2151 casum,
994 2086 1353 2150 lamentaque
1389 2089 1587 2136 noscat

277 2171 462 2235 Orbis,
501 2176 558 2223 et
594 2171 888 2238 insurgant
921 2175 1151 2239 postera
1186 2172 1345 2239 secla
1380 2174 1555 2236 queri.

209 2256 434 2308 Occidit
469 2259 598 2308 ante
633 2256 778 2308 diem
811 2257 922 2308 fati
957 2255 1275 2308 crudelibus
1312 2257 1465 2308 ausis

273 2343 487 2396 Doctor
509 2379 523 2408 ,
589 2341 649 2391 in
709 2341 819 2392 hac
881 2340 1157 2406 quondam
1209 2341 1480 2392 maximus
1530 2342 1668 2394 urbe

684 2427 904 2494 sophos.

71 2529 117 2570 25
203 2511 522 2580 Relliquias
569 2513 765 2565 summi
809 2512 999 2566 brevis
1045 2511 1152 2582 hec
1189 2513 1343 2581 capit
1376 2527 1518 2566 urna
1552 2527 1670 2566 ma-

682 2598 867 2665 gistri,

279 2685 450 2740 Cuius
487 2682 559 2738 ad
592 2685 879 2738 interitum
915 2698 1079 2739 sacra
1112 2683 1369 2739 Minerva
1406 2687 1593 2753 gemit.
