1942 3109
257 195 325 244 48
517 209 807 244 EPISTOLAE
845 208 1211 244 OBSCVROBVM
1246 208 1519 243 vlnonvn.

257 311 580 361 dimittimus
617 329 740 362 eum
775 314 874 375 sie,
913 328 1101 362 omnes
1139 311 1363 362 credent
1398 311 1543 374 quod
1568 315 1655 362 est
1680 309 1779 361 do·

261 397 400 446 ctior
434 397 614 447 nobis.
685 398 766 451 Ne
803 398 948 447 forte
971 397 1205 448 veniant
1228 395 1477 446 moderni
1499 399 1557 446 et
1580 391 1779 444 dicant

259 479 404 544 quod
439 486 573 530 sunt
609 482 675 532 de
711 483 927 532 meliori
961 483 1058 532 via
1096 497 1258 545 quam
1295 481 1529 544 antiqui,
1568 484 1625 530 et
1646 481 1780 530 vili-

256 564 515 616 ficabitur
559 571 752 617 nostra
797 568 1166 628 universitate,
1214 571 1271 616 et
1315 565 1411 616 fiet
1444 566 1503 614 in
1538 564 1781 616 seanda-

255 651 403 700 lum'.
475 649 550 700 Et
584 650 728 702 dixit
759 653 1027 716 magister
1060 651 1309 700 Andreas
1333 650 1642 714 Delitzsch,
1682 651 1784 713 qui

258 739 345 784 est
391 735 562 784 etiam
599 736 743 786 alias
779 719 954 786 bonus
991 740 1175 800 poeta,
1214 735 1359 798 quod
1392 721 1611 786 videtur
1647 735 1781 799 sibi,

257 821 404 883 quod
441 819 894 888 Estieampianus
931 825 1017 870 est
1036 823 1097 870 in
1118 821 1484 872 universitate
1510 823 1803 883 tanquam.

257 907 455 969 quinta
512 911 632 956 rota
677 907 736 955 in
783 921 974 970 curru,
1032 908 1165 970 quia
1210 905 1443 971 impedit
1502 904 1644 954 alias
1690 905 1782 955 fa-

259 990 527 1054 cultates,
574 990 719 1054 quod
765 991 1055 1056 supposita
1099 1005 1210 1040 non
1254 993 1487 1055 possunt
1528 990 1675 1040 bene
1722 991 1782 1040 in

162 1077 170 1086 “
259 1075 342 1124 eis
379 1075 710 1139 qualificari.
781 1075 857 1122 Et
880 1075 984 1124 alii
1006 1075 1262 1140 magistri
1285 1075 1607 1125 iuraverunt
1632 1075 1784 1138 quod

259 1164 344 1208 est
377 1161 476 1210 ita.
551 1164 606 1210 et
643 1175 850 1209 summa
887 1174 1217 1209 summarum
1252 1159 1362 1223 ipsi
1388 1157 1785 1209 concluserunt

259 1243 406 1307 quod
447 1244 664 1294 vellent
697 1245 952 1308 relegare
986 1244 1082 1294 vel
1118 1242 1409 1294 excludere
1444 1245 1614 1294 istum
1648 1257 1783 1307 poe-

257 1331 390 1392 tam,
429 1329 601 1378 etiam
639 1330 690 1378 si
725 1327 991 1378 deberent
1012 1329 1072 1376 in
1094 1331 1417 1393 perpetuum
1444 1327 1649 1378 habere
1674 1328 1783 1376 ini·

258 1413 542 1473 micitiarn‚
613 1412 688 1461 Et
748 1412 1065 1461 citaverunt
1124 1428 1246 1462 eum
1292 1411 1364 1460 ad
1408 1417 1679 1462 rectorem
1724 1417 1785 1461 et

256 1502 586 1546 monuerunt
622 1512 744 1546 eum
779 1497 839 1545 in
873 1496 1055 1546 valvis
1096 1496 1365 1564 ecclesie;
1404 1500 1461 1547 et
1486 1498 1605 1561 ipse
1632 1511 1782 1546 eom—

255 1582 446 1646 paruit
491 1586 548 1630 et
581 1581 779 1631 habuit
811 1595 979 1630 unum
1013 1582 1269 1632 iuristam
1304 1596 1515 1644 secum,
1564 1585 1621 1631 et
1655 1597 1782 1648 pre-

257 1664 436 1716 tendit
471 1681 530 1716 se
567 1663 884 1728 defendere,
923 1668 980 1714 et
1013 1665 1212 1715 habuit
1238 1667 1407 1716 etiam
1431 1666 1573 1716 alios
1598 1667 1784 1717 socios

259 1751 355 1813 qui
389 1754 666 1800 steterunt
703 1763 824 1798 eum
853 1765 933 1799 eo.
983 1749 1057 1798 Et
1078 1751 1339 1815 magistri*
1350 1750 1611 1800 dixerunt
1634 1751 1787 1814 quod

259 1834 524 1885 deberent
559 1835 744 1898 abire,
793 1835 928 1898 quia
965 1834 1111 1884 alias
1150 1839 1336 1886 essent
1370 1835 1608 1900 periuri,
1648 1837 1781 1898 quia

259 1923 475 1970 starent
511 1922 706 1969 contra
741 1919 1185 1968 universitatem.
1256 1919 1335 1968 Et
1366 1920 1620 1984 magistri
1658 1921 1781 1970 fue-

256 2008 387 2054 runt
421 2005 596 2054 fortes
621 2005 680 2052 in
702 2002 873 2066 bello,
913 2007 968 2052 et
992 2008 1411 2067 permanserunt
1436 2008 1780 2069 constanteS,

257 2093 316 2138 et
360 2089 684 2138 iuraverunt
721 2087 866 2152 quod
901 2088 1116 2138 vellent
1146 2089 1354 2137 nemini
1388 2103 1619 2153 parcere
1655 2103 1785 2154 pro-

257 2176 384 2237 pter
428 2173 727 2236 iustitiam,
777 2176 834 2224 et
880 2171 1057 2236 aliqui
1091 2172 1285 2239 iux-iste
1322 2177 1380 2224 et
1416 2173 1657 2225 curiales
1692 2189 1782 2224 ro—

257 2261 532 2321 gaverunt
574 2273 671 2321 pro
719 2273 804 2307 eo.
873 2257 950 2306 Et
995 2255 1200 2306 domini
1233 2257 1487 2322 magistri
1522 2257 1783 2310 dixerunt

261 2339 408 2404 quod
441 2355 554 2390 non
591 2346 676 2390 est
710 2341 999 2406 possibile,
1035 2341 1169 2404 quia
1204 2340 1414 2392 habent
1448 2346 1683 2407 statuta,
1722 2348 1784 2394 et

257 2425 559 2475 secundum
604 2429 818 2476 statuta
867 2425 1033 2476 debet
1077 2425 1334 2490 relegari.
1404 2425 1479 2476 Et
1514 2426 1659 2490 quod
1695 2434 1785 2478 est

257 2509 531 2574 mirabile,
571 2511 740 2562 etiam
773 2511 1033 2576 princeps
1070 2511 1275 2575 petivit
1308 2527 1407 2576 pro
1434 2527 1518 2574 eo,
1558 2515 1615 2561 et
1638 2512 1783 2562 nihil

253 2594 419 2658 iuvit,
457 2596 590 2658 quia
626 2595 885 2646 dixerunt
921 2594 993 2644 ad
1029 2594 1223 2646 ducem
1248 2595 1395 2659 quod
1419 2599 1639 2660 oportet
1662 2611 1778 2646 ser-

255 2695 392 2730 vare
429 2684 644 2730 statuta
678 2680 1082 2731 universitatis.
1154 2681 1285 2744 quia
1322 2683 1537 2730 statuta
1570 2681 1631 2730 in
1654 2683 1779 2730 uni-
