1942 3109
218 243 280 287 14.
307 247 565 283 ownoms
589 246 912 282 nannum.
952 240 1020 280 15.
1047 245 1216 280 mum
1242 245 1589 284 swarnnanr.
1627 233 1730 284 217

184 353 289 402 mis
326 355 387 402 ct
418 350 929 416 nequitiosissimis
964 349 1426 401 tribulatoribus?
1469 353 1626 403 Deus
1669 356 1726 403 tc

188 439 503 487 conservet.
578 434 693 485 Sed
728 435 778 484 si
812 433 933 484 ulla
970 439 1060 485 est
1092 435 1354 498 iusticia,
1389 440 1450 486 tu
1483 452 1594 488 non
1627 453 1726 502 po·

186 524 281 571 tos
329 521 584 586 superari
628 520 693 568 in
736 519 849 568 ista
896 534 1088 570 causa.
1179 519 1331 586 Ergo
1377 535 1597 584 possum
1642 521 1726 570 di-

195 619 355 655 cere:
401 603 713 654 “zelabant
754 604 949 668 gentes
1008 608 1064 654 et
1120 604 1263 654 nihil
1319 603 1611 655 adversum
1667 609 1726 656 to

188 689 533 755 poterunt”.’
601 687 889 752 Respondi
932 687 1181 740 occulte:
1229 687 1417 738 ‘Fiant
1449 686 1569 739 dics
1605 689 1727 738 eius

189 773 393 838 pauci,
430 776 491 822 et
511 773 915 838 Episcopatum
940 773 1061 824 eius
1087 773 1341 839 accipiat
1365 771 1549 822 alter'.
1619 773 1727 823 Per

192 857 385 921 deum,
448 855 663 908 domine
724 857 990 921 Ortvine,
1047 871 1149 908 nos
1200 857 1470 908 habemus
1520 857 1726 910 multas

192 941 610 992 tribulationes.
672 941 891 992 Vellem
928 940 1076 1004 quod
1108 943 1222 990 ista
1259 955 1432 991 causa
1458 945 1608 992 essct
1631 959 1724 992 cx-

192 1025 419 1090 pedita:
466 1029 523 1074 et
558 1041 687 1090 crgo
732 1025 1000 1075 scribatis
1045 1025 1182 1076 mihi
1224 1006 1414 1076 tamen
1457 1025 1726 1089 quomodo

196 1111 323 1158 stat
356 1108 415 1156 in
441 1107 606 1160 CurIa
626 1109 908 1173 Romana,
933 1113 992 1160 et
1013 1108 1272 1160 Valeatis
1297 1123 1395 1172 per
1431 1111 1518 1158 tot
1549 1125 1724 1159 annos

199 1195 345 1256 quot
383 1193 524 1243 vixit
553 1193 907 1246 Matusalcm.
977 1195 1186 1244 Datum
1219 1192 1584 1244 Vratislavia.

922 1445 1004 1496 15.
1303 1489 1308 1494 .

298 1565 352 1624 Ε
393 1561 791 1646 Magister
832 1561 1124 1626 Petrus
1165 1559 1613 1646 Steynhart

488 1665 827 1734 Magistro
865 1665 1152 1716 Ortvino
1189 1665 1431 1716 Gratio

824 1747 1094 1800 Salutem.

305 1867 537 1919 Multum
578 1868 785 1920 vellem
824 1866 984 1917 vobis
1027 1866 1299 1932 scribere,
1345 1866 1562 1917 domine
1599 1867 1728 1916 Ort-

188 1953 359 2016 vine,
395 1951 461 2003 de
496 1952 842 2004 novitatibus
879 1951 1140 2002 hincinde
1178 1955 1236 2002 et
1267 1950 1436 2002 bellis
1475 1956 1532 2003 et
1565 1967 1726 2018 guer-

185 2039 271 2088 ris
320 2040 378 2086 et
422 2036 590 2087 etiam
635 2035 703 2086 de
750 2034 940 2085 Causa
975 2036 1244 2087 Iohannis
1278 2035 1580 2084 Reuchlin:
1625 2035 1726 2086 sed
1766 2017 1782 2032 ⁰

190 2125 315 2172 iam
350 2135 469 2170 snm
502 2121 589 2170 ita
622 2120 806 2170 iratus
844 2119 990 2184 quod
1025 2135 1137 2170 non
1160 2133 1384 2184 possum
1409 2117 1603 2170 sedere
1627 2134 1724 2185 prc

190 2207 319 2256 ira:
376 2208 433 2252 ct
474 2219 605 2270 ergo
649 2219 767 2254 non
805 2219 1028 2268 possum
1073 2203 1318 2256 scribere
1363 2202 1537 2266 talia,
1593 2203 1725 2267 quia

195 2288 310 2338 Cor
341 2287 538 2354 palpat
571 2288 712 2338 mihi
748 2289 913 2352 quasi
944 2303 1088 2338 unus
1121 2291 1444 2353 percuteret
1479 2303 1601 2338 cum
1624 2303 1726 2352 pu-

193 2389 332 2438 μοι
387 2375 523 2437 quia
581 2375 669 2422 est
720 2373 814 2422 hic
856 2387 1000 2422 unus
1043 2371 1312 2422 Almanus
1358 2369 1426 2427 de
1471 2373 1726 2437 partibus

193 2457 591 2520 Misnonsium,
640 2459 698 2506 et
739 2457 862 2522 ipsc
906 2457 1160 2520 promisit
1201 2455 1339 2504 mihi
1381 2452 1514 2506 darc
1558 2471 1726 2506 unum

196 2541 630 2592 vocabularium
663 2539 837 2590 Iuris:
884 2544 941 2591 et
975 2551 1123 2590 nunc
1158 2555 1269 2590 non
1302 2538 1426 2590 vult
1460 2537 1620 2604 dare,
1669 2542 1727 2590 ct

190 2641 329 2694 scpc
382 2625 575 2675 monui
628 2639 752 2674 cum
796 2623 1196 2674 amicabiliter:
1250 2622 1350 2672 sed
1392 2638 1502 2671 non
1548 2623 1728 2670 iuvat.

190 2709 273 2760 Et
312 2707 481 2760 video
528 2705 678 2770 quod
720 2705 1002 2772 protendit
1033 2721 1122 2754 mc
1156 2717 1382 2754 vexare.
1451 2700 1562 2748 Sed
1599 2697 1732 2756 quia

1792 2687 1826 2704 p
