1942 3109
251 241 346 294 182
423 258 715 294 EPISTOLAE
742 257 1110 294 oBscvRORvM
1136 257 1391 294 vmonvu
1418 259 1597 294 NOVAE.

245 361 403 413 modo
422 361 750 414 falsificavit
767 364 980 428 scripta
998 363 1265 413 Iohannis
1282 363 1576 414 Reuchlin.
1612 363 1774 413 Alius

245 449 486 512 scriptor
506 447 912 514 Theologorum
949 452 1038 498 est
1058 449 1327 513 magister
1351 448 1641 510 Ortvinus,
1678 450 1777 512 qui

247 536 332 582 est
375 531 522 582 filius
570 533 892 599 presbiteri,
940 533 1037 596 qui
1082 534 1251 583 etiam
1298 535 1385 583 est
1430 531 1774 584 concubina·

243 617 385 682 rius,
434 621 490 667 et
535 617 910 682 deprehensus
956 618 1019 666 in
1053 615 1347 667 adulterio.
1417 617 1637 668 Deinde
1673 618 1773 668 ha-

243 702 380 752 bent
414 702 611 765 alium,
660 702 726 752 de
775 717 882 765 quo
927 702 1070 752 bene
1118 700 1443 765 audivistis,
1490 701 1773 752 doctorem

243 786 558 852 Vigandum
583 788 730 838 Wirt
763 786 972 838 ordinis
1008 785 1447 852 predicatorum,
1487 788 1585 850 qui
1621 788 1773 837 sirni—

242 870 375 920 liter
409 875 497 921 est
530 871 774 922 infamis.
845 870 972 936 Ipse
1013 871 1321 934 composuit
1352 871 1587 935 librum,
1627 872 1772 935 quod

241 955 414 1006 beata
447 957 606 1022 virgo
653 960 740 1006 est
787 959 1060 1020 concepta
1104 957 1164 1004 in
1206 959 1443 1019 peccato
1488 957 1774 1020 originali,

245 1044 302 1091 et
337 1041 555 1091 fecerat
589 1055 846 1106 magnam
873 1040 1203 1104 seditionem
1227 1055 1349 1090 cum
1372 1039 1771 1108 medicationi-

241 1125 346 1176 bus
381 1127 518 1176 suis.
588 1126 664 1175 Et
697 1141 828 1190 ergo
864 1125 975 1176 fuit
1010 1129 1240 1176 coactus
1284 1139 1551 1176 revocare
1596 1126 1775 1176 verba

245 1214 300 1258 et
335 1201 548 1274 scripta
593 1224 697 1260 sua
744 1210 969 1272 publice
1006 1209 1426 1277 Heydelberge,
1474 1209 1621 1272 quod
1668 1225 1773 1275 ego

241 1298 354 1344 met
400 1293 592 1345 audivi
639 1297 696 1342 et
738 1292 870 1343 vidi.
954 1292 1051 1342 Sic
1096 1295 1334 1359 potestis
1381 1294 1524 1344 scire
1571 1294 1774 1357 quales

241 1382 370 1428 sunt
413 1377 626 1429 inimici
669 1376 936 1428 Iohannis
981 1377 1292 1428 Reuchlin’.
1378 1377 1613 1441 Quando
1670 1395 1772 1429 au·

241 1463 356 1514 divi
392 1463 560 1526 talia,
598 1467 732 1512 tunc
767 1461 910 1526 dixit
959 1459 1215 1512 ‘Domine
1252 1463 1353 1527 mi,
1400 1478 1511 1513 non
1548 1462 1771 1514 debetis

237 1547 383 1596 talia
419 1546 600 1596 dicere
641 1561 826 1597 coram
861 1546 1295 1612 popu10,‘etiam
1318 1547 1369 1596 si
1394 1552 1585 1598 essent
1616 1563 1771 1613 vera,

241 1632 376 1695 quia
409 1631 826 1682 scandalisatur
858 1645 957 1696 per
1001 1629 1107 1681 hoc
1150 1633 1303 1681 totus
1340 1631 1520 1695 Ordo,
1570 1636 1627 1682 et
1672 1633 1769 1684 ho-

239 1717 414 1765 mines
461 1716 750 1780 accipiunt
793 1715 999 1766 malum
1046 1716 1391 1780 exemplum’.
1462 1716 1773 1782 Respondit

238 1801 381 1850 illes
403 1799 607 1850 ‘Etiam
642 1815 741 1851 vos
777 1815 888 1850 non
923 1799 1141 1851 debetis
1175 1801 1289 1850 ista
1324 1801 1533 1851 fecisse
1572 1806 1766 1852 contra

239 1885 545 1949 Reuchlin,
603 1899 764 1948 quem
814 1885 985 1934 etiam
1038 1884 1301 1936 voluistis
1358 1885 1769 1938 scandalisare.

237 1969 388 2034 Ergo
425 1971 544 2035 ipse
580 1983 728 2018 nunc
763 1983 874 2018 non
909 1972 1097 2033 potest
1132 1985 1190 2019 se
1225 1985 1465 2035 purgare
1504 1971 1627 2021 sine
1670 1987 1770 2022 ve·
1807 2028 1815 2033 ,

237 2057 354 2105 stro
408 2051 714 2104 scandalo’.
795 2053 905 2103 Per
945 2053 1135 2118 deum,
1190 2053 1465 2120 Magister
1511 2055 1770 2118 Ortvine,

239 2154 342 2204 ego
365 2139 569 2190 vellem
595 2137 740 2203 quod
773 2137 1009 2188 haberet
1042 2137 1205 2189 finem
1240 2139 1353 2190 ista
1380 2138 1595 2203 Causa,
1635 2142 1769 2205 quia

241 2227 327 2272 est
371 2223 532 2273 nob'is
577 2223 807 2272 multum
854 2223 1291 2274 incommodosa:
1350 2224 1603 2274 homines
1652 2241 1769 2277 am-

237 2307 386 2373 plius
433 2321 544 2358 non
587 2305 786 2358 volunt
830 2307 991 2357 nobis
1040 2307 1399 2359 elemosinam
1442 2307 1607 2360 daret
1664 2325 1767 2376 ego

238 2393 318 2443 ivi
341 2393 656 2458 septimana
679 2393 928 2457 proxima
960 2409 1061 2458 pro
1092 2395 1293 2458 caseis,
1327 2397 1383 2444 et
1409 2409 1509 2458 per
1539 2409 1609 2443 .x.
1646 2394 1767 2446 dies

238 2491 348 2526 non
371 2477 560 2542 plures
585 2491 750 2541 quam
776 2493 882 2528 .xv.
911 2476 1144 2544 collegi,
1171 2479 1304 2543 quia
1328 2477 1521 2528 dicunt
1544 2493 1768 2530 omnes:

237 2560 412 2612 ‘Vade
437 2561 507 2611 ad
530 2562 834 2613 Iohannem
855 2563 1149 2625 Reuchlin,
1176 2566 1233 2613 et
1256 2563 1345 2612 dic
1366 2562 1512 2627 quod
1535 2563 1633 2614 det
1658 2565 1767 2616 tibi

239 2647 471 2697 caseos'.
519 2647 788 2698 Dominus
823 2647 960 2697 deus
984 2648 1201 2698 tribuat
1222 2649 1425 2698 bonum
1448 2647 1629 2699 finer'n.
1688 2649 1765 2701 Et

237 2733 320 2781 sic
344 2730 586 2783 valeatis
610 2733 667 2781 in
693 2731 926 2781 domino.
963 2733 1171 2782 Datum
1195 2733 1381 2782 Hallis
1407 2734 1464 2781 in
1492 2731 1761 2786 Saxonia.
