1942 3109
281 224 382 277 308
456 240 747 278 amstroLAE
771 242 1139 279 onsovaonvu
1162 242 1416 279 vmonvu
1440 242 1621 279 novin.

739 482 751 495 .
992 430 1075 486 48.

683 550 736 611 (Ι
779 548 1122 615 Ioannes
1164 545 1376 635 Kalp

565 652 900 721 Magistro
939 653 1225 705 Ortvino
1263 654 1503 705 Gratio

279 771 526 823 Salutem
561 773 927 824 amicabilem.
999 773 1358 825 Honorabilis
1393 773 1637 839 domine,
1680 777 1783 827 Ve-

277 858 542 907 nerabilis
587 859 879 924 magister,
938 858 1145 909 Sciatis
1204 858 1349 923 quod
1390 860 1560 909 miror
1602 859 1778 923 valde,

278 941 542 1005 quomodo
567 944 650 993 sio
673 945 907 1008 potestis
931 960 1019 997 me
1045 944 1315 995 tribulare
1341 944 1627 995 scribendo
1648 945 1783 993 mihi

275 1042 490 1091 semper
525 1026 818 1079 ‘Scribatis
855 1029 991 1080 mihi
1024 1034 1213 1081 tamen
1248 1029 1463 1095 aliquid
1496 1030 1660 1083 novi'.
1709 1029 1789 1079 Et

275 1128 490 1178 semper
523 1114 695 1165 vultis
733 1115 875 1165 seire
911 1115 1167 1179 novalia,
1208 1129 1329 1165 cum
1353 1119 1539 1165 tamen
1565 1130 1665 1179 ego
1692 1114 1787 1164 ha·

274 1198 379 1248 beo
417 1198 534 1249 alia
571 1198 643 1249 ad
667 1200 954 1265 agendum.
1015 1200 1089 1249 Et
1114 1216 1243 1265 ergo
1268 1215 1379 1250 non
1402 1214 1625 1265 possum
1649 1199 1787 1250 mul-

274 1286 390 1333 tum
427 1300 620 1335 curare
647 1284 712 1335 de
739 1286 1085 1336 novitatibus
1102 1321 1115 1346 ,
1154 1284 1287 1347 quia
1313 1284 1529 1346 oportet
1552 1297 1639 1332 me
1668 1300 1792 1335 cur·

274 1384 394 1419 rere
437 1368 697 1421 hincinde
745 1372 802 1420 et
845 1367 1184 1430 sollicitare,
1244 1368 1293 1414 si
1336 1378 1445 1413 non
1488 1362 1615 1414 volo
1663 1382 1789 1431 per.

273 1453 402 1503 dere
439 1453 774 1505 sententiam
809 1456 866 1502 et
897 1452 1090 1502 venire
1114 1450 1181 1501 de
1205 1447 1473 1501 beneficio
1498 1448 1616 1499 illo.
1678 1452 1787 1504 Sed

274 1542 458 1587 tamen
483 1539 532 1587 si
553 1536 726 1587 vultis
761 1551 882 1586 esse
921 1538 1243 1597 contentus,
1280 1536 1412 1585 tuno
1448 1535 1623 1587 semel
1656 1536 1779 1591 volo

275 1621 517 1673 seribere
563 1620 751 1683 vobis,
797 1620 879 1669 ita
915 1617 1060 1682 quod
1094 1622 1291 1684 postea
1326 1620 1661 1685 permittatis
1698 1635 1783 1672 me

273 1707 331 1756 in
365 1722 504 1771 pace
543 1720 666 1755 oum
708 1704 1073 1756 novitatibuS.
1143 1705 1256 1756 Vos
1301 1706 1443 1757 bene
1490 1705 1785 1759 audivistis

275 1790 519 1855 qualiter
541 1804 690 1855 papa
714 1790 912 1841 habuit
935 1804 1105 1840 unum
1126 1806 1383 1856 magnum
1408 1790 1613 1842 animal
1638 1790 1789 1853 quod

273 1877 532 1927 vocatum
575 1874 686 1925 fuit
717 1875 991 1940 Elephas,
1040 1879 1099 1925 et
1132 1875 1329 1927 habuit
1362 1877 1542 1943 ipsum
1577 1876 1635 1926 in
1667 1890 1785 1925 ma·

275 1976 381 2026 gno
417 1959 652 2025 honore,
689 1963 746 2011 et
778 1960 944 2011 valde
982 1962 1192 2013 amavit
1214 1960 1372 2012 illud.
1432 1962 1591 2013 Nune
1614 1961 1783 2026 igitur

275 2044 490 2097 debetis
526 2046 668 2097 scire
705 2045 850 2110 quod
885 2046 1001 2097 tale
1028 2046 1237 2111 animal
1262 2050 1347 2099 est
1368 2049 1656 2101 mortuum.
1712 2044 1785 2093 Et

275 2129 494 2195 quando
528 2129 639 2181 fuit
671 2131 966 2195 infirmum,
1004 2135 1137 2181 tuno
1170 2132 1327 2195 Papa
1362 2131 1471 2181 fuit
1504 2131 1563 2179 in
1586 2142 1787 2195 magna

274 2215 535 2277 tristitia,
573 2217 630 2263 et
661 2215 888 2266 vocavit
919 2214 1161 2265 medicos
1188 2214 1400 2278 plures,
1440 2218 1495 2265 et
1518 2214 1661 2265 dixit
1686 2216 1789 2267 eis:

278 2300 354 2349 ‘Si
393 2302 478 2350 est
512 2298 808 2365 possibile,
845 2300 1044 2349 sanate
1068 2297 1203 2348 mihi
1226 2297 1509 2362 Elephas'.
1545 2302 1677 2350 tuno
1702 2299 1793 2355 fe2

277 2390 472 2437 cerunt
504 2400 760 2452 magnam
794 2382 1143 2449 diligentiam
1180 2386 1235 2433 et
1276 2382 1534 2434 viderunt
1578 2379 1629 2429 ei
1674 2384 1789 2433 uri·

275 2486 429 2535 nam,
469 2475 524 2522 et
557 2470 823 2522 dederunt
847 2470 900 2519 ei
922 2484 1090 2519 unam
1112 2469 1497 2534 purgationem
1523 2478 1629 2533 que
1657 2481 1785 2517 con-

201 2606 204 2612 ,
279 2560 394 2607 stat
445 2548 686 2620 quinque
740 2558 957 2606 centum
1011 2567 1236 2604 aureos:
1291 2550 1388 2603 sed
1438 2554 1626 2601 tamen
1677 2566 1785 2604 non

277 2644 572 2707 potuerunt
613 2641 858 2707 Elephas
902 2642 1092 2691 faeere
1136 2635 1413 2689 merdare:
1472 2638 1528 2688 et
1574 2636 1656 2687 sio
1704 2640 1783 2688 est

278 2730 562 2779 mortuum.
621 2726 696 2777 Et
729 2742 875 2792 papa
909 2725 1061 2777 dolet
1082 2724 1313 2775 multum
1336 2738 1501 2790 super
1521 2723 1779 2789 Elephas.
