1942 3109
357 214 458 266 15ss
493 231 875 268 Pnrnuconu
901 231 1141 268 nunus.
1156 230 1377 268 culmus
1400 230 1611 266 FAHOB.
1628 232 1683 267 0.
1698 234 1753 268 V.
1768 236 1873 272 RPP.

355 352 458 388 sua
513 333 922 388 consultatione
980 336 1129 402 apud
1174 335 1471 404 cesaream
1528 335 1873 389 Maiestatem

353 422 520 472 nimis
543 422 918 474 inhumaniter
942 422 1193 490 lenisset,
1230 419 1395 472 silere
1422 435 1529 484 ego
1554 435 1673 472 non
1706 422 1873 481 debui,

355 508 526 558 etiam
568 507 708 558 duce
754 511 976 558 natura.
1054 506 1141 556 Ex
1195 505 1385 556 oblata
1430 505 1611 568 igitur
1658 513 1718 558 et
1758 509 1871 558 mihi

357 595 414 641 et
457 593 586 642 aliis
631 594 702 644 ab
751 592 1185 656 Archiepiscopo
1230 589 1655 642 consultatione
1707 593 1871 657 legiti-

355 692 499 726 mam
534 677 706 728 habui
727 678 1105 739 occasionem,
1143 678 1207 724 ut
1238 689 1348 742 que
1370 674 1645 738 privatim
1670 682 1726 726 et
1747 678 1869 726 false.

356 768 700 828 susurre-rat,
739 777 842 827 ego
876 761 1099 826 publice
1135 761 1196 808 in
1228 775 1350 810 meo
1385 759 1623 823 speculo
1648 761 1873 810 manuali

357 845 692 896 refellerem.
777 846 934 908 Quod
982 861 1104 896 cum
1150 843 1483 910 aggrederer
1532 846 1715 909 ipsius
1762 861 1871 896 con·

354 930 713 981 sultationem
780 931 1003 980 minime
1071 927 1433 992 nominande,
1504 931 1746 980 omnium
1800 947 1873 980 me

354 1017 666 1082 principum
702 1019 1011 1067 nostrorum
1046 1013 1267 1064 iudiciis
1304 1029 1373 1064 ac
1410 1013 1761 1066 diversorum
1796 1032 1877 1080 per

355 1099 702 1152 Alemaniam
726 1099 1088 1150 tribunalium
1114 1113 1346 1165 censure
1372 1099 1602 1149 subieci.
1664 1091 1719 1148 (Ι
1746 1100 1878 1163 Quid

354 1184 494 1234 fecit
515 1185 752 1236 Ioannes
773 1183 1082 1236 Reuchlin‘?
1118 1187 1414 1247 postquam
1438 1182 1722 1233 intellexit
1758 1200 1877 1236 suos

357 1284 570 1322 errores
587 1285 688 1335 per
703 1268 1153 1336 Archipresulem
1168 1267 1554 1332 Moguntinmn
1584 1265 1711 1332 (qui
1726 1283 1877 1320 verus

357 1369 390 1404 a
439 1353 683 1420 Cesarea
727 1354 1027 1406 Maiestate
1074 1352 1485 1402 commissarius
1530 1352 1607 1402 ad
1650 1356 1877 1406 omnium

359 1439 800 1489 consultationes
845 1436 1179 1502 aperiendas
1228 1452 1295 1486 ac
1340 1436 1773 1501 perlustrandas
1809 1454 1878 1487 or·

357 1520 584 1572 dinetus
623 1519 766 1584 erat)
803 1521 1125 1585 patefactos
1174 1536 1326 1584 esse,
1374 1535 1557 1584 neque
1604 1525 1723 1576 sibi
1767 1539 1881 1574 con-

355 1603 528 1654 fidens
564 1617 746 1668 neque
781 1605 1183 1658 consultationi
1203 1621 1333 1672 sue,
1368 1606 1535 1656 immo
1558 1610 1743 1660 etiam
1768 1624 1885 1660 con·

355 1688 610 1740 siderant-1
651 1705 847 1755 parum
887 1705 950 1739 se
1008 1694 1106 1741 aut
1158 1690 1298 1740 nihil
1350 1690 1489 1740 iuris
1548 1697 1755 1742 contra
1814 1709 1887 1742 me

355 1775 564 1828 habere
579 1813 593 1839 ,
637 1777 691 1826 si
737 1773 822 1839 (ut
857 1790 960 1840 ego
996 1773 1173 1838 volui)
1208 1790 1293 1824 me
1332 1789 1526 1824 coram
1555 1790 1889 1840 quocunque

355 1860 540 1910 iudice
567 1861 944 1922 convenisset,
986 1860 1207 1922 accepit
1240 1858 1723 1912 consultationem
1748 1877 1891 1912 susm

355 1947 763 2012 preposteram‚
811 1944 1013 2008 quibus
1056 1943 1468 1994 declarationes
1516 1945 1809 2007 quasdam
1852 1951 1893 1994 et

355 2032 671 2084 invectivas
707 2029 1003 2082 mendaces
1040 2027 1277 2092 adiecit,
1312 2027 1529 2092 duplici
1564 2029 1717 2095 fuga
1744 2047 1783 2080 a
1807 2046 1897 2080 sua

355 2113 509 2180 prole
545 2114 829 2166 deficiens.
875 2112 1023 2176 quod
1058 2128 1223 2176 quam
1257 2113 1475 2177 puerile
1510 2117 1571 2162 et
1598 2113 1895 2166 ridiculum

359 2199 560 2261 fuerit,
596 2213 755 2247 nemo
793 2202 882 2246 est
913 2199 1155 2247 omnium
1191 2198 1286 2260 qui
1318 2212 1429 2247 non
1448 2196 1631 2248 videt.
1676 2190 1740 2250 Ἰ
1768 2199 1895 2250 Con-

351 2279 646 2330 sultationi
689 2281 882 2347 itaque
927 2295 1056 2348 sue,
1100 2281 1518 2332 defensionibus
1564 2297 1815 2350 quoque
1854 2290 1891 2332 et

355 2365 655 2416 invectivis
690 2364 1101 2430 impudentibus
1134 2366 1359 2417 titulum
1385 2365 1653 2420 Oculatis
1682 2365 1895 2436 specul}

229 2447 627 2512 guijimposuit.
689 2452 812 2512 Quo
847 2466 945 2515 per
969 2454 1143 2500 totam
1176 2449 1184 2516 Ι
1216 2449 1721 2504 christianitatem
1746 2451 1893 2506 nimis

351 2532 522 2595 impie
546 2548 646 2597 per
667 2535 1083 2598 impressionem
1116 2535 1434 2598 publicato,
1470 2551 1581 2586 nee
1616 2537 1889 2605 equitatis

353 2629 576 2666 munere
603 2613 719 2680 (eui
741 2633 842 2681 ego
875 2633 962 2668 me
996 2633 1215 2682 semper
1250 2633 1434 2670 coram
1470 2621 1797 2684 quibusvis
1831 2623 1893 2672 in-

354 2696 570 2748 dicibus
615 2699 853 2764 subieci)
899 2717 999 2765 per
1030 2703 1211 2766 ipsum
1246 2703 1543 2754 observato
1582 2706 1897 2758 flammivo-
