1942 3109
261 244 363 297 320
439 260 729 297 EPISTOLAE
753 261 1119 299 OBSCVBOBVH
1143 262 1399 301 vmonvn
1423 264 1603 301 NOVAE.

266 369 424 417 eatur
465 365 644 417 Billa:
701 370 758 417 et
799 366 898 419 ille
941 367 1171 432 spiritus
1215 368 1494 420 mirabilia
1538 370 1677 423 dicit
1714 374 1765 425 ei

261 451 328 503 de
361 467 492 517 rege
525 452 764 517 Franeie
813 456 869 503 et
901 452 1237 517 Imperatore
1282 458 1339 505 et
1371 456 1553 521 Papa,
1603 460 1661 507 et
1702 458 1765 511 de

259 536 365 587 fine
399 535 604 587 mundi.
663 536 782 602 Ego
818 536 932 602 legi
965 538 1285 603 prophetias
1322 540 1457 591 eius.
1519 540 1611 591 Sic
1637 544 1763 595 scri-

259 623 347 687 psi
364 623 524 675 vobis
558 621 688 687 quid
719 638 821 687 ego
851 624 986 673 scio.
1044 621 1181 674 Cum
1210 624 1315 674 hoe
1342 624 1465 675 sitis
1498 640 1765 679 commen-

259 706 420 758 datus
455 707 674 759 domino
711 706 832 761 deo·
898 705 1129 774 D[atum]
1160 705 1447 775 R[omauae]
1482 706 1714 777 C[ur2‘oe].

970 962 1055 1015 52.

521 1082 571 1141 ⁴1
614 1078 1070 1144 Henrichus
1118 1078 1497 1144 Schluntz

556 1183 889 1249 Magistro
915 1184 1201 1235 Ortvino
1224 1182 1463 1235 Gratio

254 1303 566 1370 Amicitiam
625 1305 682 1353 et
725 1304 1051 1354 servitutem
1095 1301 1452 1353 dominationi
1496 1306 1685 1370 vestre
1732 1320 1767 1357 a

253 1394 414 1455 parte
449 1392 576 1441 ante
615 1401 854 1453 semper,
891 1389 948 1437 et
984 1383 1244 1449 quiequid
1277 1398 1499 1447 possum
1532 1400 1633 1449 pro
1666 1389 1785 1462 do7

252 1474 550 1523 minatione
594 1474 783 1520 vestra
829 1471 922 1519 hie
969 1472 1025 1517 et
1065 1468 1269 1529 ubique
1316 1470 1372 1517 et
1414 1468 1474 1516 in
1508 1472 1771 1525 omnibus

252 1557 390 1607 loeis
427 1560 482 1606 et
517 1554 778 1605 honestis,
847 1550 1183 1605 venerabilis
1218 1549 1431 1600 domine
1466 1550 1769 1621 Magister,

251 1642 411 1691 mitto
447 1636 807 1692 dominationi
839 1638 1023 1700 vestre
1058 1632 1150 1685 hie
1182 1648 1351 1684 unum
1373 1636 1680 1687 notabilem
1706 1646 1769 1693 et

249 1725 478 1775 multum
523 1721 876 1788 proficualem
927 1720 1147 1771 librum.
1226 1719 1299 1769 Et
1352 1720 1571 1773 videtur
1622 1725 1763 1777 mihi

251 1809 396 1875 quod
439 1807 570 1859 talis
615 1807 757 1859 liber
799 1809 887 1857 est
931 1805 1264 1871 compositus
1308 1805 1539 1858 multum
1586 1808 1757 1859 artifi-

251 1894 496 1958 cialiter,
541 1892 752 1943 habens
799 1892 858 1941 in
903 1906 962 1941 se
1007 1891 1410 1957 propositiones
1443 1891 1608 1945 valde
1643 1909 1761 1945 ma-

249 1980 534 2047 gistrales,
573 1982 628 2029 et
659 1980 892 2029 vocatur
927 1975 1239 2028 ‘Rationale
1276 1974 1619 2027 divinorum':
1656 1992 1755 2041 ego

251 2067 358 2117 emi
392 2066 484 2118 hic
521 2063 737 2129 quando
771 2064 884 2114 fuit
915 2064 977 2113 in
1010 2062 1253 2123 nundina
1289 2065 1345 2112 et
1378 2060 1494 2111 dixi
1529 2059 1651 2113 ‘iste
1684 2060 1753 2111 li-

249 2153 348 2203 ber
403 2154 489 2201 est
538 2164 636 2213 pro
677 2147 949 2213 Magistro
998 2148 1255 2206 Ortvino=
1314 2144 1573 2197 laudetur
1624 2146 1758 2199 deus

251 2233 394 2300 quod
437 2232 626 2283 inveni
667 2245 816 2281 eumz
863 2231 997 2292 quia
1039 2229 1166 2280 volo
1210 2231 1265 2279 ei
1306 2232 1553 2296 mittere,
1610 2232 1763 2283 sieut

249 2322 367 2385 ipse
411 2330 584 2381 nuper
627 2313 778 2363 misit
819 2312 955 2363 mihi
998 2312 1197 2363 librum
1229 2313 1491 2366 Iohannis
1524 2315 1763 2369 Pfeffer-

251 2405 390 2454 korn
426 2402 521 2465 qui
553 2397 873 2450 intitulatur
909 2396 1193 2449 ‘Defensio
1228 2398 1489 2451 Iohannis
1522 2398 1761 2453 Pfeffer·

250 2488 392 2539 korn
417 2489 609 2535 contra
631 2484 933 2550 Famosas',
971 2498 1133 2549 quem
1167 2484 1297 2537 talis
1331 2486 1418 2536 vir
1452 2488 1763 2548 composuit

251 2569 690 2625 intentionaliter
716 2568 1085 2622 defensoriam
1109 2568 1277 2635 Saere
1312 2567 1439 2619 fidei
1463 2566 1755 2637 Catholiee

254 2660 444 2715 eontra
485 2654 786 2707 Iohannem
818 2654 1089 2707 Reuohlin
1134 2658 1190 2707 et
1232 2667 1528 2721 sequaces,
1575 2653 1761 2707 dando

252 2742 333 2799 eis
365 2742 851 2813 bonaspscommas.
909 2740 1021 2795 Sed
1040 2740 1275 2808 possetis
1298 2738 1513 2793 diceret
1549 2738 1755 2805 ‘Quare
