1942 3109
227 185 329 234 222
405 197 696 233 unsroms
724 197 1090 233 onscvnonvu
1113 197 1367 234 vutonvu
1393 197 1571 234 novis.

226 302 555 353 terribiliter
600 302 879 365 formati3‚
926 303 1009 352 ita
1056 302 1202 366 quod
1248 306 1334 352 est
1376 301 1634 352 mirabile
1683 303 1758 352 ad

226 386 537 438 videndum.
629 387 757 452 Ipse
811 387 999 452 tangit
1049 402 1142 438 eos
1197 391 1254 437 et
1304 402 1416 438 non
1473 391 1637 437 nocet
1683 389 1755 437 ei.

228 470 326 522 sed
362 471 583 535 quando
620 471 832 522 mordet
872 486 1042 520 unum
1091 471 1289 536 alium,
1337 476 1472 522 tunc
1514 473 1637 536 ipse
1685 470 1756 520 li-

225 557 390 607 berat
414 571 538 606 eum
560 571 659 620 per
682 555 853 606 talem
876 556 1159 620 virtutem,
1195 556 1333 607 dans
1364 555 1574 606 homini
1594 555 1754 606 illam

228 641 521 690 materiam
564 641 647 691 sic
692 639 943 705 ligatam.
1010 644 1068 690 et
1121 640 1316 690 dicunt
1362 639 1508 704 quod
1554 644 1641 690 est
1685 639 1754 690 de

226 725 333 775 illa
366 717 659 791 progenie,
708 725 799 774 cui
836 728 1067 775 sanctus
1101 725 1314 776 Paulus
1352 725 1634 775 concessit
1667 728 1752 774 ta-

228 809 338 860 lem
371 811 652 860 virtutem.
713 809 861 872 Quia
898 809 1118 873 quando
1145 813 1376 868 sanctus
1400 809 1612 858 Paulus
1639 823 1753 858 am·

226 893 451 944 bulavit
486 894 543 942 in
578 895 769 958 terriS,
807 897 942 944 tunc
980 893 1151 944 semel
1185 893 1296 943 fuit
1328 894 1642 958 hospitatus
1679 895 1750 944 ab

228 994 336 1028 uno
382 979 503 1029 viro
552 979 651 1041 qui
693 979 962 1028 tractavit
1009 993 1133 1028 eum
1179 992 1303 1027 cum
1349 993 1560 1028 summa
1595 992 1764 1028 reve--

229 1063 439 1127 tentia,
499 1065 557 1112 et
609 1062 827 1112 faciens
874 1064 927 1111 ei
969 1063 1173 1113 bonam
1205 1060 1580 1127 -Gompaniam
1625 1077 1751 1130 pre-

228 1145 406 1197 bendo
456 1145 739 1196 comedere
788 1150 844 1195 et
884 1146 1075 1196 bibere
1115 1150 1172 1196 et
1204 1147 1350 1197 bona
1384 1147 1752 1212 lectisternia,

230 1233 287 1279 et
322 1230 389 1279 de
426 1245 589 1279 mane
627 1231 874 1297 quesivit
910 1246 1036 1280 eum
1071 1229 1138 1281 ‘O
1174 1231 1318 1280 bone
1357 1231 1603 1293 domiue,
1641 1247 1754 1282 non

229 1313 489 1364 habeatis
524 1313 660 1362 mihi
694 1328 793 1377 pro
839 1313 1017 1362 malo:
1066 1329 1168 1378 ego
1214 1313 1376 1365 video
1423 1315 1567 1378 quod
1613 1317 1751 1366 estis

230 1413 371 1448 unus
406 1413 637 1462 magnus
671 1398 784 1460 vir,
822 1400 879 1446 et
912 1396 1136 1447 habetis
1173 1381 1476 1463 specialem
1511 1401 1754 1464 gratiam

234 1498 267 1531 a
302 1481 433 1545 deo,
472 1485 528 1532 et
563 1497 673 1532 non
708 1481 899 1531 dubito
938 1481 1086 1545 quod
1131 1483 1266 1532 estis
1313 1487 1568 1548 sanctus,
1618 1487 1753 1547 quia

228 1565 351 1615 heri
398 1564 516 1616 vidi
562 1580 660 1616 vos
713 1566 903 1614 facere
956 1566 1248 1618 miracula.
1334 1567 1488 1632 Rogo
1546 1566 1752 1618 dicatis

228 1650 363 1700 mihi
400 1650 523 1713 quis
560 1649 753 1700 estis?'
798 1648 1104 1714 Respondit
1151 1652 1204 1700 ei
1249 1654 1476 1702 sanctus
1512 1651 1751 1702 Paulus:

230 1732 351 1798 ‘ego
398 1749 517 1783 sum
550 1733 763 1784 Paulus
802 1731 1014 1784 Christi
1061 1736 1387 1799 apostolus’.
1457 1737 1614 1785 Tunc
1650 1735 1753 1787 ille

226 1819 313 1867 vir
340 1817 542 1868 cecidit
564 1821 623 1869 in
648 1835 830 1884 genua
856 1834 958 1870 sua
983 1819 1202 1870 dicens:
1238 1818 1304 1869 ‘0
1333 1824 1528 1870 sancte
1552 1820 1754 1885 Paule,

228 1903 479 1966 parcatis
514 1903 675 1968 mihi,
726 1905 859 1968 quia
893 1904 1110 1954 nescivi
1146 1905 1270 1967 quis
1307 1905 1471 1954 estist
1519 1908 1576 1954 et
1620 1920 1754 1968 erg-o

227 2001 359 2052 rogo
403 2002 503 2038 vos
545 1987 735 2038 velitis
780 1987 941 2038 deum
976 2002 1135 2038 orare
1171 2002 1268 2052 pro
1305 1988 1558 2052 peccatis
1592 1988 1758 2050 meist,

230 2075 287 2121 et
319 2071 511 2122 velitis
546 2073 683 2122 mihi
718 2072 851 2123 dare
886 2087 986 2138 pro
1021 2070 1400 2122 valedictione
1435 2087 1600 2122 unam
1625 2087 1752 2136 spe-

230 2155 431 2206 cialem
486 2157 728 2220 gratiam
780 2160 1010 2221 propter
1055 2155 1250 2206 deum'.
1319 2157 1480 2206 Dixit
1524 2158 1578 2206 ei
1623 2171 1757 2206 san-

230 2243 351 2290 ctus
373 2239 615 2290 Paulus:
653 2238 836 2290 ‘Fides
871 2243 971 2289 tua
1009 2239 1228 2290 salvum
1262 2244 1317 2289 te
1353 2241 1543 2298 fecit‘.⁴
1568 2245 1624 2292 et
1657 2240 1758 2290 de·

226 2322 308 2372 dit
342 2325 397 2374 ei
430 2324 602 2374 talem
637 2324 903 2388 gratiam,
954 2327 1012 2374 et
1045 2324 1298 2374 omnibus
1335 2324 1757 2376 successoribus

228 2409 372 2471 suis,
410 2408 557 2472 quod
591 2411 822 2474 possunt
856 2423 1060 2458 sanare
1095 2407 1346 2458 homines
1382 2409 1632 2472 quisunt
1654 2424 1757 2460 ve-

226 2491 453 2541 neficati
500 2508 535 2542 a
579 2491 953 2558 serpentibus?
1051 2491 1126 2540 Et
1169 2493 1278 2542 iste
1322 2493 1411 2543 vir
1456 2493 1552 2556 qui
1599 2493 1759 2544 dedit

225 2575 361 2624 mihi
396 2575 518 2639 hoc,
560 2581 645 2626 est
680 2577 747 2626 de
782 2577 889 2627 tali
923 2577 1210 2642 progenie,
1245 2577 1394 2628 sicut
1427 2577 1757 2628 multotiens

226 2660 501 2723 probavit.
572 2661 719 2726 Ergo
767 2661 1067 2725 accipiatis
1111 2676 1210 2725 pro
1255 2661 1420 2712 bono.
1489 2662 1566 2712 Et
1613 2664 1758 2712 scri-
