1942 3109
251 242 348 293 322
424 256 712 293 nmsronffl
737 258 1099 294 onscvnonvu
1123 260 1379 295 vmonvu
1406 261 1584 297 novas.

957 446 1039 501 53.

466 568 516 626 (Ι
559 564 952 627 Iohannes
1000 564 1531 631 Schluntzick

515 668 842 733 Magistro
891 668 1177 720 Ortvino
1226 670 1483 721 Gratio.

348 787 660 851 Scripsistis
695 786 835 835 mihi·
861 790 1077 838 noviter
1110 802 1275 837 unam
1311 789 1552 841 litteram
1584 791 1746 843 valde

245 871 671 936 vituperativam
707 875 762 922 et
799 872 1102 923 criminatis
1136 889 1221 923 me
1259 875 1401 938 quod
1437 893 1543 927 non
1564 878 1746 928 scribo

249 957 406 1006 vobis
443 956 706 1019 quomodo
743 960 855 1007 stat
889 958 946 1007 in
986 973 1156 1007 causa
1191 958 1316 1009 fidei
1354 975 1473 1009 cum
1507 961 1744 1011 Iohanne

249 1041 536 1092 Reuchlin.
615 1042 687 1091 Et
734 1043 949 1107 quando
996 1044 1111 1107 legi
1155 1044 1310 1093 illam
1355 1045 1621 1110 litteram,
1669 1046 1754 1095 fui

247 1126 410 1177 valde
445 1128 620 1176 iratus
656 1130 712 1175 et
745 1127 885 1176 dixi:
938 1126 1163 1191 ‘Quare·
1192 1129 1387 1178 scribit
1421 1130 1554 1179 mihi
1592 1130 1747 1193 talia,

251 1227 371 1262 cum
409 1228 508 1277 ego
545 1212 742 1275 scripsi
777 1214 828 1261 ei
864 1212 999 1261 duas
1035 1212 1255 1262 litteras
1296 1216 1351 1262 et
1384 1228 1493 1262 non
1530 1218 1615 1263 est
1654 1214 1748 1264 ad-

248 1296 356 1346 huc
389 1296 598 1346 medius
635 1299 842 1344 annus?
889 1295 997 1344 Sed
1031 1298 1220 1344 nuncii
1255 1312 1361 1345 non
1396 1303 1752 1362 presentave-

249 1384 375 1431 runt
409 1381 542 1430 sibi:
591 1378 719 1442 quid
755 1394 856 1443 ogo
891 1394 1111 1443 possum
1146 1378 1387 1427 facere?'
1424 1378 1496 1426 Et
1533 1379 1754 1432 debetis

249 1465 384 1513 mihi
417 1463 638 1511 firmiter
673 1461 889 1509 credere
935 1462 1078 1523 quod
1120 1462 1317 1524 scripsi
1359 1462 1517 1510 vobis
1563 1465 1756 1528 singu-

249 1548 441 1598 lariter
487 1548 542 1593 et
587 1542 924 1591 articulatim
969 1543 1231 1605 quicquid
1276 1544 1432 1593 scivi.
1517 1543 1627 1593 Sed
1664 1552 1777 1609 est,

249 1634 387 1682 bene
431 1624 695 1693 possibile
742 1625 886 1690 quod
931 1628 1118 1675 nuncii
1152 1642 1261 1677 non
1295 1630 1621 1693 presentant
1654 1646 1751 1681 vo-

249 1716 352 1767 bis.
400 1714 472 1761 Et
494 1712 755 1778 precipue
781 1712 979 1777 scripsi
1000 1713 1155 1763 vobis
1183 1712 1326 1777 quod
1352 1712 1567 1777 quando
1595 1719 1747 1781 equi-

251 1799 368 1849 tavi
412 1812 478 1847 ex
521 1796 816 1846 Florentia·
849 1810 1041 1845 versus
1082 1797 1330 1861 Romam,
1378 1800 1509 1847 tunc
1555 1799 1613 1848 in
1654 1802 1747 1851 via

250 1882 437 1933 inveni
469 1880 823 1932 reverendum
859 1884 1068 1946 patrem
1102 1882 1347 1933 Fratrem
1382 1882 1647 1933 Iacobum
1680 1884 1745 1935 de

249 1968 648 2031 Hochstraten‚
701 1966 1029 2031 Magistrum
1082 1970 1323 2017 nostrum
1376 1970 1432 2017 et
1486 1968 1741 2034 hereticae

249 2054 542 2119 pravitatis
584 2053 1000 2117 Inquisitorem,
1050 2052 1361 2103 venientem
1408 2068 1476 2102 ex
1520 2052 1739 2103 Floren-

250 2139 358 2202 tia,
401 2138 500 2187 ubi
541 2138 856 2201 impetravit
891 2136 1103 2199 aliquid
1137 2136 1193 2184 in
1230 2152 1399 2186 eausa
1432 2140 1617 2187 vestra
1649 2152 1742 2202 per

249 2238 434 2288 regem
467 2221 717 2285 Francia.
787 2220 940 2268 Tunc
986 2219 1233 2269 detracto
1278 2220 1423 2283 pileo
1468 2237 1587 2271 meo
1632 2221 1746 2271 dixi

253 2305 438 2357 ‘Pater
471 2303 794 2367 reverende,
832 2303 964 2353 estis
1000 2302 1091 2353 vel
1124 2318 1231 2353 non
1269 2305 1449 2354 estis?
1486 2306 1637 2355 Tunc
1662 2322 1746 2357 re-

253 2391 470 2458 spondit
512 2387 645 2455 ‘Ego
691 2404 808 2437 sum
862 2388 956 2451 qui
1012 2390 1163 2438 sum'.
1242 2390 1396 2439 Tunc
1449 2388 1560 2438 dixi
1614 2386 1746 2439 ‘Vos

255 2478 386 2527 estis
421 2476 666 2525 dominus
699 2488 850 2524 meus
883 2472 1148 2537 Magister
1180 2477 1365 2523 noster
1398 2470 1630 2521 Iacobus
1677 2474 1744 2525 de

256 2562 371 2611 alta
396 2559 610 2623 platea,
635 2558 933 2622 Inquisitor
956 2558 1212 2625 hereticae
1236 2554 1567 2620 pravitatis'.
1636 2557 1741 2609 Re-

255 2644 470 2711 spondit
505 2642 650 2693 ‘Sum
681 2644 906 2707 utique'.
963 2642 1037 2691 Et
1058 2641 1183 2691 dedi
1208 2641 1258 2691 ei
1282 2654 1497 2689 manum
1521 2640 1737 2693 dicens:

257 2730 321 2780 ‘O
358 2728 516 2793 deuS,
561 2726 821 2793 quomodo
855 2728 1009 2779 venit
1042 2724 1184 2789 quod
1216 2724 1473 2777 inceditis
1508 2742 1605 2791 per
1646 2744 1738 2792 pe-
