1942 3109
279 272 347 323 24
417 284 797 323 rnrmucomu
824 283 1061 321 numus.
1075 280 1295 321 cou‘rBA
1321 280 1523 319 Butos.
1541 281 1592 319 0.
1607 282 1664 319 V.
1675 283 1806 323 81³?-

282 406 447 457 quam
486 392 649 441 citius
685 391 897 441 mittas.
935 389 994 439 in
1028 388 1135 439 hoc
1171 389 1422 441 facturus
1461 402 1518 439 es
1555 392 1808 441 nostram

282 477 581 547 cesaream
624 476 863 543 gratiam
907 479 963 524 et
997 473 1432 541 beneplacitum.
1499 474 1711 525 Datum
1749 476 1808 527 in

280 564 497 615 Fussen
534 560 703 613 Sexto
739 560 828 611 die
864 561 1070 611 mensis
1105 559 1256 612 Iulii.
1293 558 1471 611 Anno.
1509 562 1568 611 et
1593 574 1641 609 c.

688 645 772 697 Ad
794 645 1114 699 mandatum
1148 644 1356 697 domini
1387 646 1742 711 imperatoris

1093 731 1390 797 proprium.

689 816 799 869 Per
832 816 1058 884 Regem.
1094 831 1222 881 pro:
1257 832 1375 867 ma:

1005 900 1359 955 Serenteiner
1391 900 1741 967 subscripsit.

392 1066 445 1125 (I
468 1074 593 1125 Hoc
614 1073 935 1125 mandatum
958 1072 1311 1139 imperatoris
1335 1072 1658 1139 presentavi
1679 1087 1814 1137 gre.-

286 1159 587 1211 tiosissimo
634 1157 851 1210 domino
896 1173 1018 1209 meo
1063 1156 1505 1223 Moguntinensi,
1559 1155 1704 1219 quod
1755 1158 1821 1207 in

288 1260 489 1311 magno
524 1243 731 1296 honore
769 1247 825 1295 et
857 1243 1064 1311 gaudio
1099 1244 1337 1307 recepit,
1383 1246 1446 1293 et
1491 1241 1612 1293 sine
1656 1256 1819 1293 mora

289 1330 405 1381 tale
452 1328 771 1381 mandatum
818 1333 875 1381 et
920 1327 1358 1381 commissionem
1399 1343 1514 1381 una
1561 1341 1686 1377 cum
1721 1327 1820 1379 lit·

290 1415 424 1465 teris
470 1414 586 1465 suis
632 1413 703 1464 ad
746 1412 1095 1467 venerandas
1137 1413 1564 1477 universitates,
1607 1416 1666 1465 et
1717 1411 1820 1480 he-

289 1496 465 1562 retice
508 1498 812 1560 pravitatis
854 1499 1181 1562 magistrum
1227 1502 1283 1549 et
1327 1498 1472 1549 alios
1515 1498 1694 1562 misit,
1750 1498 1822 1549 ad

294 1578 719 1632 consultandum
742 1581 803 1631 in
824 1581 931 1633 hoc
952 1583 1190 1647 negocio
1217 1588 1274 1635 et
1291 1586 1352 1635 ut
1369 1597 1557 1635 eorum
1573 1584 1824 1633 omnium

295 1663 531 1717 consilia
592 1664 702 1717 sibi
750 1667 1148 1733 quamprimum
1190 1668 1490 1720 mitterent.
1561 1667 1626 1719 Id
1669 1666 1827 1733 quod

292 1750 377 1801 sic
414 1752 599 1801 actum
636 1753 749 1815 est,
794 1750 976 1803 veluti
1018 1752 1078 1802 in
1113 1754 1475 1817 sequentibus
1512 1752 1824 1805 indicatur.

789 1876 841 1937 (s
874 1888 1049 1939 Nota
1084 1887 1324 1941 lector.

400 1998 453 2059 {I
486 2008 821 2074 Priusquam
856 2011 1043 2059 tamen
1077 2023 1224 2059 nune
1273 2008 1342 2061 ad
1379 2008 1836 2063 consultationes

291 2096 599 2159 veniamus,
634 2093 785 2148 falsa
822 2092 1054 2161 quedem
1089 2094 1501 2147 manifestanda
1547 2098 1677 2145 sunt
1717 2112 1838 2165 que

294 2178 655 2241 mendaciter,
688 2178 963 2241 nimisque
988 2180 1154 2243 impie
1177 2194 1246 2230 ao
1275 2180 1444 2245 plane
1474 2179 1841 2245 impudenter

298 2260 371 2329 (si
393 2277 583 2314 verum
606 2262 776 2312 fateri
797 2260 955 2326 licet)
992 2266 1186 2315 contra
1209 2278 1294 2315 me
1320 2265 1548 2330 scripsit
1579 2264 1842 2317 Ioannes

294 2347 571 2399 Reuchlin
612 2343 905 2413 Iudeorum
958 2347 1159 2399 rabula
1203 2350 1262 2399 in
1316 2348 1644 2401 defensione
1701 2366 1846 2414 sua,

299 2436 398 2483 aut
442 2431 627 2498 potius
686 2434 746 2483 in
792 2432 934 2483 libro
983 2431 1386 2485 invectivarum
1433 2449 1658 2485 suarum
1705 2436 1846 2487 sive

302 2518 673 2567 conviciorum
720 2517 859 2568 folio
897 2532 1036 2567 .1111.
1074 2518 1169 2568 ubi
1213 2518 1346 2569 mihi
1392 2518 1539 2570 falso
1585 2519 1850 2585 imponit

300 2598 447 2663 quod
492 2615 591 2665 ego
640 2600 972 2663 prodiderim
1019 2602 1138 2653 eius
1187 2602 1424 2653 consilia
1469 2617 1578 2669 que
1615 2602 1688 2653 ad
1731 2604 1850 2655 Ar-

302 2682 793 2733 chioaneellarium
851 2681 937 2748 (ut
979 2686 1098 2750 ipse
1143 2684 1248 2751 ait)
1307 2686 1502 2738 clausa
1557 2688 1854 2755 misisset,

299 2765 535 2831 ideoque
571 2782 655 2817 me
692 2765 917 2831 dignum
950 2772 1156 2834 morte,
1203 2774 1262 2821 et
1303 2772 1476 2823 variis
1522 2775 1854 2827 tormento·
