1942 3109
267 174 362 225 136
411 188 789 224 Pnrnmconnl
811 188 1051 223 DEFRNS.
1072 187 1287 224 CONTRA
1308 185 1515 221 FAuos.
1541 188 1598 222 0.
1614 190 1853 229 v.21>1³.

263 294 442 358 lapsu.
517 292 626 344 Sed
673 308 846 357 quare
894 293 1161 344 obsecro?
1206 296 1268 341 ut
1310 292 1512 342 infami
1562 294 1848 349 fortasse

264 379 444 444 gloria
483 384 540 429 et
572 378 746 427 nimia
784 378 1109 428 curiositate
1156 378 1393 443 seipsum
1442 378 1734 431 redderet
1783 389 1843 433 et

263 465 538 529 insignem
576 468 633 514 et
668 464 968 527 famosum,
1018 463 1186 513 sicuti
1231 461 1506 527 quendam
1550 480 1696 515 cum
1738 469 1831 517 ad-

265 550 372 599 huc
396 548 598 617 Iudeus
623 564 826 611 essem,
865 548 1075 598 fecisse
1102 548 1323 612 accepi,
1362 548 1459 611 qui
1495 552 1569 598 ut
1608 551 1829 616 glorio·
1903 542 1904 567 ’

265 650 383 684 sum
409 648 468 685 se
493 634 725 697 faceret,
750 633 936 700 Diane
962 633 1224 699 templum
1250 632 1530 683 accendit.
1595 627 1659 687 (I
1682 640 1824 702 Quid
1903 620 1904 625 ¹

265 719 476 769 multa?
547 719 722 769 Nimis
770 718 1020 768 curiosus
1068 718 1177 768 fuit
1220 718 1515 769 scribendo
1568 720 1810 773 Ioannes

263 803 563 865 Reuchlin,
604 806 660 853 et
695 802 822 868 plus
861 803 1061 854 ceteris
1085 802 1560 854 universitatibus
1590 807 1809 857 occulte
1903 858 1904 861 ,

265 888 409 952 apud
465 886 765 954 cesaream
819 888 1176 938 Maiestatem
1236 890 1293 937 et
1349 886 1811 959 Archipresulem
1903 916 1904 961 3

264 972 647 1037 Moguntinum
693 972 872 1023 videri
916 972 1115 1023 voluit.
1194 972 1337 1023 Nam
1393 974 1495 1023 ubi
1552 974 1814 1027 doctores
1903 1000 1904 1005 =

265 1058 468 1121 reliqui
512 1058 608 1107 vix
655 1056 762 1108 duo
809 1057 948 1107 folia
1006 1060 1206 1106 sancte
1254 1058 1627 1122 scripserunt,
1688 1063 1815 1125 ipse
1903 1102 1904 1109 ,

264 1142 466 1205 viginti
501 1142 743 1191 fortasse
783 1143 838 1190 in
872 1155 932 1190 re
968 1156 1080 1191 non
1116 1142 1444 1191 necessaria
1471 1142 1809 1207 insipienter
1903 1168 1904 1207 3

265 1226 466 1276 emisit.

237 1368 260 1397 ⁸
780 1363 954 1412 Nota
992 1363 1271 1425 Quarto.

369 1472 421 1529 (I
474 1481 557 1528 Ex
617 1481 801 1529 verbis
861 1479 1105 1543 apostoli
1163 1480 1602 1549 precedentibus
1664 1501 1806 1536 nova

265 1566 581 1615 criticorum
619 1563 864 1613 oboritur
900 1564 1150 1629 questio,
1189 1580 1295 1633 que
1332 1570 1387 1615 et
1421 1566 1634 1618 multos
1673 1570 1805 1633 proh

262 1650 417 1700 dolor
439 1648 856 1699 Reuchlinistas
883 1649 1154 1698 atrociter
1190 1646 1311 1713 (sed
1346 1654 1409 1699 ut
1444 1667 1611 1716 spero
1646 1654 1807 1718 igno-

262 1732 474 1799 ranter)
533 1732 835 1784 momordit.
923 1733 1137 1783 Dicunt
1195 1734 1338 1783 enim
1387 1750 1511 1784 cum
1557 1752 1653 1786 suo
1696 1753 1802 1801 pa-

261 1824 449 1871 trono:
490 1816 768 1882 Quomodo
792 1817 884 1866 hic
908 1817 1314 1881 Pepericornus
1339 1834 1537 1870 sacras
1572 1820 1805 1872 litteras

265 1910 322 1955 et
356 1906 481 1954 iura
521 1919 588 1953 ac
623 1902 920 1952 latinorum
960 1904 1273 1954 sententias
1324 1903 1581 1969 allegare
1628 1908 1805 1967 novit,

265 2007 387 2041 cum
412 1990 656 2056 Romane
693 1988 882 2054 lingue
920 2003 1029 2038 non
1064 1989 1139 2038 sit
1174 1987 1420 2053 peritus?
1468 1988 1803 2054 Respondeo

261 2077 410 2126 hanc
469 2074 837 2127 obiectionem
896 2088 1017 2123 esse
1074 2072 1319 2134 futilem,
1377 2071 1515 2122 licet
1568 2089 1796 2142 magnos

265 2162 434 2209 etiam
471 2160 622 2208 viros
646 2158 704 2205 in
729 2157 878 2205 hunc
903 2171 1077 2219 usque
1104 2156 1247 2207 diem
1274 2156 1416 2207 male
1440 2163 1800 2220 perverterit.

262 2244 382 2307 Ego
421 2242 516 2303 qui
551 2254 763 2289 mecum
800 2239 918 2289 fero
957 2242 1013 2289 et
1050 2240 1323 2291 calamum
1362 2245 1417 2290 et
1440 2242 1801 2307 pugillarem,

264 2344 332 2377 ea
369 2341 588 2391 possum
626 2322 892 2374 adnotare
930 2339 1035 2391 que
1071 2324 1162 2374 vel
1200 2326 1257 2375 in
1303 2326 1651 2377 sermonibus
1694 2345 1799 2392 pu-

262 2412 429 2462 blicis
482 2411 573 2461 vel
627 2411 686 2459 in
741 2409 1147 2461 conventiculis
1208 2409 1371 2459 audio
1431 2408 1793 2462 eruditorum.

265 2498 412 2556 Quot
438 2511 541 2559 ego
577 2495 860 2545 doctorum
887 2498 944 2545 et
967 2495 1349 2559 religiosorum
1374 2493 1796 2561 predicatione-s

262 2579 410 2626 intra
436 2577 722 2627 duodecim
749 2594 924 2629 annos
949 2577 1174 2629 audivi?
1201 2584 1332 2641 quot
1357 2577 1797 2631 admonitiones?

265 2664 399 2721 quot
435 2664 753 2710 sanctorum
790 2664 1009 2725 patrum
1047 2662 1449 2712 auctoritates?
1496 2676 1641 2725 quas
1690 2682 1797 2731 ego
