1942 3109
219 205 320 257 352
393 221 676 257 EPISTOLAE
701 221 1067 258 oBscvnonvu
1088 221 1340 259 vmonvu
1366 224 1543 263 ROVAE.

220 341 348 390 nus,
385 326 790 392 Bruxellensis,
829 331 884 378 et
915 326 972 376 id
1006 343 1177 393 genus
1212 329 1421 380 similes
1446 331 1607 397 turbe
1634 333 1729 382 ob-

221 427 380 476 scure
405 416 548 463 sunt.
607 412 710 462 Est
732 415 918 464 tamen
942 414 1135 464 mirum
1162 412 1303 478 quod
1326 429 1466 464 unus
1494 417 1730 481 simplex

220 496 444 546 studens
482 499 580 546 aut
616 501 874 547 cornutus
908 498 1031 548 vult
1065 498 1190 563 plus
1226 500 1367 549 scire
1390 500 1503 549 iam
1526 501 1585 550 in
1608 501 1732 552 Ari-

221 580 422 632 stotele
460 596 622 644 quam
655 582 1170 634 baccalaureandus
1200 586 1297 634 aut
1318 587 1731 650 magistrandus

222 667 316 730 qui
341 665 550 717 audivit
575 680 791 716 cursum
815 671 871 717 et
897 671 983 718 est
1004 669 1144 718 bene
1172 668 1543 731 qualificatus.
1612 671 1733 734 Ipsi

223 752 388 801 etiam
423 767 532 802 non
557 756 684 802 sunt
705 752 1103 803 reverentiales
1129 753 1434 819 magistris,
1474 758 1526 804 et
1550 768 1725 818 quan-

222 835 288 886 do
315 839 442 886 ante
465 851 632 887 unum
655 836 892 902 vadunt,
918 851 1028 887 non
1052 839 1288 901 tangunt
1308 837 1568 888 bii-retum
1598 835 1727 902 (sic-

220 925 283 970 ut
319 921 483 971 moris
519 921 638 987 est)
677 925 732 972 et
767 935 983 987 semper
1015 921 1209 973 volunt
1244 923 1597 987 frequentare
1632 922 1727 974 do·

222 1021 368 1055 mum
407 1009 518 1056 scis
553 989 714 1058 bene.
771 1007 958 1056 Etiam
994 1021 1103 1057 non
1129 1006 1357 1056 audiunt
1380 1006 1735 1072 Consequen-

222 1091 332 1140 tias
359 1090 595 1150 Marsilii
628 1075 806 1156 nequ'e
845 1091 1263 1156 suppositiones
1301 1095 1398 1142 aut
1431 1091 1617 1142 Parva
1654 1093 1733 1143 lo-

225 1175 459 1240 gicalia:
495 1175 620 1244 ideo
652 1192 762 1226 non
787 1179 873 1226 est
895 1176 1161 1245 possibile
1190 1175 1334 1241 quod
1356 1179 1587 1240 possunt
1612 1192 1733 1228 esse

223 1244 488 1312 fofma‘les‘
528 1251 582 1311 et
625 1247 892 1327 apparete
935 1245 1006 1316 xiu
1060 1260 1544 1326 disputationibus·
1629 1261 1738 1312 Sed

8 1387 14 1394 .
220 1344 775 1432 ,(1ἰιιζιλίίῇίηι,ιρῇᾳιες,ἰῑιείτιιικέΔ
799 1341 998 1430 scisti&
1044 1346 1202 1396 vobis
1249 1361 1345 1411 pro
1390 1346 1734 1397 novitatibus

228 1414 638 1493 quod‘ffi'sobu}
674 1424 1135 1496 Wixn‘phelingius
1170 1431 1265 1494 qui
1298 1429 1465 1480 etiam
1502 1433 1588 1480 est
1621 1445 1735 1480 me·

226 1514 346 1564 dius
397 1513 804 1578 Reuchlinista,
863 1513 1092 1582 realiter
1150 1519 1236 1565 est
1294 1513 1576 1579 expeditus
1632 1529 1733 1578 per

229 1598 499 1664 quendam
533 1598 859 1648 monachum
893 1598 1128 1648 Paulum
1162 1599 1459 1666 Langium,
1506 1598 1603 1662 qui
1645 1613 1735 1648 re·
1823 1586 1832 1594 ’

229 1685 394 1734 aliter
429 1685 593 1742 scivit
628 1683 736 1751 sibi
771 1683 956 1734 dicero
994 1683 1137 1748 quod
1170 1699 1280 1734 non
1314 1688 1465 1734 recte
1513 1682 1739 1747 scripsit

229 1771 288 1820 in
322 1785 429 1819 uno
463 1767 605 1818 libro
645 1767 739 1832 qui
773 1772 1004 1818 vocatur
1042 1767 1143 1818 ‘Do
1176 1768 1546 1834 integritate‘:
1582 1766 1737 1817 vide-

228 1853 362 1903 licet
397 1852 541 1917 quod
575 1852 812 1902 scientia
847 1869 957 1903 non
992 1856 1205 1903 tantum
1242 1857 1391 1904 esset
1416 1855 1473 1904 in
1499 1851 1739 1904 cuculla.

228 1939 366 1989 Nam
389 1937 486 1988 ille
513 1936 813 1988 monachus
841 1939 1146 2004 composuit
1170 1939 1339 1988 alium
1374 1938 1577 1988 librum
1614 1953 1743 1988 con·

230 2026 344 2088 tra,
385 2024 477 2088 qui
517 2022 600 2074 est
638 2024 977 2088 approbatus
1011 2023 1070 2072 in
1096 2021 1357 2088 Capitulo
1394 2023 1512 2073 sive
1551 2021 1742 2073 sinodo

199 2108 788 2162 -·Reinhartzbornensi
815 2108 1022 2158 ordinis
1047 2109 1231 2158 sancti
1255 2106 1563 2172 Benedicti,
1584 2106 1741 2156 Anno

231 2192 437 2243 domini
475 2189 639 2242 ,15052
680 2197 736 2242 et
769 2197 854 2242 est
885 2193 1087 2242 bonum
1122 2193 1385 2242 latinum:
1434 2192 1565 2256 quia
1600 2207 1745 2241 unus

233 2277 370 2326 dixit
415 2275 557 2342 quod
602 2279 750 2328 esset
785 2277 955 2328 ferme
990 2277 1072 2326 ita
1106 2279 1308 2328 bonum
1344 2275 1490 2327 sicut
1523 2275 1745 2326 Doctri-

234 2361 362 2412 nale
406 2359 732 2411 Alexandri:
789 2365 848 2412 et
898 2377 1001 2428 ego
1052 2361 1283 2412 multum
1336 2361 1549 2428 gaudeo
1598 2356 1746 2422 quod

236 2451 396 2497 tanta
427 2446 683 2498 latinitas
721 2447 892 2498 etiam·
915 2447 1203 2498 invenitur
1236 2447 1296 2496 in
1331 2444 1636 2496 monachis:
1687 2445 1748 2492 et

235 2529 346 2594 ipsi
387 2531 556 2580 etiam
597 2531 788 2580 dicunt
827 2531 976 2594 quod
1021 2530 1524 2596 superexcellescat
1559 2527 1752 2578 stilum

241 2613 552 2665 Ciceronis:
598 2615 695 2665 sed
743 2629 843 2681 ego
884 2616 994 2698 'poc
1038 2630 1147 2686 non
1196 2613 1426 2679 credidi,
1475 2612 1618 2679 quod
1666 2617 1755 2663 est

239 2715 350 2748 una
382 2703 514 2750 nota
554 2699 741 2750 altius.
790 2685 1171 2786 flgdssprfflst
1205 2699 1589 2749 doctrinaliter
1612 2697 1757 2747 mul-

845 2777 877 2798 ,η
998 2777 1014 2810 L
1038 2772 1049 2792 ι
