1942 3109
101 295 576 342 LAMENTATIONES
613 292 914 331 OBSGVBOB.
941 291 1246 328 ancnmn.
1274 289 1451 324 HOVAE.
1519 270 1621 322 281

107 405 191 472 (id
227 401 368 466 quod
391 405 446 450 te
471 399 680 450 Paulus
717 397 786 446 ad
813 395 1139 460 corymbion
1176 395 1363 444 facere
1399 392 1623 442 solitum

104 485 364 552 testatur)
404 484 724 550 quantotius
759 480 1109 545 transfigura.
1134 475 1157 545 ΙΙ
1183 477 1341 541 Quod
1374 477 1471 528 ubi
1506 477 1587 526 fe·
1610 472 1760 537 :iiijb

107 575 280 636 ceriS,
327 576 509 622 tecum
556 567 626 618 ad
661 567 872 616 inferos
908 563 1314 614 descendemus.
1383 560 1527 613 Vale
1562 563 1627 608 ut

103 662 266 726 potes
311 660 366 706 et
409 655 588 722 letare
645 667 767 702 cum
819 647 1153 711 Proserpina
1206 661 1373 696 uxore
1424 650 1525 694 tua
1569 647 1627 695 et

59 762 78 799 ¹)
105 744 326 796 Glauca
379 742 574 790 matre.
652 737 740 787 Ex
791 733 1165 795 Noremberga
1214 731 1387 782 Nonis
1450 742 1628 794 nuper

58 889 60 898 Ι
101 825 534 892 SeptembribuS.

827 1039 904 1090 11.

363 1127 414 1186 (Ι
456 1122 854 1186 Henricus
897 1117 1377 1186 Haversack

500 1225 869 1288 nequitiarum
902 1224 1236 1275 licenciatus

57 1329 82 1368 ο
252 1312 499 1363 Ioanni
535 1308 890 1374 Smoerpot
924 1308 1326 1375 preceptori
1362 1321 1477 1356 suo

728 1393 804 1444 .S.
841 1395 904 1444 P.
939 1393 1011 1442 D.

203 1499 312 1548 Fui
343 1511 518 1560 nuper
549 1495 834 1563 Moguntie
870 1496 930 1544 in
969 1510 1235 1546 consessu
1260 1494 1631 1546 Obscurorum
1683 1481 1697 1488 ’

96 1587 370 1646 virorum,
407 1584 604 1645 petens
642 1581 711 1631 ab
751 1582 862 1646 eiS,
907 1583 970 1630 ut
1006 1596 1105 1630 suo
1141 1597 1226 1631 me
1264 1579 1394 1632 albo
1429 1579 1630 1630 inscri-

97 1669 318 1721 berent.
401 1666 612 1727 Quibus
669 1666 962 1717 confestim
1018 1667 1393 1716 annuentibus
1442 1663 1628 1731 (pares

57 1767 80 1804 5
100 1751 251 1800 enim
288 1761 410 1795 cum
443 1751 670 1811 paribus
693 1751 964 1803 facillime
994 1749 1427 1816 congregantur)
1452 1755 1629 1802 artem

99 1847 190 1883 me
228 1829 384 1894 prius
417 1829 798 1884 histrionicam
834 1851 1095 1888 exercere
1130 1835 1415 1887 volebant.
1485 1836 1627 1885 Vino

98 1919 300 1976 itaque
346 1916 603 1962 naturam
647 1931 756 1966 non
799 1935 995 1982 parum
1030 1920 1361 1984 adiuvante,
1409 1923 1627 1982 tantum

101 1998 312 2050 ceteris
351 1996 620 2048 Obscuris
655 2000 713 2047 in
746 2001 856 2050 hac
901 2006 1021 2052 arte
1066 2006 1311 2072 prestiti,
1359 2009 1627 2069 quantum

97 2085 263 2136 asino
298 2097 500 2149 porcus
539 2082 610 2132 ad
635 2081 902 2132 edendum
926 2089 1233 2138 antecellit.
1274 2091 1626 2156 Quapropter

57 2183 214 2222 Jnon
271 2184 495 2233 possum
537 2167 800 2219 Liberum
853 2172 1069 2232 patrem
1124 2170 1307 2234 (quem
1348 2175 1627 2226 Bacchum

99 2252 208 2302 alii
245 2253 555 2319 appellant)
593 2270 706 2305 non
742 2253 1001 2317 laudare,
1053 2259 1109 2304 et
1142 2257 1201 2305 in
1238 2257 1414 2324 celum
1450 2272 1625 2324 usque

97 2334 404 2400 extollere,
443 2339 538 2400 qui
571 2355 654 2390 me
691 2339 924 2389 infinitis
962 2338 1245 2396 exolutum,
1276 2343 1449 2406 curis,
1485 2359 1625 2394 sem-

93 2437 199 2488 per
245 2420 419 2487 letum
465 2437 584 2472 esse
629 2425 751 2475 vult
795 2429 852 2476 et
884 2428 1079 2475 ventre
1127 2424 1443 2476 distentum.
1515 2428 1627 2479 Ubi

95 2509 248 2558 enim
287 2505 420 2570 quid
457 2510 545 2556 est
577 2507 713 2572 vini,
749 2510 898 2560 haud
935 2526 1113 2574 cess0,
1152 2525 1439 2575 quousque
1474 2515 1625 2563 totus

57 2606 75 2643 3
99 2595 192 2641 est
239 2590 496 2656 gurgulio
542 2607 818 2658 pregnans
865 2597 935 2646 ab
984 2597 1091 2646 imo
1140 2599 1194 2646 et
1229 2600 1383 2646 trans
1420 2597 1621 2664 gulam.

95 2676 200 2726 Sin
249 2678 530 2742 paucitas,
576 2676 670 2728 vel
715 2676 896 2730 lambo
941 2682 1033 2732 vel
1078 2681 1257 2748 lingo,
1318 2680 1445 2732 dum
1490 2682 1625 2734 odor

93 2774 282 2824 sagax
329 2762 462 2812 olet.
531 2761 606 2813 At
649 2778 758 2814 non
805 2760 890 2828 (ut
935 2771 1021 2817 est
1064 2768 1343 2832 plerisque
1388 2766 1527 2834 mos)
1564 2769 1623 2820 in
