1942 3109
177 257 236 303 43.
250 260 379 300 orn.
393 258 894 297 rmnszxmnmm.
913 252 1148 298 uma-’rm
1160 260 1229 295 nn
1244 258 1561 301 womwru.
1580 240 1680 295 297

174 370 230 419 in
271 366 572 417 Audientia.
619 366 690 415 ab
735 381 842 416 uno
886 365 1144 429 Notario,
1202 367 1299 430 qui
1349 364 1513 417 debet
1557 381 1678 417 esse

175 454 454 519 perfectus
491 452 550 500 in
585 450 692 499 tali
727 454 871 515 arte,
917 450 1061 515 quod
1103 451 1211 501 iste
1255 450 1399 500 liber
1436 455 1519 501 est
1554 452 1678 503 fons

174 538 409 605 poeti-ie,
451 540 508 587 et
543 538 706 585 autor
741 536 857 585 eius
893 537 991 600 qui
1020 538 1255 587 vocatur
1286 536 1554 587 Homerus
1594 542 1681 587 est

177 627 330 689 pater
361 622 604 673 omnium
637 624 946 684 poetarum:
996 624 1053 671 et
1088 619 1229 669 dixit
1264 619 1410 683 quod
1456 623 1541 669 est
1586 621 1677 671 ad-

174 708 278 758 huc
325 708 471 758 alius
506 704 778 755 Homerus
824 706 882 754 in
927 722 1109 774 greco.
1184 709 1317 755 tuno
1362 704 1503 755 dixi:
1550 706 1681 770 quid

170 794 302 843 mihi
337 806 461 842 eum
497 792 695 855 greco?
739 788 836 841 ille
873 792 1109 841 Latinus
1146 794 1231 841 est
1276 790 1498 841 melion
1546 791 1679 855 quia

169 878 296 929 volo
343 890 467 926 eum
511 874 572 923 in
611 872 922 925 Almaniam
964 876 1184 925 mittere
1230 874 1501 941 Magistro
1552 875 1679 927 Ort—

170 964 328 1027 vino,
366 961 461 1025 qui
493 975 606 1010 non
641 964 802 1009 curat
835 959 967 1008 illas
1008 973 1203 1023 grecas
1238 960 1549 1010 fantasias'.
1606 962 1681 1012 Et

175 1046 512 1109 interrogavi
557 1058 681 1095 eum
717 1042 870 1107 ‘quid
905 1043 1219 1093 continetur
1254 1042 1313 1091 in
1346 1042 1453 1092 tali
1484 1043 1679 1094 libro?

168 1129 474 1195 Respondit
517 1128 661 1194 quod
703 1132 914 1178 tractat
949 1126 1017 1177 de
1056 1126 1382 1191 quibusdam
1415 1126 1551 1177 viris
1588 1130 1681 1191 qui

166 1218 443 1268 vocantur
477 1214 670 1279 Greeiz
708 1215 804 1277 qui
835 1212 1193 1263 bellaverunt
1228 1226 1350 1263 eum
1386 1212 1513 1262 aliis
1545 1212 1681 1263 viris

169 1302 266 1366 qui
298 1302 571 1352 vocantur
605 1299 858 1363 Troiani,
907 1312 1045 1363 quos
1092 1298 1261 1348 etiam
1306 1295 1495 1348 audivi
1530 1298 1681 1363 prius

168 1386 470 1436 nominare.
529 1384 604 1433 Et
635 1385 734 1434 isti
769 1384 999 1434 Troiani
1030 1385 1347 1435 habuerunt
1378 1396 1543 1433 unam
1566 1398 1681 1433 ma·

172 1454 336 1536 gnam
359 1468 684 1533 Civitatem,
723 1472 778 1519 et
812 1466 900 1520 illi
926 1469 1093 1536 Greci
1116 1470 1418 1535 posuerunt
1452 1482 1510 1519 se
1549 1471 1677 1520 ante

169 1556 471 1607 Civitatem
515 1557 572 1605 et
613 1555 904 1605 iacuerunt
935 1556 1018 1605 ibi
1050 1557 1191 1606 bene
1226 1570 1262 1605 x
1300 1566 1498 1605 annos:
1543 1557 1679 1605 tune

166 1641 400 1693 Troiani
433 1638 730 1701 aliquando
769 1642 1056 1691 exiverunt
1090 1639 1160 1689 ad
1196 1654 1320 1703 eos,
1366 1643 1423 1689 et
1454 1654 1677 1704 pereus-

165 1726 366 1778 serunt
391 1736 452 1772 se
475 1721 698 1773 realiter
735 1738 856 1773 oum
890 1724 1055 1789 ipsis,
1094 1727 1151 1773 et
1183 1724 1584 1773 interfecerunt
1616 1740 1677 1774 se

165 1807 501 1861 mirabiliter
537 1808 607 1859 ad
640 1810 904 1872 invicem,
949 1808 1035 1857 ita
1080 1808 1224 1872 quod
1258 1812 1405 1858 totus
1442 1802 1678 1873 Campus

170 1893 556 1957 sanguinavit:
593 1898 650 1943 et
683 1894 792 1944 fuit
826 1893 907 1943 ibi
941 1893 1174 1959 quedam
1211 1908 1383 1957 aqua,
1432 1904 1537 1960 que
1574 1893 1681 1942 fuit

170 1978 420 2029 colorata
455 1994 552 2044 per
585 1981 910 2043 sanguinem
945 1982 1002 2027 et
1034 1979 1145 2028 fuit
1178 1992 1276 2041 per
1308 1982 1483 2027 totum
1530 1978 1678 2028 rubiss

167 2067 324 2127 eata,
372 2064 456 2113 ita
492 2062 635 2126 quod
667 2064 827 2113 fluxit
862 2062 1009 2112 sieut
1046 2062 1095 2111 si
1132 2066 1279 2111 esset
1322 2062 1578 2125 sanguise
1626 2065 1681 2111 et

169 2150 380 2199 elamor
433 2146 762 2199 audiebatur
815 2150 871 2197 in
921 2146 1083 2215 cele,
1143 2148 1199 2196 et
1252 2161 1391 2197 unus
1446 2146 1682 2212 proieeIt

167 2246 338 2283 unum
383 2229 622 2294 lapidem
667 2246 825 2295 quem
869 2248 956 2283 xu
999 2232 1108 2283 viri
1152 2248 1261 2284 non
1307 2236 1531 2299 possent
1568 2233 1679 2284 ele·

167 2332 333 2378 vare,
384 2316 440 2364 et
485 2328 626 2363 unus
671 2332 842 2380 equus
877 2318 1087 2382 incepit
1122 2318 1277 2381 loqui
1300 2312 1369 2367 'et
1401 2317 1680 2383 propheti-

171 2402 340 2453 zavit.
403 2396 514 2448 Sed
547 2412 656 2447 non
691 2402 852 2452 eredo
886 2402 1056 2465 talia,
1094 2403 1225 2466 quia
1257 2401 1516 2451 videntur
1548 2402 1683 2451 mihi

169 2481 570 2553 impossibilia:
609 2488 666 2533 et
697 2488 883 2537 tamen
917 2488 1105 2537 neseio
1143 2500 1215 2534 an
1248 2485 1382 2534 talis
1418 2484 1563 2537 liber
1596 2491 1682 2537 est

169 2571 398 2621 multum
435 2569 766 2621 autenticus.
836 2571 989 2634 Rogo
1032 2570 1293 2621 son-ibatis
1327 2569 1460 2619 mihi
1492 2570 1559 2620 de
1596 2586 1680 2635 eo,

172 2660 226 2707 et
259 2655 490 2706 faciatis
523 2670 610 2705 me
649 2668 980 2720 cognoscere
1018 2652 1148 2718 quid
1180 2655 1401 2704 tenetis.
1460 2654 1534 2703 Et
1558 2668 1681 2704 eum

168 2741 274 2792 hoo
307 2739 528 2792 Valete.
598 2738 808 2789 Datum
839 2738 1024 2801 Rome.
1666 2749 1670 2753 ·
