1942 3109
351 237 451 289 298
521 253 989 290 LAURRTATIONES
1026 251 1347 290 OBSCVBOB·
1378 255 1713 292 nnvcnnut.
1738 257 1846 292 80ῒέ

1067 444 1154 493 22.

711 531 763 590 1[
805 527 1205 592 Henricus
1250 527 1548 592 iunior

825 629 1251 696 Pigmalioni
1287 646 1413 680 suo

987 715 1041 765 S.
1078 715 1143 768 P.
1180 715 1252 764 D.

523 819 764 885 Rumpor
817 822 875 868 et
927 833 1026 868 ora
1078 817 1215 866 mihi
1268 819 1503 882 pariter
1554 837 1685 872 eum
1726 825 1846 870 mette¹

893 904 1238 965 tumescunt,

597 991 943 1052 Pectoraque
979 986 1211 1037 inclusis
1250 986 1497 1051 ignibus
1533 995 1661 1041 usta
1692 989 1837 1039 dolent.

362 1075 530 1125 Miror
579 1079 635 1125 te
680 1074 952 1126 hominem
1000 1070 1267 1122 audacem
1316 1087 1389 1121 ac
1442 1074 1617 1138 plane
1658 1079 1839 1122 temera·

361 1161 503 1209 rium
550 1159 739 1208 urbem
785 1159 1090 1224 ingressum
1126 1154 1537 1223 Trebericam,
1576 1156 1725 1222 quiin
1752 1167 1829 1199 no-

363 1245 493 1293 stris
529 1244 805 1309 scripsisti
843 1241 1095 1308 epistolis
1131 1237 1344 1288 Christi
1388 1245 1647 1293 tunicam
1676 1241 1837 1291 vestem

367 1343 488 1378 esse
526 1328 812 1390 antiquam
850 1330 907 1375 et
940 1323 1337 1390 pediculosam.
1386 1324 1575 1378 Recte
1610 1329 1757 1393 igitur
1772 1322 1846 1371 tibh

362 1412 570 1461 Insano
616 1426 839 1475 nomen,
887 1411 983 1473 qui
1030 1423 1197 1460 sanus
1245 1421 1662 1475 nonnunquam
1690 1415 1829 1460 tantm

363 1494 648 1544 incurristi
683 1493 975 1542 insaniam.
1044 1493 1379 1556 Revertere,
1415 1493 1754 1560 Pigmalion‚
1774 1504 1844 1540 ¹2·⁴

361 1579 607 1641 vertere,
653 1592 724 1628 ne
771 1576 1024 1627 carnifex
1058 1576 1183 1626 illie
1218 1578 1636 1642 sanguinarius
1670 1587 1723 1632 te
1747 1545 1844 1640 supi-¹

365 1677 493 1712 num
527 1661 586 1711 in
621 1663 835 1712 furcam
871 1659 1195 1725 suspendat.
1258 1661 1419 1724 Quod
1458 1667 1663 1716 autem
1696 1665 1749 1714 de
1774 1661 1844 1710 Ab<

367 1746 543 1800 derite
597 1745 924 1812 philosopho
986 1745 1290 1811 scripsisti,
1349 1761 1467 1796 non
1522 1763 1744 1813 possum
1778 1757 1836 1794 mv:

366 1835 623 1899 probare.
704 1832 958 1898 plerique
1018 1834 1205 1881 tamen
1265 1827 1352 1893 (ut
1413 1831 1611 1897 audio)
1677 1830 1835 1882 credunt

368 1919 571 1984 magis,
609 1917 763 1969 illum
800 1918 850 1966 si
886 1916 956 1965 ab
993 1914 1189 1964 inferis
1224 1919 1520 1980 resurgat,
1560 1917 1722 1967 nobis
1750 1911 1843 1962 deri·

369 2006 457 2056 sui
491 2002 840 2066 ludibrioque
876 2001 1142 2063 futurum,
1180 2013 1562 2062 novorumque
1600 1999 1745 2050 simul
1774 1995 1845 2043 eri-

370 2089 577 2138 minum
630 2087 921 2137 materiam
967 2085 1337 2152 prebiturum,
1398 2085 1605 2148 utpote
1658 2081 1737 2148 qui
1766 2092 1845 2143 pro

370 2176 560 2224 nostra
595 2171 910 2222 inveterata
932 2169 1165 2221 libidine
1200 2171 1255 2218 et
1288 2165 1525 2218 malicia
1560 2181 1769 2234 prorsus
1794 2165 1845 2212 in·

371 2257 490 2306 dies
533 2253 805 2304 infinitum
842 2256 1229 2314 excrescente,
1280 2263 1387 2299 non
1434 2253 1623 2304 solum
1662 2249 1843 2304 stultitia

374 2346 430 2394 et
466 2339 782 2393 temeritate
830 2341 1023 2390 nostra
1072 2335 1317 2389 contenti
1359 2347 1581 2401 sumus,
1646 2338 1740 2390 sed
1770 2349 1843 2402 pru‘

373 2427 618 2480 dentiam
653 2439 900 2490 quoque,
937 2424 986 2472 si
1024 2423 1121 2486 qui
1153 2419 1448 2487 prudentes
1485 2423 1638 2486 sint,
1688 2423 1842 2489 sapien·

371 2515 617 2572 tiamque
664 2509 1088 2569 contemnimuS,
1138 2510 1193 2555 et
1236 2517 1464 2568 quorum
1498 2510 1694 2558 vereri
1738 2508 1843 2558 debe*

442 2722 464 2752 ⁹
499 2722 782 2770 Tebericfi.
809 2723 859 2767 2.
