1942 3109
215 234 316 285 366
392 249 678 283 nms'romss
706 249 1075 284 oBscvnonvn
1102 247 1354 282 vmonvu
1380 246 1559 282 novin.

319 352 494 403 Credo
533 352 677 417 quod
712 354 854 403 bene
894 352 1254 402 intellexistis
1280 367 1405 414 me,
1445 355 1503 400 et
1526 351 1633 417 hec
1659 356 1744 402 est

215 439 456 488 veritas:
505 441 562 488 et
608 438 872 504 prohibeo
916 438 1078 488 vobis
1126 441 1182 486 et
1228 437 1451 486 coniuro
1497 451 1599 486 vos
1646 453 1743 501 per

213 524 478 574 virtutem
514 523 754 572 omnium
778 523 1138 572 scientiarum
1166 520 1571 585 prohibitarum
1598 521 1743 584 quod

217 608 488 657 neminem
514 606 784 657 doceatis.
845 607 918 655 Et
954 607 1039 655 sic
1062 605 1261 657 Valete
1302 621 1368 655 ex
1404 605 1741 670 Ruprechts·

215 709 327 743 owx
364 695 422 742 in
456 693 614 743 brevi
649 692 810 757 plura
847 691 1219 755 expectabitis
1256 705 1290 738 a
1325 705 1410 738 me
1450 693 1508 738 et
1531 689 1742 740 maiora

215 778 264 827 si
299 777 402 826 illa
437 777 754 842 placuerint
786 775 966 826 vobis·

671 1029 756 1081 66.
808 1027 1169 1095 [Appendieis
1206 1024 1283 1092 4.]

219 1131 613 1213 Magister
657 1129 1006 1192 Abraam
1052 1127 1289 1190 Isaac
1335 1125 1427 1188 de
1484 1128 1745 1210 stirpe

748 1227 1203 1292 Aminadab

503 1334 843 1399 Magistro
883 1332 1174 1382 Ortvino
1213 1331 1451 1381 Gratio

843 1415 1113 1466 Salutem.

318 1536 592 1586 Malarum
627 1537 1007 1599 bonarumque
1046 1537 1247 1586 artium
1274 1535 1545 1585 altissime
1571 1538 1748 1601 magi-

218 1625 360 1672 ster:
398 1622 544 1670 sciat
577 1620 876 1671 dominatio
911 1625 1103 1671 vestra
1142 1621 1285 1684 quod
1322 1637 1424 1685 ego
1460 1620 1586 1670 volo
1634 1621 1749 1671 iam

220 1706 554 1756 satisfacere
591 1705 875 1770 promissis
913 1706 1077 1769 meiS‚
1128 1706 1261 1769 quia
1308 1706 1534 1770 promisi
1579 1721 1751 1768 super

218 1793 463 1841 vestram
507 1791 831 1855 petitionem
879 1789 1099 1852 quando
1148 1805 1181 1838 a
1215 1790 1374 1840 vobis
1421 1788 1627 1840 recessi
1676 1805 1750 1838 ex

221 1875 480 1940 Colonia,
508 1875 654 1938 quod
675 1875 804 1926 volo
829 1875 989 1925 vobis
1017 1875 1277 1924 continue
1303 1875 1583 1924 novitates
1608 1874 1751 1923 scri-

217 1962 367 2011 bere.
451 1962 524 2010 Et
568 1963 698 2010 ante
745 1961 929 2009 omnia
975 1959 1216 2009 libenter
1262 1958 1546 2008 haberetis
1602 1959 1755 2021 quod

219 2045 565 2096 notificarem
610 2046 770 2096 vobis
817 2044 884 2094 de
932 2043 1032 2093 illo
1070 2046 1255 2093 astuto
1290 2042 1501 2093 Iurista
1536 2042 1754 2094 Ioanne

218 2131 516 2195 Reuchlin,
567 2145 688 2179 cum
735 2143 841 2192 quo
878 2129 1146 2193 magister
1178 2130 1370 2177 noster
1405 2126 1643 2177 Iacobus
1680 2127 1757 2178 de

217 2214 524 2265 Hochstrat
557 2213 788 2262 multum
823 2213 997 2262 habet
1030 2213 1090 2260 in
1127 2211 1295 2261 Curia
1330 2215 1553 2276 propter
1588 2210 1759 2261 fidem

217 2298 588 2348 tractandum.
656 2297 780 2346 Hoc
829 2312 932 2361 ego
979 2296 1107 2346 volo
1143 2297 1334 2346 facere
1372 2312 1437 2346 ex
1474 2296 1767 2361 singulari

219 2383 537 2434 dilectione.
597 2382 754 2432 Tunc
790 2382 987 2431 sciatis
1025 2381 1199 2446 primo
1226 2377 1385 2444 (quia
1412 2396 1514 2445 ego
1540 2381 1610 2430 ab
1639 2382 1761 2430 ori-

219 2469 347 2533 gine
383 2467 570 2516 mundi
603 2467 762 2518 vobis
799 2467 985 2516 omnia
1021 2464 1305 2531 pandam.)
1370 2462 1603 2528 Quando
1642 2481 1760 2530 ego

217 2551 423 2601 recessi
473 2553 533 2599 in
568 2550 763 2600 diebus
803 2549 1235 2601 canicularibus
1270 2565 1465 2600 versus
1499 2549 1763 2615 Romam,

218 2639 280 2684 ut
314 2635 458 2684 bene
495 2635 682 2698 scitiS‚
719 2638 856 2684 tunc
892 2635 1105 2685 nullam
1140 2635 1403 2684 maiorem
1428 2633 1763 2698 passionem

217 2719 390 2770 habui
415 2733 581 2783 super
604 2722 781 2769 totam
802 2720 983 2784 viam,
1019 2720 1128 2769 nisi
1164 2719 1309 2785 quod
1345 2719 1585 2770 maxime
1622 2719 1765 2772 siti-
