1942 3109
285 238 384 288 122
543 251 834 287 nns'romn
870 251 1236 288 onscvnonvu
1272 251 1545 286 vmonvx.

288 356 359 406 ad
404 349 592 407 salvos
638 357 768 406 deos
815 373 881 407 ex
929 357 1166 420 abrupto
1210 357 1454 406 occurrit
1498 355 1558 406 in
1603 371 1814 407 memo-

283 443 448 505 riam,

357 525 690 578 Conticuere
726 541 912 578 omnes
949 527 1265 590 intentique
1302 541 1398 577 ora
1434 517 1734 588 tenebant;

287 625 450 674 quem
483 627 702 662 versum
739 611 918 662 adhuc
963 611 1144 662 habeo
1191 612 1251 662 in
1298 613 1511 662 recenti
1557 611 1819 662 conside—

287 697 536 760 ratione,
586 697 720 758 quia
755 712 854 748 vos
893 713 1015 747 cum
1052 698 1399 761 exposuistis
1425 696 1588 746 nobis
1624 697 1819 762 Virgi-

288 781 422 831 lium
471 783 528 829 in
563 779 820 852 Eneidis,
866 785 1001 832 tunc
1050 783 1207 846 pinxi
1254 782 1324 831 ad
1370 781 1527 832 illum
1570 797 1820 844 versum,

285 870 350 914 ut
407 866 653 917 facerem
699 867 832 916 mihi
878 867 1218 918 locationem
1262 869 1321 916 in
1363 867 1509 918 libro
1554 881 1676 918 meo
1732 884 1817 918 se-

291 950 529 1000 cundum
566 951 711 1016 quod
745 952 994 1002 iussistis
1031 943 1150 1016 nob,
1186 966 1354 1001 unum
1388 952 1567 1001 virum
1593 953 1689 1014 qui
1714 953 1819 1003 ha—

287 1035 386 1086 bet
423 1036 729 1086 claustrum
765 1037 823 1084 in
857 1051 970 1087 ore.
1046 1035 1141 1086 Sic
1180 1051 1309 1101 ergo
1346 1037 1459 1086 iam
1484 1037 1691 1101 optime
1721 1053 1821 1089 ve-

287 1122 373 1170 nit
407 1120 478 1172 ad
524 1115 894 1186 propositum,
943 1135 1067 1171 cum
1110 1121 1209 1170 ille
1256 1119 1596 1172 scientificus
1644 1123 1822 1173 etlam

289 1207 365 1255 sit
397 1210 566 1270 poeta
601 1210 664 1254 ut
698 1206 808 1270 ipsi
841 1205 1053 1255 dicunt.
1128 1207 1345 1271 Quippe
1382 1219 1505 1256 cum
1540 1207 1625 1256 sic
1659 1209 1821 1258 tace-

290 1305 470 1340 remus
503 1291 772 1353 invicem,
810 1291 1047 1355 ipsemet
1080 1291 1293 1355 incepit
1326 1305 1525 1356 magno
1561 1291 1821 1358 preludio

289 1376 682 1426 sermonisare:
743 1389 858 1440 ego·
891 1391 1023 1426 vero
1068 1391 1179 1425 non
1222 1375 1505 1440 intellexi,
1566 1376 1657 1426 vel
1704 1393 1822 1428 non

290 1475 412 1510 sum
448 1477 516 1510 ex
550 1460 827 1526 legittimo
863 1460 1023 1512 thoro
1059 1463 1253 1525 natus,
1298 1461 1522 1511 unicum
1565 1462 1819 1526 verbum,

291 1545 424 1608 quia
450 1545 623 1595 habet
645 1548 761 1594 tam
786 1559 1016 1609 parvam
1038 1561 1261 1596 vocem:
1282 1535 1433 1611 ‘puto
1458 1549 1642 1596 autem
1668 1547 1819 1609 quod

289 1631 398 1680 fuit
435 1646 502 1679 ex
538 1623 854 1694 theologia:
903 1634 960 1680 et
994 1629 1101 1680 hoc
1147 1631 1286 1680 fecit
1328 1634 1391 1679 ut
1426 1617 1603 1696 possit
1638 1635 1818 1682 attra-

289 1715 420 1764 here
455 1714 616 1764 illum
662 1715 987 1779 magistrum
1030 1705 1308 1778 nostrum,
1353 1715 1531 1765 virum
1578 1717 1818 1768 maxime

290 1799 618 1864 profundum
654 1801 712 1848 in
746 1789 1060 1864 theologia,
1110 1801 1205 1863 qui
1254 1787 1540 1850 nobiscum
1584 1799 1821 1852 sedebat

291 1885 350 1935 in
389 1875 712 1934 collatione.
787 1885 1044 1946 Quinimo
1082 1899 1204 1934 cum
1229 1883 1503 1936 finivisset
1526 1885 1666 1935 illud
1690 1901 1819 1954 pre-

288 1969 524 2032 ludium,
569 1973 702 2018 tunc
746 1969 958 2034 incepit
1002 1971 1270 2034 magister
1304 1971 1495 2020 noster
1527 1969 1820 2035 disputare

290 2053 654 2104 subtilissime
689 2052 756 2104 de
794 2057 922 2104 ente
961 2057 1017 2104 et
1054 2055 1327 2119 essencia,
1366 2053 1511 2119 quod
1546 2070 1657 2104 non
1680 2071 1821 2120 opus

295 2143 382 2188 est
418 2139 530 2188 iam
567 2142 846 2204 repetere,
885 2139 1018 2202 quia
1052 2139 1197 2189 bene
1232 2127 1623 2205 pertractastis
1659 2139 1820 2189 illam

291 2224 600 2273 materiam.
673 2223 778 2273 Illo
813 2222 970 2273 finito
1008 2211 1451 2288 ipserespondit
1472 2225 1670 2288 paucis
1693 2239 1817 2275 ver-

291 2308 404 2358 bis:
451 2312 584 2358 tunc
628 2309 826 2358 iterum
871 2324 1061 2358 omnes
1106 2295 1418 2358 tacuerunt.
1490 2307 1649 2358 Tunc
1686 2325 1819 2374 ergo

286 2393 492 2458 'hospes
528 2397 718 2443 noster
753 2395 849 2458 qui
885 2397 972 2444 est
1005 2394 1183 2445 bonus
1219 2385 1563 2458 humanista‚
1602 2395 1819 2458 incepit

293 2477 528 2544 quedam
573 2477 758 2528 dicere
801 2495 867 2529 ex
913 2479 1161 2543 poetria,
1206 2477 1304 2527 ubi
1349 2477 1605 2528 laudavit
1648 2478 1818 2529 valde

294 2561 556 2630 cesarem
581 2563 783 2614 Iulium
817 2564 877 2613 in
913 2564 1029 2612 suis
1066 2563 1289 2627 scriptis
1327 2566 1383 2612 et
1420 2563 1589 2612 etiam
1624 2563 1817 2612 factiS.

293 2647 544 2713 profecto
593 2663 715 2698 cum
760 2649 867 2698 hoc
915 2646 1281 2710 audivissem,
1330 2651 1451 2697 erat
1494 2648 1629 2698 mihi
1674 2649 1817 2699 bene

295 2731 642 2797 adiuvatum‚
695 2735 827 2797 quia
873 2733 1051 2783 multa
1098 2732 1210 2798 legi
1247 2736 1303 2782 et
1340 2732 1529 2784 audivi
1564 2734 1622 2782 in
1659 2734 1818 2798 poesi
