1942 3109
253 215 349 266 132
502 229 795 264 nprsToLAE
833 229 1203 266 onscvnonvm
1239 227 1510 264 vmonvu.

251 335 606 400 compilasset
647 349 850 385 novum
896 334 1097 384 librum
1144 349 1305 398 quem
1351 333 1666 384 intitulavit
1718 337 1783 386 in

247 421 424 472 latino
461 419 870 471 ‘Defensorium
892 419 1157 470 Iohannis
1183 419 1536 470 Pfefferkorn
1573 423 1781 470 eontra

245 506 549 557 Iohannem
583 505 890 569 Reuohlin’,
937 507 996 554 in
1042 520 1150 569 quo
1197 507 1421 554 enarrat
1464 507 1639 554 totum
1687 507 1778 556 fa-

248 595 396 641 ctum
433 607 466 640 a
501 590 775 657 principio
822 605 998 653 usque
1046 589 1117 638 ad
1161 589 1351 639 finem:
1399 604 1561 653 quem
1605 590 1779 640 libel-

247 677 359 726 lum
405 676 808 726 theutonisavit
863 675 1049 724 etiam.
1124 673 1261 724 Cum
1306 689 1408 740 ego
1452 674 1558 725 hoe
1614 675 1777 725 audi-

247 762 482 823 vissem,
521 759 635 809 dixi
672 758 816 823 quod
851 775 960 808 non
999 763 1148 809 esset
1182 773 1402 823 verum,
1441 759 1778 825 simpliciter

246 847 378 909 quia
424 859 525 910 ego
573 839 714 894 nihil
759 844 959 894 scirem
1004 843 1072 894 <le
1119 844 1226 894 hae
1270 857 1359 893 re:
1420 847 1477 894 et
1520 845 1571 894 si
1613 844 1778 908 feeit,

244 935 378 980 tune
413 945 513 994 per
547 926 708 978 deum
744 927 1069 980 scandalum
1108 933 1215 992 est,
1254 927 1401 992 quod
1434 944 1521 980 me
1556 943 1665 977 non
1689 930 1775 979 fe-

248 1016 326 1064 cit
362 1017 600 1075 certum,
649 1016 705 1062 et
749 1016 937 1064 tamen
983 1015 1135 1078 prius
1180 1029 1395 1078 semper
1429 1030 1515 1064 me
1554 1013 1780 1064 consul-

245 1099 408 1150 tavit.
481 1097 656 1148 Credo
694 1097 839 1161 quod
872 1099 995 1164 ipse
1029 1099 1141 1148 iam
1167 1114 1275 1148 non
1298 1098 1621 1150 recordatur
1644 1102 1779 1162 mei,

248 1200 370 1234 cum
413 1198 535 1233 sum
579 1182 853 1234 infirmus:
914 1184 965 1233 si
1010 1200 1096 1234 me
1142 1185 1576 1249 interrogasset,
1639 1188 1781 1234 tune

245 1269 507 1318 dixissem
553 1281 662 1316 uno
709 1267 868 1316 modo
903 1267 1255 1333 satisfuisse,
1304 1270 1435 1332 quia
1471 1269 1589 1318 scio
1628 1270 1779 1332 quod

245 1351 540 1404 scribendo
575 1349 717 1400 nihil
754 1353 1142 1415 acquiremus:
1180 1369 1309 1404 nam
1331 1353 1604 1404 Reuohlin
1630 1369 1777 1404 sem-

243 1455 343 1505 per
385 1437 700 1488 restimulat
745 1436 890 1500 quod
937 1437 1111 1487 habet
1156 1437 1455 1488 diabolum.
1530 1437 1591 1488 Si
1638 1455 1777 1504 ergo

242 1524 324 1573 ita
373 1525 490 1584 est,
549 1525 684 1570 tune
730 1523 858 1585 peto
905 1520 1233 1586 diligenter,
1292 1527 1357 1572 ut
1414 1537 1524 1574 non
1570 1522 1779 1588 faciat,

245 1607 377 1672 quia
421 1621 521 1658 vos
568 1605 809 1671 potestis
857 1605 1125 1670 impedire
1172 1611 1441 1672 tanquam
1491 1611 1782 1659 corrector

243 1707 464 1743 suorum
510 1691 790 1740 librorum.
863 1689 1115 1742 Secundo
1162 1691 1351 1743 audivi
1390 1693 1579 1756 etiam,
1614 1694 1782 1756 tquod

243 1785 354 1828 non
389 1780 502 1826 tam
535 1775 891 1827 vehementer
925 1775 1107 1839 dolui,
1154 1789 1257 1826 vos
1302 1774 1552 1828 lardasse
1588 1779 1774 1828 ancil-

241 1864 354 1913 lam
393 1860 538 1925 (eum
573 1861 868 1911 honestate
905 1860 1055 1926 dico)
1104 1861 1373 1924 Quentels
1418 1863 1775 1926 impresseris

245 1951 302 1998 et
345 1947 548 1996 fecisse
595 1945 704 1995 sibi
747 1959 914 1995 unum
960 1961 1217 2010 puerum:
1268 1950 1435 2009 atquo
1480 1949 1545 1996 ut
1578 1961 1772 1998 verum

243 2033 342 2081 sits
379 2034 512 2080 tune
547 2031 668 2095 ipse
706 2029 858 2081 dedit
891 2028 1003 2081 sibi
1036 2031 1261 2082 veniam
1296 2034 1353 2080 et
1372 2045 1484 2080 non
1506 2029 1630 2080 vult
1650 2033 1778 2094 pati

244 2116 482 2182 amplius
519 2116 578 2165 in
611 2115 798 2180 dom0‚
849 2119 908 2165 et
951 2116 1063 2166 iam
1109 2119 1197 2164 est
1240 2116 1301 2164 in
1335 2115 1561 2181 propria
1594 2113 1775 2179 dome,
1828 2144 1834 2147 -

245 2205 301 2251 et
335 2201 477 2250 facit
512 2201 791 2264 antiquas.
813 2200 1037 2250 tunicas
1072 2213 1263 2251 novas.
1335 2199 1475 2251 Peto
1509 2215 1611 2251 vos
1644 2215 1776 2264 pro-

242 2289 366 2350 pter
400 2284 702 2334 maximam·
733 2284 1064 2335 charitatem
1101 2297 1265 2348 quam
1301 2284 1594 2336 habuimus
1631 2299 1776 2336 sem-

243 2385 341 2435 per
377 2369 730 2432 alternatim,
779 2373 842 2419 ut
875 2369 1069 2420 velitis
1103 2369 1237 2418 mihi
1271 2369 1382 2420 hoe⁴
1414 2369 1661 2420 seribere
1701 2385 1776 2419 an·

243 2455 320 2505 sit
351 2453 443 2504 vel
477 2469 614 2517 non,
664 2455 798 2518 quia
851 2469 952 2520 ego
1000 2454 1243 2504 libenter
1276 2453 1481 2504 vellem
1517 2469 1639 2504 eam
1674 2453 1774 2504 diu

243 2539 629 2603 supposuissez—
675 2539 772 2590 sed
807 2543 994 2588 tamen
1028 2554 1139 2589 non
1172 2539 1327 2590 volui
1372 2539 1589 2602 facere,
1638 2538 1779 2602 quia

242 2623 504 2674 timebam
539 2623 686 2687 quod
723 2627 872 2674 esset
907 2624 1089 2674 adhuc
1124 2625 1299 2690 virgo.
1374 2623 1435 2674 Si
1470 2626 1657 2674 autem
1692 2624 1779 2674 ita

245 2711 345 2774 sit,
384 2708 530 2773 quod
563 2722 663 2760 vos
699 2709 938 2773 feo-istis,
976 2712 1109 2760 tunc
1146 2709 1195 2760 si
1228 2710 1465 2774 potestis
1500 2709 1648 2774 patir
1674 2723 1779 2760 vo-
