1942 3109
269 245 370 298 336
444 258 733 296 annomi-
758 259 1123 298 osscvaoavu
1145 259 1398 297 vraoavu
1422 261 1598 300 novin.

269 366 327 416 in
370 365 576 433 Greco,
628 367 861 416 vocatus
901 363 1171 415 Ricardus
1226 364 1459 431 Crocus,
1519 372 1577 419 et
1626 375 1773 424 venit

273 467 340 502 ex
363 450 582 516 Anglia.
643 465 744 515 ego
779 448 894 498 dixi
927 464 1127 514 nuper:
1166 448 1445 515 ‘Diabole,
1482 456 1640 508 venit
1670 459 1771 510 iste

274 552 340 586 ex
363 535 601 601 Anglia‘?
637 534 756 600 Ego
795 534 954 584 credo
994 533 1136 598 quod
1170 535 1220 584 si
1254 540 1402 586 esset
1436 552 1579 590 unus
1615 548 1775 607 poeta

271 621 353 671 ibi
369 621 465 671 ubi
483 621 639 686 piper
665 619 893 683 crescit,
919 620 1038 685 ipse
1066 620 1233 670 etiam
1250 621 1468 672 veniret
1484 623 1776 690 Liptzick’.

271 707 346 755 Et
381 720 510 770 ergo
545 704 804 769 Magistri
846 703 1055 754 habent
1097 705 1179 753 ita
1213 720 1423 769 paucos
1459 707 1773 762 domicellos

275 789 417 854 quod
461 792 544 839 est
589 788 927 838 scandalum.
1019 789 1093 839 Et
1147 805 1248 854 ego
1302 791 1525 842 recordo
1578 791 1773 860 adhuc,

275 873 420 939 quod
463 873 680 938 quando
723 888 865 923 unus
909 875 1175 939 magister
1215 874 1319 924 ivit
1362 875 1493 926 olim
1534 875 1603 926 ad
1654 878 1774 928 bal·

274 974 460 1023 neum,
508 959 625 1024 ipse
670 959 866 1009 habuit
913 958 1100 1024 plures
1144 955 1462 1011 domicellos
1505 964 1649 1012 retro
1696 979 1776 1028 se,

275 1059 440 1109 quam
473 1059 621 1093 nunc
655 1045 712 1092 in
748 1043 940 1095 diebus
986 1044 1149 1094 festis
1196 1043 1414 1108 quando
1457 1045 1668 1096 vadunt
1714 1048 1784 1098 ad

277 1129 587 1179 ecclesiam.
669 1127 966 1193 Supposita
1014 1129 1182 1178 etiam
1237 1132 1369 1178 tunc
1424 1129 1646 1180 fuerunt
1699 1132 1782 1181 ita

275 1213 501 1264 discreti
543 1214 690 1264 sicut
733 1213 937 1278 angeli.
1020 1211 1126 1264 Sed
1169 1227 1313 1262 nunc
1362 1217 1588 1264 currunt
1626 1215 1781 1265 hinc-

274 1298 402 1349 inde
440 1302 496 1349 et
529 1313 638 1348 non
675 1302 870 1349 curant
906 1298 1118 1362 aliquid
1152 1299 1475 1363 magistros3
1514 1303 1569 1350 et
1590 1301 1787 1351 volunt

278 1399 464 1436 omnes
499 1391 650 1434 stare
684 1384 742 1434 in
779 1382 1023 1433 Civitate
1059 1385 1116 1432 et
1152 1382 1429 1434 comedere
1468 1387 1625 1434 extra
1661 1384 1785 1436 Col-

275 1469 509 1535 legium,
557 1472 611 1519 et
653 1469 907 1533 magistri
948 1467 1157 1517 habent
1197 1467 1360 1518 valde
1396 1483 1601 1532 paucos
1642 1485 1783 1519 com-

279 1553 569 1604 mensales.
639 1552 780 1602 Item
815 1553 872 1600 in
907 1552 1153 1616 proxima
1188 1552 1519 1617 promotione
1554 1552 1785 1602 fuerunt

277 1639 510 1706 promoti
545 1639 760 1688 tantum
793 1652 830 1686 x
863 1635 1159 1688 bacularii.
1228 1637 1301 1685 Et
1336 1634 1545 1701 quando
1578 1636 1781 1688 habui·

275 1739 393 1774 mus
441 1739 694 1787 examen,
746 1725 879 1772 tunc
919 1725 1304 1773 tractaverunt
1344 1721 1591 1787 magistri
1637 1723 1787 1786 quod

275 1809 468 1860 volunt
505 1808 722 1872 aliquos
757 1807 1009 1857 reiicere.
1079 1806 1233 1856 Tunc
1269 1822 1371 1872 ego
1416 1805 1555 1856 dixi:
1610 1805 1785 1858 ‘nullo

277 1893 458 1944 modo:
497 1892 638 1955 Quia
675 1891 724 1940 si
757 1891 995 1941 reiicitis
1030 1905 1222 1956 unum,
1267 1895 1401 1942 tunc
1435 1895 1627 1957 postea
1662 1893 1791 1942 nul-

277 1979 362 2028 lus
406 1977 643 2028 intrabit
689 1975 924 2042 amplius
975 1991 1226 2040 examen,
1272 1976 1365 2027 vel
1408 1976 1656 2026 studebit
1688 1993 1791 2042 pro

278 2063 479 2130 gradu,
517 2061 612 2113 sed
647 2061 806 2113 ibunt
841 2060 910 2111 ad
944 2060 1173 2126 poetas’.
1234 2065 1288 2112 et
1322 2061 1405 2110 sic
1441 2060 1789 2126 dispensavi-

277 2164 396 2198 mus
435 2163 557 2197 cum
589 2147 744 2213 ipsis.
802 2147 894 2196 Fit
917 2149 1102 2196 autem
1129 2145 1468 2210 dispensatio
1493 2146 1555 2196 in
1577 2145 1790 2196 tribus:

277 2233 517 2283 Primum
548 2231 607 2280 in
641 2229 868 2293 Aetate,
917 2230 1050 2293 quia
1085 2234 1301 2294 oportet
1336 2230 1481 2295 quod
1514 2246 1656 2281 unus
1696 2232 1799 2295 qui

277 2317 400 2369 vult
432 2316 740 2382 promoveri
772 2315 832 2363 in
865 2313 1241 2378 bacularium,
1267 2317 1350 2366 sit
1387 2315 1456 2365 ad
1479 2316 1659 2366 minus
1687 2329 1793 2365 xvi

281 2417 571 2464 annorum,
615 2401 674 2450 in
716 2399 1038 2466 magistrum
1074 2402 1255 2450 autem
1288 2400 1506 2466 viginti.
1578 2399 1639 2450 Si
1674 2415 1797 2452 non

279 2490 408 2538 sunt
454 2490 634 2537 autem
679 2484 816 2536 satis
861 2499 1049 2550 senes,
1096 2488 1229 2536 tunc
1272 2485 1623 2552 dispensatur
1660 2499 1796 2534 cum

282 2573 380 2622 eis.
452 2569 700 2620 Secundo
735 2569 796 2620 fit
839 2569 1177 2636 dispensatio
1220 2571 1278 2620 in
1320 2571 1589 2621 moribus:
1635 2569 1797 2632 Quia

282 2654 498 2720 quando
544 2655 828 2721 supposita
871 2671 982 2707 non
1026 2655 1389 2706 exhibuerunt
1420 2654 1663 2706 debitam
1702 2669 1798 2704 re-

279 2740 585 2791 verentiam
607 2739 886 2806 magistris
923 2744 981 2791 et
1014 2739 1321 2807 graduatis,
1356 2743 1489 2791 tunc
1521 2738 1798 2790 reiiciun·
