1942 3109
222 214 291 263 44
472 228 773 263 -ΕΡῙΒΤΟΒΕ
812 227 1175 262 OBSGVROBVM
1213 226 1484 261 leonvu.

226 336 311 381 est
344 330 654 396 discipulus
690 348 855 397 super
888 330 1267 395 magistrum“.
1337 330 1435 380 sed
1469 346 1567 381 vos
1614 332 1758 381 estis

228 416 407 465 adhuc
453 415 787 480 discipuluS,
836 420 893 465 et
926 415 1176 465 dominus
1211 415 1476 465 Ortvinus
1513 421 1600 465 est
1633 432 1754 465 ma-

225 502 400 565 gister
456 506 579 551 octo
634 500 726 550 vel
780 500 971 551 decem
1017 514 1316 551 annorum:
1367 506 1425 549 et
1467 516 1594 565 ergo
1641 516 1755 551 non

229 586 365 635 estis
390 585 672 635 sufficiens
698 585 767 635 ad
791 585 1216 650 vituperandum
1239 600 1406 635 unum
1429 587 1757 651 magistrum

226 669 317 719 vel
363 670 541 719 virum
586 670 645 719 in
690 670 797 719 tali
841 669 1116 735 dignitate
1155 671 1542 732 constitutum3
1605 670 1754 720 alias

227 755 398 804 etiam
454 755 752 806 invenietis
813 754 1056 817 aliquem
1115 756 1213 817 qui
1244 755 1587 819 vituperabit
1636 769 1756 820 voe,

233 839 402 888 etiam
440 840 489 889 si
526 840 723 889 essetis
761 838 939 888 adhuc
972 839 1056 887 ita
1081 840 1368 903 superbus.
1414 854 1514 889 vos
1539 838 1758 889 debetis

150 934 163 941 ·
229 924 435 973 habere
458 921 867 986 verecundiam,
906 926 961 973 et
995 938 1106 972 non
1139 923 1328 973 faeere
1355 923 1528 973 talia'.
1600 924 1758 973 Tunc

227 1009 350 1071 ipse
378 1007 545 1057 dixit:
585 1006 704 1072 ‘ego
729 1006 923 1071 loquor
946 1008 1258 1071 veritatem,
1298 1012 1354 1057 et
1377 1009 1495 1059 scio
1520 1009 1758 1073 probare

232 1092 384 1141 dicta
418 1108 542 1143 mea
580 1095 639 1142 et
670 1107 780 1141 non
802 1092 929 1143 volo
953 1108 1052 1143 vos
1079 1093 1374 1158 respicere,
1414 1092 1544 1156 quia
1571 1092 1758 1142 Ortvi-

230 1192 333 1226 nus
394 1181 480 1227 est
538 1177 783 1240 spurius,
845 1180 903 1226 et
947 1177 1172 1240 quidam
1217 1176 1576 1227 lansmannns
1623 1192 1759 1227 suus

232 1262 375 1311 dixit
414 1261 553 1310 mihi
597 1276 695 1325 pro
743 1275 902 1324 vero,
952 1264 1084 1323 quia
1130 1262 1286 1311 novit
1321 1262 1439 1311 eius
1476 1265 1758 1326 parente8‚

232 1350 291 1396 et
336 1346 507 1395 etiam
554 1360 655 1409 ego
698 1344 827 1394 volo
875 1343 1120 1395 scribere
1154 1346 1262 1395 hoc
1297 1345 1511 1395 doctori
1543 1346 1760 1395 Reueh-

232 1431 341 1493 lin,
396 1430 527 1493 quia
574 1428 753 1479 adhuc
798 1444 909 1478 non
940 1430 1084 1477 mit.
1165 1428 1272 1479 Sed
1319 1444 1490 1494 quare
1533 1430 1761 1480 velletis

230 1532 317 1565 me
362 1515 716 1577 vituperare?
760 1526 859 1563 vos
907 1512 1050 1561 nihil
1095 1514 1252 1563 scitis
1299 1512 1366 1563 de
1411 1516 1530 1564 me‘.
1602 1515 1762 1563 Tunc

236 1614 335 1663 ego
373 1598 515 1647 dixi:
564 1596 747 1660 ‘Ecce,
786 1597 994 1647 domini
1028 1599 1193 1661 socii,
1241 1600 1348 1648 iste
1383 1598 1664 1665 pretendit
1697 1614 1760 1648 se

235 1700 358 1733 esse
394 1686 679 1744 sanctum,-
730 1682 861 1745 quia
898 1680 1035 1731 dicit
1071 1681 1215 1745 quod
1250 1697 1360 1731 non
1392 1686 1580 1747 potest
1613 1682 1764 1733 vitu-

233 1767 419 1831 perari
457 1771 513 1815 et
549 1766 693 1829 quod
728 1765 869 1816 nihil
904 1766 1040 1815 mali
1073 1766 1231 1829 feeit,
1269 1767 1417 1816 sicut
1450 1767 1547 1816 ille
1572 1767 1763 1832 phari-

236 1868 362 1919 seus
412 1852 507 1915 qui
552 1852 692 1900 dixit
738 1850 883 1914 quod
926 1851 1208 1900 ieiunaret
1250 1851 1337 1900 bis
1381 1851 1441 1901 in
1485 1852 1759 1903 sabbato’.

234 1938 389 1985 Tunc
434 1936 553 2000 ipse
598 1936 709 1985 fuit
752 1936 931 1984 iratus
980 1938 1037 1985 et
1081 1933 1248 1984 dixit:
1295 1934 1435 2000 ‘Ego
1479 1951 1589 1985 non
1635 1936 1762 1987 dico
1829 1984 1846 1989 -

234 2020 381 2083 quod
422 2035 533 2069 non
578 2019 839 2084 peccavi,
888 2019 1020 2083 quia
1055 2019 1160 2069 hoc
1196 2023 1344 2069 esset
1381 2024 1574 2069 contra
1609 2021 1762 2085 psal-

233 2106 453 2155 mistam
502 2104 598 2168 qui
643 2104 806 2153 dicit:
869 2103 1111 2167 „Omnis
1159 2104 1318 2155 homo
1363 2104 1668 2169 mendax“‚
1705 2110 1764 2157 et

236 2190 464 2253 exponit
498 2188 657 2253 glosa
693 2187 786 2251 „id
822 2192 908 2237 est
941 2186 1261 2253 peccator“.
1334 2188 1431 2239 sed
1466 2188 1582 2238 dixi
1617 2191 1764 2253 quod

234 2290 344 2324 non
379 2274 591 2324 debetis
628 2288 725 2323 seu
760 2273 996 2337 potestis
1031 2289 1116 2323 me
1148 2274 1466 2337 vituperare
1493 2279 1761 2337 quantum

236 2358 308 2408 ad
344 2358 759 2424 generationem
794 2356 859 2407 de
896 2362 1058 2422 patre
1095 2360 1151 2407 et
1173 2361 1367 2407 matre.
1441 2358 1549 2408 Sed
1575 2358 1764 2410 Ortvi-

234 2458 337 2492 nus
385 2446 471 2493 est
514 2442 733 2507 spurius
781 2445 839 2491 et
883 2457 994 2491 non
1031 2445 1118 2491 est
1151 2441 1462 2506 legitimus:
1511 2458 1640 2508 ergo
1677 2447 1764 2494 est

233 2526 653 2592 vituperabilia,
714 2529 771 2576 et
829 2542 931 2591 ego
985 2527 1114 2575 volo
1172 2542 1291 2575 eum
1337 2527 1656 2591 vituperare
1701 2530 1763 2577 in

238 2613 519 2679 eternum’.
599 2612 754 2661 Tunc
802 2626 903 2675 ego
939 2610 1092 2660 dixi:
1141 2610 1268 2660 ‘non
1312 2611 1570 2675 faciatis,
1627 2612 1762 2675 quia

238 2695 487 2747 dominus
524 2695 788 2747 Ortvinus
834 2698 920 2745 est
954 2694 1234 2745 excellens
1267 2696 1355 2745 vir
1391 2699 1448 2745 et
1481 2700 1666 2761 potest
1699 2712 1761 2747 se
