1942 3109
329 199 464 235 von.
505 199 548 232 1.
621 192 694 232 22.
733 195 1037 234 anuinium
1076 197 1491 234 scmmwomn-
1610 185 1681 238 63

133 305 304 354 elesia
338 303 662 353 damnatus.
721 303 884 351 Tunc
907 300 1057 352 sedit
1090 303 1171 352 ibi
1204 303 1469 368 magister
1490 309 1679 356 noster

129 389 327 438 Petrus
349 388 552 452 Meyer
571 387 854 452 plebanus
879 387 938 436 in
956 387 1391 453 Franekfurdia‚
1428 394 1484 440 et
1506 390 1674 441 dixit:

133 472 236 524 ‘Ibi
257 489 367 538 ego
400 473 536 523 volo
571 469 866 522 ostendere
903 471 1049 536 quod
1084 474 1190 524 iste
1226 474 1411 524 socius
1446 490 1554 526 non
1588 477 1677 526 est

131 560 308 608 bonus
335 557 708 620 christianus,
745 561 804 607 et
825 573 934 608 non
957 559 1131 608 sentit
1152 563 1307 608 recte
1345 573 1467 608 cum
1492 559 1673 610 eccle·

133 645 236 694 sia.
295 641 522 692 Sancta
543 641 748 706 Maria,
771 657 872 693 vos
897 642 1041 694 socii
1066 642 1241 693 vultis
1265 643 1495 694 multum
1518 644 1675 707 loqui

133 728 200 778 de
233 727 552 792 theologia,
587 731 647 776 et
679 743 790 777 non
823 727 1003 776 scitis.
1076 727 1225 789 Quia
1259 729 1427 778 etiam
1456 728 1673 780 Reueh-

133 814 216 863 lin
251 815 516 878 ignorat,
551 812 649 860 ubi
685 813 952 876 scriptum
988 815 1077 862 est
1114 811 1259 875 quod
1293 812 1557 864 Thalmut
1588 817 1677 864 eat

131 897 496 963 prohibitns’.
569 896 730 944 Tunc
772 895 891 945 ille·
914 897 1105 946 socius
1141 896 1403 962 quesivit:
1451 896 1581 948 ‘Ubi
1616 903 1673 948 et

131 981 460 1047 scriptum?
531 980 608 1030 Et
641 979 782 1029 dixit
803 981 1073 1044 magister
1096 984 1285 1030 noster
1307 980 1501 1032 Petrus
1526 981 1673 1046 quod

133 1067 348 1131 legitur
382 1067 446 1114 in
475 1065 776 1116 Fortalitio
813 1063 956 1115 fidei.
1028 1064 1336 1128 Respondit
1370 1066 1469 1116 ille
1494 1068 1671 1116 trusa-

141 1155 258 1213 tor,
319 1149 464 1213 quod
497 1149 854 1200 Fortalitium
895 1147 1027 1198 fidei
1074 1152 1163 1198 est
1195 1148 1477 1200 merdosus
1510 1150 1672 1215 liber,

137 1239 196 1284 et
227 1251 342 1286 non
364 1235 552 1297 valet3
589 1238 648 1285 et
684 1233 829 1298 quod
852 1249 1015 1284 nemo
1038 1233 1254 1299 allegat
1276 1234 1443 1286 istum
1466 1235 1672 1288 librum

134 1321 246 1371 nisi
287 1319 502 1370 stultus
553 1323 612 1369 et
652 1319 860 1368 fatuus.
931 1317 1007 1366 Et
1051 1333 1151 1383 ego
1194 1320 1279 1370 fni
1324 1321 1671 1385 perterritus,

137 1405 274 1468 quia
321 1403 492 1455 valde
536 1403 711 1454 iratus
755 1403 867 1454 fuit
909 1403 1180 1467 magister
1220 1409 1411 1454 noster
1454 1404 1674 1466 Petrus,

135 1490 220 1540 ita
253 1487 406 1552 quod
427 1492 774 1538 tremuerunt
798 1489 852 1536 ei
873 1501 1099 1536 manus:
1138 1491 1193 1536 et
1217 1503 1318 1552 ego
1343 1489 1502 1540 timui
1526 1488 1671 1554 quod

135 1578 376 1625 noceret
419 1574 502 1636 ei,
551 1576 608 1622 et
641 1572 754 1622 dixi
791 1574 870 1623 ei:
933 1570 1185 1622 ‘Domine
1226 1574 1455 1638 eximie,
1491 1577 1671 1624 estote

137 1660 383 1724 patiens,
421 1657 556 1721 quia
591 1657 686 1720 qui
719 1658 941 1721 patiens
980 1661 1081 1720 est,
1118 1656 1293 1708 multa
1329 1658 1675 1724 gubernatur

137 1743 440 1808 sapientia.
478 1741 904 1792 Proverbiorum
925 1739 1095 1790 χιιι*
1120 1741 1465 1793 Permittatis
1484 1744 1672 1805 istum,

141 1828 290 1892 quod
340 1825 550 1891 peribit
591 1825 740 1876 sicut
781 1825 970 1890 pulvis
1020 1841 1055 1876 a
1100 1826 1253 1877 facie
1298 1827 1472 1876 venti.
1542 1825 1673 1889 Ipse

137 1913 279 1963 dicit
310 1911 519 1973 multa,
556 1915 614 1960 et
645 1915 835 1962 tamen
869 1909 1015 1960 nihil
1048 1911 1173 1962 scit.
1242 1911 1318 1960 Et
1352 1913 1500 1962 sicut
1535 1910 1674 1960 scri·

136 1999 290 2047 bitur
324 1997 383 2046 in
417 1995 856 2045 Ecclesiastico:
904 1994 1157 2058 „Stultus
1194 1996 1367 2048 verba
1402 1996 1673 2060 multipli-

141 2079 294 2143 cat“,
331 2081 416 2129 ita
450 2081 571 2143 ipse
607 2081 776 2130 etiam
813 2080 994 2129 facit’.
1068 2079 1225 2128 Tunc
1261 2079 1381 2142 ipse
1404 2079 1671 2143 prochdo-

138 2165 228 2216 lor
258 2165 470 2229 incepit
501 2165 678 2214 multa
714 2163 902 2214 dicere
938 2162 1005 2214 de
1031 2163 1221 2214 ordine
1244 2163 1669 2231 predicatorum,

141 2249 412 2314 quomodo
447 2249 548 2298 isti
581 2249 741 2314 probi
775 2249 983 2298 fratres
1005 2249 1265 2298 fecerunt
1283 2264 1452 2299 unam
1474 2251 1671 2312 nequi-

143 2335 277 2384 tiam
320 2334 380 2384 in
426 2333 640 2384 Berua:
686 2332 834 2396 quod
883 2347 985 2397 ego
1020 2347 1132 2382 non
1170 2331 1331 2384 credo
1364 2349 1465 2398 per
1496 2334 1671 2384 vitam

141 2433 346 2470 meam:
405 2422 466 2468 et
508 2416 780 2480 quomodo
814 2417 1041 2466 fuerunt
1078 2417 1373 2479 combusti3
1433 2422 1489 2468 et
1524 2415 1672 2481 quod

142 2504 249 2568 ipsi
283 2501 459 2557 semel
491 2502 876 2566 imposuerunt
910 2515 1187 2552 venenum
1220 2501 1281 2550 in
1317 2504 1669 2552 sacramento

241 2686 290 2736 θ)
314 2683 470 2736 xum·
487 2685 616 2725 inuno
643 2681 782 2726 xlm.
815 2681 884 2723 29.
