1942 3109
259 219 356 272 148
511 233 804 270 EPISTOLAE
839 233 1207 270 OBSCVBOBVH
1238 232 1509 270 vmonvu.

259 345 356 406 qui
401 343 488 390 est
530 339 892 390 lansmannus
936 354 1119 403 meua,
1168 341 1223 388 et
1265 338 1365 388 ille
1413 341 1500 388 est
1546 336 1787 389 Stafirus

261 425 578 476 cardinalis
615 424 812 475 Sancti
847 425 1107 474 Eusebii:
1144 423 1243 474 ille
1280 423 1445 474 debet
1478 424 1623 474 bene
1662 440 1789 490 prc-

255 526 458 576 parare
503 509 648 575 quod
692 510 886 564 veniat
931 508 1002 560 ad
1048 524 1350 573 carcerem,
1410 512 1468 558 et
1514 509 1665 572 quod
1708 510 1791 558 ibi

259 595 514 646 comedat
547 609 746 661 panem
781 597 839 644 et
885 607 1115 658 aquam,
1163 597 1221 644 et
1264 593 1471 645 habere
1516 594 1787 658 pestilen-

259 681 411 730 tiam.
485 681 670 743 Quarc
705 679 882 730 facite
917 677 1268 744 diligentiam
1304 682 1361 728 et
1396 679 1628 728 scribite
1655 679 1791 728 mihi

257 768 494 832 mentem
517 769 777 828 vestram,
815 767 877 812 ut
899 763 1003 814 sim
1040 763 1389 814 certioratus.
1456 763 1579 828 Ego
1617 764 1789 813 etiam

259 849 448 900 audivi
506 848 652 913 quod
695 847 935 900 Ioannes
980 845 1331 898 Pfefferkorn
1388 852 1540 898 esset
1582 849 1787 898 iterum

257 932 487 1000 IudcuS,
536 933 680 997 quod
727 949 832 1000 ego
869 948 979 984 non
1016 931 1202 996 credo,
1250 932 1383 995 quia
1420 933 1597 982 etiam
1634 932 1788 982 dixe-

259 1023 390 1068 runt
427 1022 557 1068 ante
594 1006 860 1068 duos'vel
893 1020 1009 1068 tres
1046 1031 1241 1080 annon,
1280 1015 1425 1080 quod
1463 1020 1616 1067 esset
1644 1033 1787 1068 com-

259 1105 454 1154 bustus
508 1119 542 1153 a
587 1102 902 1168 margravio
948 1103 1009 1150 in
1052 1101 1264 1151 Hallis:
1316 1101 1413 1150 sed
1460 1104 1635 1152 etiam
1681 1119 1790 1154 non

259 1189 369 1237 fuit
402 1203 592 1238 verum
627 1188 696 1240 dc
733 1203 818 1252 ec,
855 1185 952 1238 sed
988 1186 1054 1235 de
1093 1184 1205 1235 alio
1243 1185 1337 1248 qui
1373 1187 1545 1236 etiam
1579 1187 1669 1238 sic
1692 1203 1786 1241 vo-

262 1272 496 1321 cabatur
529 1271 638 1320 fuit
670 1271 812 1320 bene
847 1285 1055 1320 verum.
1126 1269 1246 1335 Ego
1292 1285 1403 1320 non
1441 1270 1604 1322 credo
1644 1273 1790 1336 quod

260 1354 359 1413 fiat
402 1355 795 1418 mammaluca,
856 1354 989 1419 quia
1037 1354 1156 1418 ipsc
1203 1355 1401 1404 scribit
1456 1360 1656 1407 contra
1699 1357 1789 1407 Iu-

262 1440 420 1508 dcos:
458 1444 514 1491 et
551 1443 700 1491 esset
737 1428 905 1490 etiarn
941 1438 1193 1489 omnibus
1228 1439 1569 1490 Doctoribus
1606 1441 1787 1493 Theo·

261 1524 408 1592 logic
445 1527 504 1575 in
541 1523 776 1575 Colonia
826 1528 882 1573 et
915 1524 1167 1574 omnibus
1210 1523 1661 1591 prcdicatoribus
1697 1527 1787 1578 de-

205 1651 209 1655 .
261 1608 448 1674 decus,
486 1609 618 1672 quia
653 1610 774 1673 ipse
809 1609 918 1658 fuit
955 1623 1079 1658 cum
1115 1608 1195 1658 eis
1230 1609 1372 1658 bene
1399 1612 1558 1678 ante:
1595 1610 1787 1662 dicant

263 1693 528 1759 quicquid
572 1693 776 1758 velint,
825 1708 926 1758 ego
974 1708 1072 1758 per
1117 1691 1276 1750 deum
1311 1709 1421 1744 non
1458 1693 1645 1745 credo.
1718 1697 1786 1746 Et

262 1779 346 1828 sic
391 1778 596 1830 valete.
667 1778 873 1828 Datum
907 1778 1077 1844 Romc
1124 1777 1183 1826 in
1226 1777 1467 1843 hospitio
1515 1779 1587 1829 ad
1628 1780 1787 1833 Cam-

260 1878 464 1926 panam
497 1865 558 1912 in
595 1861 800 1926 Campo
835 1862 968 1928 flore}
994 1862 1276 1913 vicesima
1310 1864 1487 1927 prima
1522 1863 1787 1931 Augusti.

361 2027 472 2068 Post
497 2025 612 2068 hanc
631 2027 862 2081 epistolam
890 2028 1073 2070 tertium
1094 2029 1269 2082 prioris
1290 2029 1518 2072 voluminis
1538 2035 1791 2088 exemplum

258 2108 354 2136 eum
371 2097 588 2150 epiloyum
613 2095 744 2137 habet
767 2108 890 2148 quem
909 2107 1053 2150 supra
1079 2107 1184 2150 paq.
1220 2097 1305 2138 119.
1337 2101 1443 2150 post
1457 2100 1698 2152 epistolam
1724 2105 1786 2144 41.

256 2166 577 2206 adnotavimus.
1184 2171 1192 2178 '

361 2232 614 2285 Sequentem
627 2232 856 2284 epistolam
871 2233 1041 2274 rustice
1070 2233 1295 2274 obscenam
1308 2235 1352 2274 in
1372 2235 1429 2275 iis
1448 2236 1621 2278 demum
1638 2251 1788 2282 exem·

255 2302 347 2354 plis
383 2301 590 2342 habemus
623 2312 735 2352 quae
769 2299 824 2341 ab
855 2313 970 2340 anno
1002 2301 1116 2343 1556.
1144 2303 1427 2355 prodierunt.
1482 2303 1663 2348 Damus
1698 2322 1789 2350 eam

257 2381 319 2409 ex
349 2370 549 2422 exemplo
575 2371 615 2410 6.
