1942 3109
170 272 234 315 18.
261 276 498 312 smoms
526 274 735 310 ποιεῖ.
778 268 841 313 19.
865 272 1117 309 cunum
1146 273 1538 309 nncxsnuncx.
1566 261 1665 310 227

138 381 424 443 fiientiam,
471 380 606 442 quia
654 393 816 443 spero
860 378 1007 442 quod
1044 378 1215 428 semel
1249 377 1497 428 dominus
1530 377 1669 429 deus

137 467 316 516 faciet
349 464 708 525 miraculum,
747 467 804 513 et
837 463 1085 513 salutate
1122 478 1245 513 eum
1281 463 1499 513 nomine
1522 478 1663 513 mec.

136 551 326 599 Etiam
372 549 590 600 debetis
636 547 770 597 mihi
818 548 1065 597 salutare
1102 563 1327 597 uxorem
1364 546 1485 596 eius
1520 548 1669 596 sicut

137 635 280 684 bene
326 634 514 683 scitis:
561 631 662 683 sed
707 630 940 682 occulte.
1014 635 1071 681 et
1114 630 1390 681 Valentis.
1458 631 1668 679 Datum

135 719 372 784 raptim,
408 734 518 768 non
551 716 720 767 valde
755 716 1103 781 speculative
1138 714 1464 781 Antverpiq.

865 968 946 1021 19.

326 1091 379 1149 (Ι
425 1084 850 1150 Cunradus
893 1082 1472 1148 Unckebunck

422 1191 758 1253 Magistro
797 1188 1085 1238 Ortvino
1124 1188 1383 1237 Gratia

237 1308 504 1358 Mirabile
559 1311 672 1368 est,
725 1305 1067 1357 venerabilis
1113 1307 1327 1357 domine
1374 1308 1667 1371 Magister,

137 1392 286 1457 quod
321 1395 588 1456 parentes
623 1392 732 1441 mci
765 1406 875 1441 non
910 1392 1138 1441 misstunt
1171 1392 1307 1441 mihi
1348 1390 1663 1454 pecuniam,

137 1482 194 1528 ct
227 1482 418 1528 tamen
455 1476 645 1525 sciunt
679 1473 826 1538 quod
859 1490 970 1525 non
1004 1475 1185 1525 habeo
1222 1490 1391 1525 unum
1426 1474 1667 1536 obulum,

138 1566 196 1612 et
231 1561 436 1624 scripsi
475 1559 557 1609 eis
593 1560 734 1609 bene
771 1559 977 1623 viginti
1012 1559 1253 1609 litteras.
1329 1559 1388 1609 Si
1425 1575 1533 1610 non
1568 1574 1663 1610 vo-

137 1646 261 1695 lunt
295 1645 523 1693 mittere
557 1643 692 1693 mihi
725 1647 1046 1708 pecuniam,
1084 1646 1217 1693 tunc
1252 1660 1352 1707 per
1374 1643 1537 1693 deum
1564 1658 1667 1707 ego

135 1730 266 1781 volo
294 1728 464 1779 aliter
487 1728 694 1777 facere.
753 1728 830 1775 Et
865 1726 1109 1776 credatis
1144 1727 1278 1775 mihi
1314 1727 1461 1789 quod
1494 1742 1671 1791 nuper

135 1814 311 1863 habui
348 1813 406 1861 in
437 1812 762 1874 voluntate,
800 1810 948 1875 quod
983 1810 1139 1861 volui
1173 1826 1257 1860 mc
1282 1810 1537 1875 obligare
1564 1811 1667 1860 suh

131 1898 302 1963 penis
350 1894 580 1963 Camere
627 1894 1037 1947 accomodando
1094 1894 1229 1945 duos
1282 1896 1517 1945 florenos
1562 1894 1667 1943 Re-

134 1996 342 2033 nenses
383 1984 482 2029 aut
513 1984 655 2043 tres,
693 1985 751 2030 et
785 1979 965 2031 redire
1002 1979 1061 2029 in
1094 1981 1363 2043 patriam,
1402 1982 1460 2028 et
1482 1979 1669 2029 dicere

135 2068 218 2116 eis
256 2065 576 2130 opinionem
610 2079 816 2126 meam,
863 2064 948 2113 ita
994 2078 1185 2128 grosse
1222 2061 1369 2124 quod
1404 2062 1673 2111 deberent

135 2154 388 2215 tangere.
461 2148 731 2209 Diabole,
771 2146 1007 2197 credunt
1042 2145 1187 2209 quod
1224 2161 1343 2195 sum
1378 2150 1543 2197 natus
1580 2161 1667 2197 su-

135 2250 235 2299 per
279 2234 564 2295 arborem,
609 2232 702 2281 vel
747 2230 921 2282 debeo
969 2230 1253 2283 comedere
1297 2232 1487 2281 fenum
1520 2233 1671 2283 sicut

139 2318 386 2367 animal?
437 2316 692 2365 diabolus
748 2316 972 2366 auferat
1022 2330 1107 2366 me
1160 2316 1210 2365 si
1268 2315 1443 2365 habui
1500 2330 1669 2365 unum

139 2400 428 2452 Gal-linum
463 2401 524 2449 in
559 2415 658 2449 sex
691 2400 1001 2450 mensibust
1050 2404 1107 2451 et
1151 2414 1367 2463 semper
1398 2399 1541 2449 nihil
1577 2416 1667 2451 co-

134 2484 294 2535 medo
339 2484 452 2533 nisi
495 2483 739 2535 sulatum
785 2487 843 2535 et
887 2498 1025 2550 cepe
1072 2488 1129 2533 et
1174 2482 1395 2545 allium,
1452 2488 1509 2534 et
1560 2484 1665 2535 ali-

135 2568 360 2633 quando
417 2583 586 2618 unum
641 2571 979 2618 menestrum
1034 2566 1100 2617 de
1148 2567 1297 2617 fabis
1341 2568 1434 2617 vel
1478 2568 1667 2619 herbis

130 2653 227 2703 vel
265 2652 578 2715 spinaciam
613 2667 761 2702 more
785 2650 1007 2701 Italico.
1066 2651 1187 2715 Ego
1211 2650 1350 2700 bene
1378 2652 1497 2698 scio
1522 2648 1670 2710 quod

130 2738 348 2789 fratres
382 2736 494 2787 mei
527 2736 586 2784 in
632 2736 820 2799 pau-ia
865 2731 1159 2783 comedunt
1202 2732 1385 2793 pisces
1431 2734 1487 2777 et
1535 2740 1668 2775 aves

1264 2808 1369 2858 15*
