1942 3109
56 247 539 295 ,nasammonas
578 246 881 284 onscvnon.
905 246 1097 282 vxnoa.
1130 227 1441 295 [varenam]
1487 232 1586 283 257

56 359 157 411 [ei
197 352 597 417 quamprimum
629 350 886 401 revellat.
955 348 1178 400 Adiecit
1212 363 1430 413 quoque
1467 349 1588 401 Six-

56 455 187 493 mm
220 437 433 503 Papam
468 438 725 499 quartum
758 434 1034 499 singulari
1067 433 1304 497 quadam
1341 436 1591 487 commis-

56 529 226 579 sione
262 537 360 586 per
394 524 569 573 totam
600 519 947 569 Alemaniam
990 518 1264 585 heresium
1311 518 1590 584 extirpan-

56 613 265 663 1arum
318 620 513 657 munus
568 604 845 669 theologis
900 600 1324 654 coloniensibus
1369 605 1590 654 commi-

56 697 235 749 sisse.
307 689 465 754 Quod
510 694 575 741 ut
617 690 742 741 luce
791 688 998 739 clarius
1042 689 1322 751 intueare,
1367 688 1592 738 brevius

56 779 222 833 ,llius
268 777 550 843 exemplar
592 774 699 825 tibi
741 790 841 840 per
882 771 1294 837 Liripipianum
1345 776 1592 823 nostrum

56 861 406 923 :ransmitto‚
435 865 501 910 ut
531 859 819 911 immodice
856 862 1040 907 tecum
1074 856 1411 907 lamenteris.
1447 856 1590 909 Vale

56 965 139 1001 ex
163 942 528 1008 Madepurck,
556 937 613 993 et
647 941 1013 1009 penitentiam
1051 956 1154 1005 age
1191 940 1592 1007 quamprimum

56 1033 249 1100 potes.
280 1024 291 1091 l

266 1184 299 1195 ⁹
370 1160 649 1226 Sixtus
691 1160 909 1244 Papa
953 1166 1294 1244 quartus
1611 1175 1728 1242 <1in

116 1266 348 1319 dilectis
383 1264 512 1316 filiis
546 1264 774 1314 Rectori
804 1264 1052 1313 Decanis
1090 1278 1157 1313 ac
1191 1262 1551 1315 universitati

590 1348 759 1401 studii
794 1345 1074 1399 Coloniefi.

172 1452 387 1505 Dilecti
429 1450 554 1515 filii,
618 1450 866 1501 Salutem
911 1454 967 1500 et
1013 1450 1382 1515 apostolicam
1425 1448 1592 1500 benc-

56 1539 390 1593 dictionem.
461 1536 791 1603 Accepimus
827 1536 1050 1587 litteras
1083 1539 1324 1602 vestras,
1367 1552 1436 1587 ex
1471 1537 1592 1601 qui-

57 1630 173 1678 bus
214 1638 339 1673 cum
371 1623 713 1674 iocunditate
748 1621 1146 1685 intelleximus,
1175 1636 1282 1685 quo
1317 1620 1440 1672 zelo
1463 1620 1592 1673 fidei

58 1706 371 1774 orthodoxe
395 1743 409 1770 ‚
471 1721 690 1770 quaque
744 1704 1041 1771 prudentia
1092 1705 1305 1770 scripta
1361 1721 1592 1757 erronea

58 1789 312 1858 heresim
346 1790 623 1852 sapientia
658 1788 792 1852 legi,
827 1789 1068 1853 imprimi
1105 1803 1173 1837 ac
1206 1787 1375 1838 vendi
1407 1790 1591 1853 prohi-

58 1871 337 1936 bueritis,
396 1870 956 1934 muliercularumque
1001 1870 1333 1935 imperitiam
1377 1886 1590 1938 repres-

60 1956 298 2017 seritis,
346 1969 457 2018 qua
493 1954 618 2005 dum
652 1958 939 2017 tenentur,
976 1956 1413 2019 interpretantur
1447 1957 1592 2020 quod

64 2040 358 2103 nesciunt,
407 2042 464 2089 et
508 2038 905 2103 scripturarum
947 2038 1059 2088 sibi
1099 2042 1372 2103 usurpant
1413 2041 1592 2091 scien-

60 2132 237 2189 tiam,
286 2124 346 2172 in
380 2123 645 2173 maximos
681 2120 1002 2174 dilabuntur
1049 2138 1290 2187 errores,
1334 2138 1440 2175 nec
1483 2124 1592 2177 sibi

62 2210 277 2271 solum,
326 2206 423 2257 sed
470 2206 599 2257 aliis
635 2222 853 2271 quoque
890 2208 1196 2258 animarum
1229 2208 1592 2276 precipicium

64 2294 311 2349 struunt.
382 2290 699 2341 Laudamus
733 2306 833 2343 vos
868 2294 929 2341 in
962 2293 1180 2344 domino
1215 2293 1588 2345 vehementer.

62 2377 313 2433 Fecistis
372 2378 435 2425 ut
489 2375 663 2425 bonos
722 2375 1030 2427 catholicos
1099 2372 1317 2439 (quales
1375 2391 1590 2442 semper

59 2460 284 2531 fuistis)
356 2459 544 2523 decet,
616 2463 673 2511 et
738 2460 885 2525 quod
938 2474 1039 2512 vos
1104 2476 1216 2511 non
1272 2458 1586 2513 dubitamus

66 2552 339 2602 facturos.
394 2561 516 2613 ‘pro
577 2561 687 2610 qua
743 2562 802 2596 re
858 2560 959 2627 nos
1017 2549 1076 2595 et
1131 2544 1278 2597 hanc
1333 2548 1588 2597 sanctam

68 2630 440 2696 apostolicam
484 2630 670 2683 sedem
713 2630 1012 2682 invenietis
1053 2629 1112 2681 in
1158 2629 1408 2683 omnibus
1443 2629 1588 2683 desi-

68 2715 243 2769 deriis
296 2717 499 2769 vestris
556 2716 921 2785 promptiores
980 2718 1149 2784 atque
1216 2715 1589 2782 benigniores.

1219 2799 1284 2851 17
