1942 3109
246 233 306 283 14
493 249 780 284 nvrs'rom
817 251 1183 286 onscvnonvu
1219 252 1487 286 vmomnr.

241 372 370 406 nere
407 361 607 419 metra,
657 356 787 419 quia
825 354 1015 404 audivi
1047 356 1103 404 in
1139 357 1411 421 Lyptzick
1448 356 1745 422 Sulpitium

241 441 307 490 dc
334 441 739 505 quantitatibus
764 440 1117 504 syllabarum.
1169 441 1276 490 Sed
1300 441 1430 505 quid
1456 446 1571 492 est?
1618 444 1743 507 Ipse

241 527 465 576 deberet
487 527 622 576 mihi
644 537 944 590 proponere
969 539 1133 576 unam
1158 528 1498 594 questionem
1516 529 1573 578 in
1590 529 1745 578 theo-

241 613 394 676 logia
414 651 427 674 ,
467 615 524 661 et
546 610 770 661 deberet
793 626 1022 675 arguere
1047 627 1143 676 pro
1169 615 1224 662 et
1249 616 1474 663 contra'.
1532 614 1605 662 Et
1628 614 1745 677 ipse

241 697 500 761 probavit
521 711 619 761 per
641 696 842 745 multas
868 697 1127 758 rationem
1156 697 1297 759 quod
1320 712 1475 747 nemo
1501 699 1607 747 scit
1624 714 1747 764 per·
1780 751 1793 766 ἱ

242 783 388 832 fecte
423 781 774 846 theologiam,
809 781 920 830 nisi
952 797 1049 845 per
1072 783 1322 846 spiritum
1346 788 1613 832 sanctum.
1673 784 1749 832 Et

242 868 700 931 spiritussanctus
736 867 975 916 infundit
1006 867 1163 918 illam
1188 871 1378 917 artem.
1436 869 1510 918 Et
1530 871 1749 934 poetria

243 957 329 1003 est
365 953 518 1004 cibus
555 952 782 1016 diaboli,
820 953 964 1001 sicut
998 951 1135 1000 dicit
1168 953 1533 1017 Hieronymus
1566 957 1624 1003 in
1648 970 1747 1005 suo

243 1038 545 1102 epistolari.
617 1037 771 1086 Tunc
815 1036 912 1086 ille
957 1037 1090 1086 bufo
1136 1035 1276 1086 dixit
1322 1039 1465 1101 quod
1509 1053 1617 1088 non
1664 1045 1751 1089 est

240 1137 455 1186 verum,
510 1127 566 1172 et
617 1121 762 1186 quod
813 1120 1003 1172 doctor
1045 1121 1316 1172 Reuchlin
1370 1125 1537 1173 etiam
1580 1124 1749 1174 habet

243 1209 770 1272 spiritumsanetum,
811 1210 864 1255 et
901 1206 1044 1269 quod
1080 1211 1165 1257 est
1198 1207 1477 1258 sufficiens
1511 1209 1569 1258 in
1594 1209 1747 1259 theo—

242 1294 420 1358 logia,
469 1292 605 1356 quia
645 1291 949 1355 composuit
984 1305 1148 1340 unum
1184 1292 1382 1341 librum
1420 1293 1558 1342 satis
1594 1293 1747 1342 theo·-

241 1378 552 1444 logicalem,
591 1380 648 1426 et
679 1376 870 1425 nescio
907 1377 1171 1439 quomodo
1194 1381 1445 1427 vocatur.
1495 1382 1551 1428 et
1571 1379 1748 1428 nomi-1

243 1464 402 1515 navit
435 1462 753 1526 magistrum
789 1465 1034 1510 nostrum
1057 1463 1280 1512 Petrum
1302 1479 1468 1512 unam
1492 1464 1743 1513 bestiam.

244 1550 316 1598 Et
361 1547 500 1596 dixit
544 1545 688 1609 quod
733 1547 999 1612 magister
1043 1551 1229 1597 noster
1262 1548 1627 1598 Hochstratus
1662 1553 1751 1598 est

244 1636 418 1683 frater
455 1632 752 1681 caseariuS.
799 1631 1298 1682 Et.commensales
1334 1633 1589 1684 riserunt.
1640 1633 1749 1683 Sed

243 1733 342 1783 ego
379 1717 494 1767 dixi
530 1715 674 1779 quod
697 1720 783 1766 est
806 1717 1146 1790 scandalum,
1186 1717 1327 1780 quod
1351 1733 1490 1768 unus
1516 1717 1747 1782 simplex

241 1804 421 1854 socius
467 1803 630 1852 debet
674 1817 792 1852 esse
839 1803 920 1851 ita
954 1801 1387 1871 irreverentialis
1425 1818 1605 1852 coram
1640 1819 1747 1853 uno

242 1889 504 1954 magistro
527 1891 730 1937 nostro.
779 1887 853 1935 Et
875 1887 1067 1937 doctor
1090 1888 1288 1938 Petrus
1312 1887 1421 1935 fuit
1445 1888 1525 1938 ita
1548 1889 1743 1950 iratuS,

243 1973 386 2037 quod
420 1973 656 2022 surrexit
691 1972 756 2022 de
781 1987 987 2035 mensa,
1026 1975 1082 2022 et
1105 1972 1374 2036 allegavit
1397 1973 1746 2038 evangelium

241 2059 458 2108 dicens:
497 2056 898 2107 ‘Samaritanus
924 2073 1001 2120 esa,
1038 2060 1095 2107 et
1116 2056 1394 2106 diabolum
1418 2057 1624 2107 habes‘.
1672 2057 1747 2106 Et

243 2160 343 2208 ego
380 2143 522 2192 dixi:
560 2141 784 2206 ‘Capias
809 2143 914 2190 tibi
947 2142 1087 2204 hoc'‚
1127 2145 1182 2191 et
1204 2143 1286 2191 fui
1310 2142 1473 2192 valde
1498 2144 1743 2206 gavisae,

243 2229 386 2293 quod
409 2229 488 2277 ita
513 2226 738 2277 realiter
762 2225 1041 2291 expedivit
1064 2219 1220 2276 illum
1244 2228 1585 2276 trufatorem.
1635 2229 1747 2278 Vos

241 2313 454 2364 debetis
500 2312 792 2376 procedere
837 2312 894 2360 in
939 2312 1107 2362 factis
1154 2312 1381 2374 vestris,
1432 2314 1487 2360 et
1532 2312 1745 2363 debetis

241 2398 534 2448 defendere
581 2397 940 2461 theologiam,
996 2396 1141 2446 sicut
1182 2396 1401 2445 fecistis
1448 2401 1641 2460 antea,
1686 2401 1747 2447 et

240 2499 348 2533 non
367 2482 581 2532 debetis
601 2483 839 2546 aliquem
857 2483 1149 2546 respicere,
1172 2481 1287 2532 sive
1308 2482 1382 2530 sit
1400 2481 1603 2531 nobilis
1622 2482 1745 2533 sive

241 2569 506 2631 rusticus,
544 2567 673 2629 quia
705 2581 803 2616 vos
837 2567 970 2616 estis
1007 2565 1306 2617 sufficiens.
1356 2566 1415 2615 Si
1442 2566 1639 2616 scirem
1659 2567 1745 2616 ita

240 2656 425 2704 facere
454 2652 698 2702 carmina
723 2652 868 2700 sicut
889 2667 1007 2714 voa,
1044 2667 1145 2716 ego
1170 2667 1279 2701 non
1306 2665 1554 2700 curarem
1576 2667 1751 2701 unum·

241 2739 570 2804 principem,
617 2735 785 2785 etiam
829 2735 878 2786 si
912 2735 1085 2787 vellet
1118 2751 1203 2786 me
1239 2735 1562 2786 interficere.
1636 2735 1743 2786 Sed
