1942 3109
80 293 82 300 ,
111 259 595 300 Luras-ruminas
633 261 938 296 onscvnon.
965 261 1155 297 vmon.
1184 244 1497 311 [veranum]
1540 245 1641 297 245

76 419 80 450 ὲ
109 382 299 431 usque
334 370 508 417 totum
543 381 685 434 pene
721 365 1147 429 perlustrasset,
1184 364 1407 416 deorum
1440 366 1638 416 instin-

76 503 79 510 ,
114 456 216 502 ctu
255 448 375 515 (qui
407 451 683 501 hominem
730 450 1000 501 nolebant
1044 448 1113 500 ad
1150 450 1359 518 celeste
1395 449 1637 500 officium

72 519 368 611 Lsibiipsis
414 537 555 585 satis
599 533 852 586 idoneum
897 532 1165 600 ordinari)
1212 533 1482 598 quendam
1526 535 1637 585 sibi

72 615 75 686 J
107 619 557 671 Reuchlinistam
601 636 669 670 ex
713 621 859 670 omni
894 620 1251 670 obscurorum
1286 634 1509 670 numero
1542 619 1635 670 de-

70 687 82 752 ².
109 706 284 770 legit,
334 709 390 755 et
422 705 660 756 maxime
703 704 898 766 talem,
948 704 1045 768 qui
1089 703 1376 768 theologos
1421 707 1637 754 amarat

68 787 74 798 '
102 804 411 853 nunquam.
465 789 473 853 Ι
525 789 673 839 Huic
720 789 865 840 enim
897 789 1107 839 homini
1140 804 1336 838 nomen
1370 792 1459 838 est
1494 787 1633 838 Olli·
1655 785 1769 852 ’μ’

104 874 352 925 lambius
385 873 820 938 Philocapnion,
868 873 1026 922 cuius
1070 877 1231 937 pater
1263 872 1632 936 Marquardus

64 941 70 970 *
111 955 463 1021 appellatur,
511 961 567 1007 et
600 960 778 1007 mater
813 957 932 1007 eius
967 957 1176 1018 Grina,
1220 955 1291 1006 ad
1334 956 1629 1022 designan-

104 1041 240 1091 dum
295 1039 440 1103 quod
481 1039 850 1105 Marquardus
903 1040 1295 1105 Marquardum
1349 1045 1406 1092 et
1449 1041 1631 1092 Grilla

59 1141 80 1179 ο
103 1124 348 1177 Grillum
377 1127 772 1190 procreaverit.
809 1124 1044 1190 Signate
1082 1139 1272 1192 queso,
1294 1126 1405 1176 viri
1430 1125 1627 1176 elaris-

103 1209 426 1271 simi,huius
451 1210 532 1259 rei
555 1210 878 1272 misterium,
892 1208 1178 1260 Attendite
1201 1210 1365 1260 huius
1388 1209 1627 1260 hominis

101 1293 435 1342 doctrinam.
508 1293 773 1358 quomodo
818 1294 963 1344 enim
1002 1293 1240 1362 celestia
1283 1294 1627 1358 intelligeret

99 1378 268 1427 homo
291 1376 419 1441 iste,
445 1379 540 1440 qui
561 1372 960 1429 universitates
994 1378 1363 1429 dehonestans
1388 1379 1446 1427 in
1468 1377 1626 1428 nulla

97 1465 192 1512 est
226 1459 504 1511 litteraria
538 1461 812 1512 facultate
849 1461 1131 1514 eruditus?
1201 1461 1261 1512 Si
1295 1462 1441 1512 enim
1476 1463 1623 1512 hunc

49 1540 375 1598 &hominem
410 1561 572 1611 quem
607 1563 709 1612 ego
743 1547 1020 1613 intelligo,
1054 1551 1207 1598 reete
1240 1537 1489 1598 iudicare
1522 1563 1618 1599 vo-

51 1626 53 1651 *
91 1632 382 1693 lacrimas,
418 1647 522 1681 nee
556 1631 966 1697 philosophum,
1005 1646 1110 1682 nee
1143 1630 1477 1696 theologum,
1514 1647 1619 1682 nec

51 1704 55 1723 ¹
89 1714 569 1779 iuri-consultum,
603 1731 709 1766 nec
743 1715 1034 1780 medicum,
1069 1731 1174 1766 nee
1210 1719 1482 1766 oratorem
1517 1730 1617 1765 un-

94 1809 267 1860 quam
301 1799 657 1859 reperiemus.
739 1799 1050 1851 Mercurius
1083 1801 1273 1863 itaque
1312 1799 1617 1849 cuiuslibet

91 1879 182 1929 rei
205 1876 494 1929 simulator
526 1895 594 1930 ac
618 1881 1015 1948 dissimulator,
1042 1888 1097 1934 et
1117 1883 1339 1934 deorum
1366 1879 1453 1946 (ut
1476 1883 1615 1932 dixi-

49 1977 70 2017 ο
91 1958 242 2026 mus)
275 1962 547 2011 instinctu
577 1980 864 2029 perperam
896 1969 1116 2032 missus,
1142 1967 1359 2018 cuidam
1381 1968 1615 2018 obscuro

89 2045 479 2112 Reuchliniste
512 2044 654 2112 [(cui
681 2047 1003 2101 Ollilambio
1036 2049 1276 2117 nomen)]
1301 2053 1441 2102 mira
1477 2065 1613 2115 qua-

89 2132 222 2181 dam
261 2129 518 2181 claritate
554 2131 613 2181 in
649 2134 852 2182 somnis
901 2136 1178 2198 apparuit.
1248 2137 1357 2198 Qui
1390 2135 1610 2186 Mercu-

86 2215 232 2265 rium
278 2209 457 2264 rerum
510 2217 728 2267 omnino
783 2216 1074 2284 celestium
1128 2219 1348 2269 nescius
1390 2219 1608 2284 videns,

87 2298 286 2349 mirum
322 2297 380 2346 in
414 2298 627 2349 modum
673 2301 981 2365 exhorruit,
1024 2306 1405 2367 steteruntque
1442 2304 1608 2372 Come

49 2382 176 2449 5(ut
200 2381 469 2447 Virgilius
505 2384 586 2433 ait
618 2385 676 2434 in
711 2384 899 2451 tertio)
927 2389 985 2436 et
1004 2401 1112 2436 vox
1146 2386 1407 2436 faucibus
1440 2388 1605 2454 hesit.

84 2469 163 2518 At
205 2467 513 2518 Mercurius
559 2470 655 2533 qui
709 2485 776 2520 ex
830 2470 1085 2535 supernis
1139 2470 1362 2520 sedibus
1414 2469 1605 2521 dulcia

85 2566 272 2602 secum
330 2551 449 2602 liba
504 2554 842 2619 contulerat,
901 2554 991 2607 illi
1043 2555 1349 2625 nonaginta
1405 2571 1599 2610 novem

155 2718 200 2754 2⁷
232 2725 499 2795 nonagita
522 2725 610 2782 illi
631 2729 771 2780 noue
795 2731 843 2784 2.
