1942 3109
251 246 390 286 son
415 244 610 282 rursu.
684 243 930 280 uantur.
946 245 1335 282 cAEs.c.s1².oc.
1351 239 1391 284 7.
1408 216 1529 282 ocr.
1546 241 1659 282 1512.
1697 229 1767 281 99

251 355 470 406 casione
507 357 700 404 contra
738 367 861 402 eum
896 351 1113 414 habita,
1149 351 1373 417 publice
1411 355 1605 402 contra
1640 367 1764 402 eum

251 441 602 504 scripserunt.
653 440 709 502 et
752 436 811 487 id
858 435 1080 500 quidem
1125 451 1237 487 non
1283 436 1461 487 solum
1508 435 1761 488 doctores

249 524 352 590 ipsi
387 521 776 586 colonienses,
823 535 1018 572 verum
1055 525 1111 572 et
1146 521 1247 571 alii
1281 521 1534 586 plerique
1582 519 1762 572 diver-

247 625 424 660 sarum
468 607 896 658 universitatum
939 605 1250 657 doctissimi
1307 605 1762 669 celeberrimique

245 693 370 758 viri,
421 697 484 744 ut
518 696 718 758 postea
753 695 1041 754 sequetur.·
1105 691 1271 741 Hanc
1314 691 1489 756 igitur
1523 690 1591 741 ob
1631 705 1761 740 cau·

242 795 356 831 sam
391 778 782 829 serenissimus
818 776 940 840 ipse
966 774 1287 840 imperator,
1323 774 1762 841 gratiosissimus

242 867 424 915 noster
458 862 710 913 dominus
757 864 814 912 et
859 874 1146 924 supremus
1194 859 1453 911 defensor
1489 857 1761 910 Christia-

242 947 436 998 nitatis
484 962 551 997 ex
595 946 790 995 innata
837 944 1117 995 charitate
1163 949 1219 994 et
1264 943 1559 996 devotione
1596 957 1761 1007 quam

246 1045 374 1098 erga
423 1029 584 1080 fldem
632 1029 995 1079 christianam
1040 1028 1239 1092 habet,
1285 1028 1571 1093 publicum
1606 1043 1760 1078 man-

242 1116 428 1168 datum
466 1118 662 1165 contra
694 1113 961 1164 Ioannem
996 1111 1273 1164 Reucblin
1310 1113 1520 1177 emisit,
1556 1126 1761 1163 sonans

239 1201 306 1251 de
340 1200 512 1251 verbo
551 1197 621 1250 ad
655 1199 887 1250 verbum
921 1197 1030 1248 hoc
1064 1196 1241 1249 modo.

378 1340 430 1401 ΙΙ
498 1350 889 1401 Mandatum
960 1354 1202 1402 contra
1272 1349 1625 1417 speculum

375 1435 654 1488 oculare
690 1435 975 1485 Ioannis
1010 1435 1355 1486 Reuchlin
1393 1434 1464 1486 ad
1500 1450 1621 1485 are-

373 1520 632 1573 standum
693 1524 750 1570 et
807 1518 1189 1585 deponendum
1235 1520 1293 1570 in
1350 1520 1492 1572 locis
1551 1517 1623 1570 ad

583 1604 907 1656 ulteriorem
944 1604 1400 1657 commissionem.

337 1708 450 1757 Nos
474 1705 897 1756 Maximiliauus
923 1705 1016 1757 dei
1038 1707 1224 1772 gratia
1250 1707 1464 1759 electus
1487 1708 1759 1760 Romano·

237 1808 358 1843 rum
393 1791 701 1856 Imperator
735 1805 953 1855 semper
985 1789 1299 1857 Augustus,
1338 1807 1406 1842 ac
1440 1792 1759 1859 (alemanie,

231 1877 524 1942 Hungarie
536 1876 833 1942 Dalmacie
855 1878 912 1925 et
923 1873 1175 1944 Croacie.
1192 1880 1249 1926 et
1262 1891 1308 1926 c.
1329 1876 1466 1940 Rex,
1478 1875 1761 1927 Archidux

233 1959 487 2027 Austrie‚
524 1959 634 2011 dux
668 1957 1007 2027 Burgunldie
1046 1963 1103 2012 et
1134 1960 1453 2028 Brabantie-
1478 1965 1535 2012 et
1559 1959 1753 2012 Comes
1777 1957 1850 2024 9¹³

227 2044 524 2111 palatinus
563 2048 640 2096 .et
665 2059 713 2094 c.
762 2047 1017 2110 optamus
1062 2045 1183 2096 sive
1219 2045 1547 2094 nunciamus
1575 2046 1754 2100 „omni-

225 2131 340 2180 bus
375 2129 596 2195 imperii
630 2127 997 2194 electoribus,
1035 2129 1387 2195 principibus
1423 2133 1539 2179 tam
1574 2129 1755 2180 eccle·

229 2212 484 2262 siasticis
522 2227 686 2276 quam
721 2213 1097 2281 secularibus,
1136 2214 1389 2282 prelatis,
1428 2212 1755 2279 comitibus,

227 2295 432 2347 liberis
481 2294 745 2362 dominis,
791 2298 1096 2362 Equitibus
1133 2301 1349 2350 auratis
1390 2303 1467 2351 .et
1491 2315 1537 2349 c.
1586 2297 1754 2365 Capi-

224 2380 449 2444 taneis,
488 2378 814 2445 Schultetis,
852 2381 1207 2446 Consulibus,
1246 2381 1628 2447 Senatoribus,
1666 2382 1757 2433 Ci-

220 2466 426 2528 vibuS,
477 2465 861 2518 communitati
897 2471 953 2518 et
990 2467 1245 2518 omnibus
1281 2467 1511 2531 reliquis
1549 2469 1755 2519 nostris

219 2554 286 2601 et
321 2549 540 2615 imperii
575 2548 815 2602 subditis
853 2567 922 2602 ac
956 2551 1098 2615 fidis,
1134 2552 1194 2602 in
1219 2565 1550 2616 quacunque
1576 2552 1754 2619 digni-

220 2638 350 2686 tate
396 2639 621 2687 statuve
665 2640 823 2700 sunt,
886 2640 942 2686 et
988 2636 1283 2704 presertim
1330 2637 1651 2688 consulibus
1699 2643 1756 2688 et

219 2720 456 2769 senatui
499 2719 1031 2783 Franckfordiensi,
1090 2723 1147 2770 et
1204 2722 1405 2785 quibus
1449 2720 1519 2788 he
1564 2726 1753 2788 nostre

1372 2802 1449 2852 7*
