1942 3109
149 245 578 284 mrrznfflums
593 243 854 281 runem
866 242 940 278 AD
955 245 1187 280 svunvu
1202 243 1550 280 ronrxrxcmt
1574 228 1669 280 145

145 351 400 404 viandum
434 350 548 402 illis
585 350 670 400 Ea
705 351 930 414 propter
965 352 1024 398 et
1070 349 1201 412 quia
1246 363 1347 398 nos
1391 346 1669 398 desidera-

148 451 262 486 mus
299 435 442 500 quod
478 435 624 486 tales
663 449 878 486 errores
913 434 1027 484 sint
1060 433 1315 484 totaliter
1339 436 1396 484 et
1418 437 1669 498 prompte

150 522 380 574 extincti
413 525 474 572 et
507 520 708 578 aboliti
741 525 968 584 propter
1002 518 1257 583 pericula
1294 532 1401 586 que
1425 518 1671 584 poterint

147 607 530 673 supervenire,
575 605 690 656 Nos
737 603 1118 668 supplicamus
1154 605 1415 654 Vestram
1450 601 1671 652 Sancti·

148 696 314 745 tatem
350 694 566 743 tantum
593 693 650 742 et
673 693 788 740 tam
814 687 1281 740 affectuosissime
1308 689 1455 738 sicut
1478 703 1670 753 possu-

144 794 260 830 mus
286 781 349 828 ut
373 778 486 828 sibi
507 776 740 843 placeat
763 789 966 839 capere
990 774 1159 826 istam
1182 774 1477 824 materiam
1502 772 1673 836 cordi,

145 865 218 913 Et
247 865 310 912 ut
343 862 512 914 donet
547 860 951 913 ordinationem
990 861 1047 910 et
1081 858 1457 923 provisionem
1502 858 1673 910 talem

147 947 328 1012 qualis
365 946 667 1008 requiritur
701 945 760 994 in
784 945 892 994 isto
921 959 1057 1011 casu
1079 943 1335 994 habendo
1360 948 1675 1008 respectum

149 1031 218 1082 ad
251 1030 562 1081 sententias
609 1032 666 1078 et
712 1027 1196 1080 condemnationes
1242 1026 1405 1079 datas
1452 1044 1551 1092 per
1594 1028 1677 1077 di-

148 1120 266 1167 ctas
291 1116 688 1168 universitates
715 1102 970 1183 Almanie
998 1117 1055 1166 et
1076 1130 1175 1178 per
1196 1117 1442 1164 nostram
1466 1113 1675 1164 dictam

146 1201 567 1252 universitatem
601 1200 1059 1263 Parrhysiensem
1102 1199 1177 1249 Et
1222 1203 1287 1249 ut
1333 1199 1676 1267 commendet

148 1289 206 1336 et
240 1285 459 1336 ordinet
490 1284 610 1336 fieri
643 1284 844 1335 bonam
894 1289 952 1335 et
993 1285 1217 1336 brevem
1264 1283 1673 1349 expeditionem

145 1372 206 1421 in
241 1369 393 1420 dicto
427 1385 708 1435 processu.
778 1370 854 1420 Et
895 1373 1087 1420 vestra
1134 1369 1499 1420 sanctissima
1535 1367 1674 1418 San-

147 1456 317 1506 ctitas
351 1455 501 1506 ultra
536 1454 642 1506 hoc
679 1453 824 1518 quod
859 1455 1037 1506 faciet
1071 1470 1185 1504 rem
1220 1454 1321 1506 deo
1347 1454 1677 1524 acceptissi-

144 1557 289 1592 mam
323 1541 484 1593 nobis
510 1542 681 1592 etiam
705 1541 884 1592 faciet
905 1539 1409 1604 singularissimum
1434 1541 1675 1605 gratiam

146 1629 204 1677 et
237 1626 653 1690 beneplacitum
689 1627 772 1676 sic
807 1622 1087 1676 faciendo.
1162 1625 1340 1686 Quam
1385 1639 1676 1690 precamur

147 1710 522 1762 Sanctitatem
578 1712 636 1760 in
693 1713 850 1760 tanto
909 1709 1265 1759 sanctissimo
1324 1713 1483 1772 patre
1542 1709 1677 1760 deus

143 1809 311 1858 quam
355 1793 522 1858 longe
577 1793 719 1844 velit
766 1807 1097 1859 preservare
1154 1807 1321 1841 manu
1374 1798 1563 1844 tenere
1622 1798 1679 1844 et

145 1877 426 1928 custodire
461 1879 520 1926 in
554 1878 698 1928 bono
735 1877 1000 1942 regimine
1038 1881 1095 1928 et
1139 1877 1539 1942 gubernatione
1589 1894 1679 1930 ec·

145 1962 320 2028 clesie
359 1965 556 2026 sancte
593 1976 711 2027 sue.

252 2125 303 2182 (I
339 2132 504 2182 Fecit
535 2130 776 2196 idipsum
809 2130 1223 2182 illustrissimus
1261 2147 1329 2180 ac
1376 2133 1677 2184 invictissi-

141 2233 268 2270 mus
325 2218 584 2283 princeps
641 2221 698 2267 et
753 2215 1005 2268 dominus
1066 2215 1316 2268 dominus
1376 2217 1678 2270 Karolus

140 2305 288 2354 Rex
323 2302 808 2366 Hispaniarum
843 2301 1151 2370 Arragonie
1192 2306 1265 2352 .et
1293 2320 1339 2352 c.
1400 2303 1681 2355 Archidux

139 2389 368 2456 Austrie
407 2387 514 2438 dux
550 2387 868 2453 Burgundie
905 2392 962 2437 et
996 2387 1303 2454 Brabantie
1340 2390 1681 2453 gratiosissi-

140 2491 264 2525 mus
321 2480 512 2525 noster
563 2473 842 2535 dominus,
903 2471 998 2535 qui
1043 2473 1101 2521 in
1145 2487 1247 2522 sua
1295 2472 1680 2526 adolescentia

143 2559 520 2625 (omnipotens
566 2559 700 2609 deus
749 2574 871 2608 eum
919 2555 1233 2622 conservet)
1282 2563 1396 2610 tam
1440 2561 1683 2612 viriliter

140 2648 330 2694 motus
367 2645 446 2694 ad
483 2656 793 2694 summum
827 2643 1243 2708 pontificem
1270 2643 1438 2695 libros
1462 2645 1677 2696 Reueh-

139 2729 230 2784 lin
278 2729 672 2784 examinandos
709 2733 766 2782 et
801 2727 1217 2801 supprimendos
1264 2731 1573 2794 scripsit.
1641 2731 1649 2795 Ι

1343 2813 1406 2864 10
