1942 3109
247 245 347 298 324
425 259 717 296 semrom
743 259 1107 295 onsovsonvu
1130 258 1382 295 vmonvu
1404 257 1576 294 novis.

247 364 509 418 scandalo
563 367 620 415 et
669 365 894 416 miseria
952 368 1009 415 et
1050 364 1319 428 tristicia,
1374 367 1430 414 et
1478 363 1745 419 Iohannes

244 450 518 502 Reuchlin
559 449 933 514 triumphabit.
1005 449 1077 499 Et
1121 463 1306 500 omnes
1350 448 1614 515 Theolog’t
1655 451 1745 503 de·

245 537 381 588 bent
412 536 519 586 hoc
550 534 768 599 videre,
816 535 987 585 etiam
1021 535 1069 583 si
1104 533 1368 584 deberent
1401 534 1615 599 rumpi'.
1676 537 1747 586 Et

248 621 330 672 sic
364 619 526 672 video
563 618 708 683 quod
742 620 848 669 iste
884 617 1165 686 predictus
1189 618 1465 669 Iohannes
1501 618 1567 669 de
1590 621 1747 671 Wick

247 703 526 772 pretendit
561 719 681 754 esse
717 704 972 754 inimicus
1009 704 1248 755 omnium
1270 702 1664 768 Theologorum
1694 709 1745 754 et

248 795 333 841 est
385 790 543 839 homo
595 787 758 840 valde
807 787 1015 851 audax,
1076 791 1131 839 et
1175 791 1259 838 est
1303 788 1385 837 ita
1429 789 1746 838 temerarius

249 877 516 939 quantum
552 876 638 924 est
670 873 955 938 possibile.
1028 874 1147 939 Ego
1194 871 1383 924 audivi
1420 889 1453 924 a
1486 873 1750 938 Magistro

246 962 432 1010 nostro
457 959 662 1009 Iacobo
701 957 843 1022 quod
879 957 1044 1008 dixit:
1083 956 1225 1008 ‘Nisi
1257 958 1461 1007 fuisset
1492 957 1614 1021 iste,
1652 973 1751 1024 ego

245 1044 563 1096 habuissem
587 1044 920 1094 sententiam
943 1059 1041 1108 pro
1065 1058 1151 1092 me
1176 1043 1363 1092 statim
1388 1041 1607 1106 quando
1632 1045 1761 1094 veni

245 1130 507 1183 Romam‘.
567 1135 624 1178 et
647 1132 734 1179 est
764 1143 981 1192 verum,
1020 1128 1150 1191 quia
1187 1127 1354 1177 etiam
1390 1128 1459 1178 ab
1498 1128 1627 1178 aliis
1662 1144 1757 1179 au-

247 1214 386 1278 divi,
425 1212 569 1279 quod
606 1212 822 1277 quando
856 1212 1129 1278 Magister
1160 1212 1359 1262 Noster
1381 1212 1618 1264 Iacobus
1652 1215 1761 1279 pri-

247 1315 392 1350 mum
425 1299 582 1349 venit
617 1297 688 1348 ad
721 1297 1025 1348 Romanam
1061 1295 1309 1360 Curiam,
1358 1301 1489 1346 tunc
1535 1299 1647 1348 fuit
1679 1301 1762 1350 ita

247 1384 511 1436 terribilis
558 1381 702 1448 quod
738 1397 922 1432 omnes
962 1379 1249 1430 Curtisani
1282 1381 1583 1432 timuerunt
1620 1399 1761 1434 eum.

248 1469 323 1518 Et
375 1468 558 1519 nullus
613 1469 936 1532 procurator
980 1465 1160 1517 voluit
1206 1481 1327 1516 esse
1370 1482 1467 1532 pro
1510 1467 1759 1519 Iohanne

246 1551 545 1615 Reuchlin,
594 1551 725 1614 quia
770 1551 1068 1601 timuerunt
1102 1550 1272 1601 talem
1305 1552 1621 1616 magistrum
1656 1567 1754 1602 no-

249 1640 447 1700 strum,
485 1640 541 1687 et
562 1635 800 1686 Iacobus
823 1634 890 1704 de
917 1636 1339 1702 Questenbergk
1364 1637 1456 1701 qui
1478 1639 1561 1686 est
1586 1637 1759 1687 etiam

247 1721 470 1772 Amicus
513 1720 812 1784 Reuchlin,
869 1720 1111 1786 quesivit
1162 1735 1260 1786 per
1311 1725 1483 1771 totam
1532 1720 1759 1772 Romam

248 1806 498 1857 invenire
533 1821 700 1856 unum
733 1808 1171 1869 procuratorem:
1218 1809 1275 1856 et
1318 1821 1427 1856 non
1461 1807 1643 1871 potuit
1676 1807 1764 1856 in-

247 1891 464 1955 venire,
511 1890 642 1954 quia
679 1904 862 1940 omnes
899 1889 1159 1941 dixerunt
1193 1889 1335 1954 quod
1369 1891 1585 1944 vellent
1620 1892 1675 1943 ei
1709 1893 1769 1943 in

231 1975 378 2026 .a1iis
427 1975 797 2042 complacere,
844 1974 942 2027 sed
985 1977 1044 2027 in
1079 1975 1308 2040 negocio
1343 1973 1471 2025 fidei
1505 1977 1771 2028 timerent

249 2077 317 2112 ne
362 2060 633 2127 Magister
676 2061 876 2112 Noster
918 2061 1153 2112 Iacobus
1200 2061 1509 2125 inquireret
1554 2079 1648 2114 eos
1694 2061 1769 2113 ad

246 2149 449 2212 ignem.
518 2145 651 2196 Istis
697 2147 780 2196 sic
825 2147 1105 2196 stantibus
1141 2145 1295 2196 venit
1328 2146 1426 2196 ille
1463 2144 1657 2197 doctor
1696 2144 1775 2210 (si

251 2235 336 2282 est
371 2228 590 2294 dignus)
627 2229 902 2280 Iohannes
936 2229 1003 2280 de
1028 2228 1196 2280 Wick
1233 2232 1289 2279 et
1324 2229 1463 2280 dixit
1499 2230 1571 2281 ad
1606 2232 1772 2283 Iaco-

248 2316 376 2366 bum
411 2313 477 2364 de
515 2315 928 2380 Questenberg:
968 2310 1105 2378 ‘Ego
1142 2328 1260 2364 sum
1294 2319 1526 2380 paratus
1564 2316 1772 2368 offerre

249 2416 333 2452 me
382 2407 569 2450 contra
613 2399 848 2450 furorem
893 2398 1046 2451 illius
1088 2400 1379 2450 monachi'.
1451 2399 1607 2451 Tunc
1642 2400 1776 2451 Ma—

250 2485 426 2550 gister
469 2488 653 2535 noster
686 2484 922 2535 Iacobus
959 2487 1150 2550 aperte
1184 2485 1417 2536 minavit
1453 2485 1506 2534 ei
1541 2483 1775 2538 dicens:

251 2567 386 2634 ‘Ego
440 2568 566 2619 volo
623 2569 812 2618 facere
860 2569 1005 2633 quod
1048 2571 1323 2637 penitebit
1366 2572 1423 2618 te
1472 2569 1617 2632 quod
1664 2587 1776 2620 un-

252 2667 415 2718 quam
459 2651 651 2702 dixisti
691 2667 858 2702 unum
897 2656 1127 2708 verbum
1170 2671 1267 2720 pro
1310 2653 1619 2705 Reuchlin’.
1695 2657 1783 2706 Et

253 2737 442 2790 audivi
484 2737 553 2789 ab
601 2752 694 2790 ore
741 2737 859 2791 eius
903 2743 1036 2790 tunc
1090 2739 1349 2806 temporis
1406 2737 1550 2802 quod
1602 2739 1782 2808 dixit,
