1942 3109
242 221 341 272 194
418 235 706 270 ΕΡΙΒΤΟΒΕ
732 235 1100 272 OBSGVROBVH
1123 235 1380 271 vmouvx
1405 235 1578 271 NOVAE.

344 341 500 391 Dans
534 339 671 392 mihi
705 340 1086 406 disciplinam:
1189 345 1325 392 tunc
1359 341 1620 392 invocavi
1665 357 1746 410 ce-

1047 426 1223 477 lorum
1257 427 1521 492 reginam.

342 511 501 562 Tunc
524 511 861 564 exclamavit
878 511 1196 564 Storckiust
1283 510 1588 563 ‘volvamus
1613 511 1749 563 hunc

1047 597 1113 648 de
1150 596 1448 662 gradibus'.

178 669 191 678 ’
243 692 318 734 1²0
340 681 643 748 Respondit
659 684 713 733 ei
726 683 989 748 Phrygio:
1081 681 1391 748 ‘parcamus
1410 681 1750 734 sacerdotio'.

346 769 513 821 Venit
554 768 761 818 Beatus
805 767 1132 832 RhenanuS,
1239 782 1475 833 querens
1523 783 1594 818 an
1639 784 1753 818 sum

1049 852 1334 904 Almanus.

252 931 259 951 ¹
346 937 624 1004 Respondi
670 937 810 989 ‘sum
868 955 935 990 ex
978 939 1280 990 Flandria'z
1381 942 1513 989 tunc
1569 940 1752 990 statim

1049 1023 1153 1075 duo
1188 1024 1423 1075 verbera

346 1107 554 1175 Accepi
586 1125 751 1174 super
774 1110 985 1175 capite,
1089 1109 1233 1174 quod
1255 1109 1349 1161 vix
1372 1109 1525 1174 potui
1551 1110 1756 1161 audire.

346 1195 419 1243 Et
452 1195 531 1244 ivi
574 1195 705 1244 hinc
750 1194 820 1244 ad
855 1195 1171 1260 Haganaw:
1274 1193 1340 1244 do
1387 1194 1610 1246 wurden
1655 1197 1758 1246 mir

1047 1279 1135 1330 die
1173 1295 1352 1346 aug-en
1386 1279 1532 1330 blaw

247 1374 320 1416 125
354 1365 461 1415 Per
505 1367 588 1428 te,
635 1359 987 1429 wolffg-ange
1032 1363 1234 1430 Auget,
1339 1363 1473 1414 Gott
1515 1365 1608 1430 gib
1657 1365 1760 1416 das

1047 1449 1118 1500 du
1151 1450 1378 1515 hengst,

350 1536 493 1597 Quia
529 1550 613 1584 me
653 1550 774 1584 cum
808 1535 1010 1586 baculo
1113 1549 1468 1600 percusseras
1492 1535 1550 1584 in
1575 1536 1756 1586 oculo.

346 1619 601 1670 Accurrit
636 1623 821 1672 autem
856 1619 1166 1684 Set-‚aerium
1271 1620 1364 1685 qui
1395 1620 1491 1672 vix
1527 1624 1614 1670 est
1646 1621 1758 1671 Ba-

1051 1705 1284 1771 clarina,

350 1789 483 1842 Cum
526 1805 634 1842 uno
680 1807 877 1857 magno
921 1791 1198 1842 volumine
1311 1791 1626 1856 percutiens
1668 1807 1758 1842 me

1045 1878 1104 1926 in
1136 1863 1348 1940 latereJ

348 1961 507 2026 Quod
538 1977 649 2012 non
682 1961 855 2013 habui
878 1962 1160 2027 spiritum:
1263 1965 1395 2011 tunc
1419 1962 1574 2012 oravi
1594 1960 1764 2012 illum

1047 2049 1282 2111 socium,

251 2145 323 2186 130
359 2134 514 2200 Quod
538 2135 781 2185 facerem
806 2133 1206 2186 confessionem
1221 2169 1235 2197 ,
1340 2133 1471 2196 quia
1495 2133 1768 2183 haberem

1051 2218 1361 2270 Contrition
1367 2233 1450 2268 em
1462 2236 1476 2281 3

350 2303 459 2356 Sed
484 2321 583 2370 ego
606 2305 664 2354 in
686 2305 867 2355 noctis
890 2304 1068 2356 medio
1171 2305 1384 2355 surrexi
1407 2302 1474 2354 de
1499 2303 1767 2355 cubiculo

254 2395 271 2412 ·
348 2390 423 2439 Et
455 2390 535 2441 ivi
572 2389 641 2440 ad
674 2391 1050 2456 Friburgiam,
1164 2404 1398 2458 querens
1447 2388 1768 2440 misericor—

1049 2475 1225 2526 diam:

352 2558 459 2610 Sed
494 2561 573 2611 ibi
606 2561 766 2611 multi
796 2561 1037 2626 nobiles,
1142 2560 1339 2610 armati
1363 2563 1420 2609 et
1440 2558 1770 2622 horribileS,

352 2646 621 2701 Reuchlin
646 2645 1035 2710 defenderunt,
1139 2651 1198 2694 et
1228 2644 1362 2694 mihi
1395 2647 1622 2695 mortem
1657 2644 1769 2693 mi-

1048 2732 1320 2790 naverunt
1333 2747 1348 2798 ς
