1942 3109
131 233 600 278 Lmsnnomzs
637 231 940 271 osscvnon.
965 232 1155 271 vinca.
1182 218 1497 285 [varanna]
1550 219 1653 272 215

127 355 342 395 veneno
395 339 530 406 (quo
583 339 880 406 plurimum
935 337 1213 404 abundas)
1274 353 1463 391 omnes
1520 339 1653 390 istic

127 427 416 493 theologos
491 421 742 476 interfice
765 461 780 489 ‚
847 421 1061 488 nosque
1136 437 1355 491 semper
1430 424 1655 476 maximi

127 509 348 577 facim]

40 647 66 696 ’Ξ-
40 481 68 610 Εἰιᾎ
40 397 69 438 ζ’.
43 265 70 330 ἐκ

480 678 642 744 Leo
685 659 894 764 papa
936 677 1295 741 decimus

81 788 106 827 5
129 785 416 838 Universis
465 787 522 835 et
565 782 803 848 singulis
848 783 1138 849 presentes
1192 779 1413 832 litteras
1466 782 1654 848 inspe-

129 872 300 921 cturis
347 867 597 919 Salutem
653 871 712 918 et
769 865 1136 932 apostolicam
1188 865 1650 918 benedictionem.

125 949 508 1004 Intelleximus
544 965 654 1002 non
689 951 810 1002 sine
847 952 1009 1016 gravi
1042 950 1215 1001 animi
1237 949 1495 1002 molestia
1517 965 1653 1003 non-

39 747 64 950 -ἻΞὩ

39 1009 50 1110 ξ
127 1035 314 1088 nullos
351 1035 668 1102 iniquitatis
706 1033 866 1100 filios,
903 1051 938 1086 a
976 1049 1204 1100 quorum
1240 1033 1417 1086 oculis
1452 1033 1543 1086 dei
1566 1039 1652 1086 at-

40 1119 42 1126 '
130 1138 236 1188 que
261 1123 540 1174 hominum
561 1120 727 1172 timor
753 1120 1025 1183 abcessit,
1060 1118 1317 1184 improba
1336 1133 1405 1170 ac
1428 1119 1652 1171 damna-

55 1213 108 1254 10
125 1208 230 1260 bili
275 1211 333 1258 et
375 1205 674 1257 temeraria
719 1205 1072 1270 loquacitate
1130 1202 1325 1254 ductos
1377 1204 1652 1268 quendam

123 1289 379 1343 libellum
422 1289 718 1354 famosum,
782 1289 940 1340 cuius
984 1288 1185 1340 titulus
1243 1291 1329 1340 est
1370 1287 1651 1360 ‘Epistole

40 1415 49 1454 ¹»-
127 1377 482 1442 obscurorum
515 1375 758 1425 virorum
806 1373 876 1423 ad
907 1372 1290 1424 venerabilem
1322 1374 1502 1425 virum
1536 1358 1649 1424 ma-

125 1461 358 1527 gistrum
395 1457 699 1510 Ortwinum
735 1455 990 1509 Gratium
1035 1457 1500 1510 Daventriensem
1546 1455 1651 1529 0⁰·.

122 1547 272 1613 lonie
307 1543 613 1612 Agrippine
647 1543 826 1595 bonas
861 1541 1087 1594 litteras
1122 1541 1438 1608 docentem,
1476 1545 1533 1594 et
1566 1536 1677 1616 re‘ffi

40 1619 317 1694 ÷151iqua2
367 1629 555 1692 edere,
605 1631 662 1678 et
699 1627 906 1680 editum
940 1627 1185 1692 imprimi
1217 1627 1433 1692 facere,
1480 1631 1649 1692 atque

122 1713 194 1764 ad
229 1712 480 1763 diversas
525 1714 674 1763 orbis
703 1698 1056 1778 provincias,
1106 1725 1213 1774 quo
1260 1725 1448 1762 eorum
1480 1715 1650 1764 teme-

122 1797 262 1846 ritas
319 1796 502 1845 notior
559 1794 742 1860 fieret,
805 1797 861 1847 et
914 1794 1303 1847 scandalorum
1360 1797 1651 1847 materiam

121 1878 379 1929 diffusius
423 1879 790 1944 seminarent,
836 1881 1059 1932 mittere
1095 1881 1514 1949 presumpsisse.
1583 1880 1652 1930 In

40 1951 44 1998 ἶ
124 1979 235 2029 quo
270 1961 465 2014 libello
501 1962 648 2012 inter
683 1967 870 2014 cetera
919 1967 1116 2015 contra
1151 1978 1310 2035 sacre
1346 1961 1651 2033 Theologie

40 2041 102 2104 {20
125 2053 184 2101 et
228 2048 494 2114 precipue
541 2045 748 2097 ordinis
795 2039 1031 2105 fratrum
1063 2048 1484 2115 Predicatorum
1526 2061 1648 2114 pro-

119 2135 385 2195 fessores,
425 2136 480 2181 et
505 2129 854 2182 Coloniensis
891 2146 958 2180 ac
994 2131 1395 2184 Parrhisiensis
1430 2131 1651 2184 Studio-

40 2215 42 2226 '
119 2231 243 2268 rum
275 2217 338 2265 in
373 2215 564 2266 eadem
583 2213 895 2288 Theologia
926 2215 1241 2281 magistros,
1268 2215 1510 2280 Quorum
1546 2216 1649 2268 ali-

40 2303 42 2322 ²
122 2301 222 2369 qui
265 2300 592 2373 nominatim
629 2302 1031 2365 exprimuntur,
1080 2302 1165 2350 tot
1198 2301 1407 2366 iurgia,
1456 2305 1649 2352 contu-

118 2386 290 2440 melie
351 2389 408 2436 et
466 2383 713 2436 convitia
770 2383 1155 2450 proferuntur,
1216 2387 1273 2434 et
1330 2384 1475 2435 alias
1532 2389 1647 2435 tam

40 2482 100 2526 25
122 2487 327 2539 spurce
389 2472 446 2520 et
501 2468 821 2535 petulanter
887 2468 1173 2520 invehitur
1192 2507 1207 2534 ,
1279 2457 1647 2521 convertendo

120 2558 297 2608 etiam
342 2554 414 2609 ad
459 2552 720 2606 scurrilia
763 2569 928 2606 sacra
976 2554 1229 2618 eloquia,
1286 2558 1351 2605 ut
1392 2554 1651 2621 expediat

117 2643 461 2706 quantocius
509 2654 608 2706 pro
646 2638 964 2708 Christiane
1010 2637 1301 2706 religionis
1337 2638 1542 2690 honore
1577 2637 1649 2690 il-

114 2727 228 2783 lius
264 2725 562 2783 lectionem
597 2722 865 2797 tanquam
899 2725 1085 2784 labem
1128 2724 1455 2798 pestiferam
1491 2739 1525 2776 a
1560 2739 1646 2780 re*-
