1942 3109
263 237 358 289 112
409 253 788 290 rnrnmcomu
811 251 1049 289 numus.
1062 251 1281 290 comum
1300 251 1501 289 nuos.
1518 253 1574 288 Ο.
1590 254 1649 291 V.
1666 256 1795 298 13121’.

255 357 582 423 inquisitor,
619 355 874 409 libellum
911 357 1186 423 quendam
1222 357 1291 408 ad
1324 371 1425 408 nos
1461 356 1673 410 attulit
1710 377 1795 414 se-

256 443 434 496 decim
467 441 612 494 folia
647 444 1051 508 continentem,
1089 454 1250 507 quem
1286 437 1343 494 et
1375 441 1498 508 ipse
1534 445 1705 509 prius
1743 453 1797 498 et

255 527 598 581 venerabilis
622 528 867 579 decanus
889 532 1123 592 totaque
1146 541 1310 578 sacra
1332 527 1673 595 theologica
1708 533 1793 582 fa-

259 613 442 664 cultas
465 613 610 682 alme
635 614 1022 665 universitatis
1048 611 1398 664 coloniensis
1431 628 1536 678 per
1558 614 1793 668 litteras

257 701 542 765 petierunt
573 714 674 764 per
707 713 808 750 nos
840 699 956 764 legi
992 701 1050 748 et
1081 697 1305 748 visitari
1340 701 1397 748 et
1430 713 1505 748 an
1530 704 1701 752 recta
1726 718 1793 752 ac

255 786 480 849 integra
501 798 601 849 per
623 784 808 834 omnia
833 787 1021 834 essent
1044 783 1151 849 que
1189 783 1508 834 contineret
1544 788 1791 837 censeri.

263 860 318 918 (I
350 869 466 918 Nos
503 883 635 918 vero
669 868 927 919 volentes
962 867 1206 918 libenter
1240 871 1355 917 tam
1378 871 1645 919 sanctam
1670 888 1793 938 pro·

259 954 503 1006 vinciam
549 952 736 1018 obire,
780 951 1040 1005 volentes
1084 953 1219 1003 item
1257 960 1672 1023 prememorata
1708 957 1791 1006 fa-

263 1039 464 1090 cultati
498 1038 556 1088 in
581 1038 782 1102 quibus
805 1051 1099 1103 possumus
1133 1033 1457 1103 gratificari,
1496 1037 1671 1103 idque
1695 1057 1793 1106 pro

258 1123 436 1176 veteri
470 1124 617 1173 inter
650 1135 752 1173 nos
785 1121 1321 1192 predecessoresque
1356 1126 1585 1173 nostros
1618 1127 1793 1187 atque

260 1224 355 1259 eos
391 1207 666 1274 singulari
698 1205 1111 1258 necessitudine
1144 1203 1400 1258 libellum
1434 1207 1796 1274 prenomina-

257 1299 374 1344 tum
420 1307 519 1359 per
562 1293 786 1358 singula
828 1291 970 1343 folia
1002 1282 1211 1343 notarii
1244 1291 1421 1342 nostri
1452 1307 1628 1342 manu
1662 1295 1795 1344 sub-

262 1380 560 1444 signatum,
599 1377 928 1441 quibusdam
954 1388 1022 1428 ex
1050 1375 1423 1427 confratribus
1458 1378 1677 1429 nostris
1712 1380 1795 1430 vi-

260 1461 568 1525 sitandum,
604 1447 899 1526 legendum
937 1459 1477 1527 examinandumque
1514 1465 1798 1515 commisi-

260 1559 380 1595 mus
428 1547 485 1595 et
527 1540 725 1596 deinde
781 1545 893 1610 ipsi
938 1556 1157 1608 quoque
1205 1559 1397 1597 omnes
1434 1561 1553 1597 una
1602 1549 1799 1601 eodem

261 1630 319 1679 in
353 1628 477 1680 ioco
516 1629 868 1695 congregati,
907 1641 1019 1692 qua
1053 1630 1331 1694 potuimus
1364 1629 1681 1696 vigilan-tia
1716 1633 1799 1685 vi-

262 1713 554 1766 sitavimus
583 1717 640 1765 et
663 1713 980 1780 relegimus,
1008 1713 1230 1780 sing-ula
1249 1713 1508 1781 diligenti
1533 1719 1800 1771 examine

261 1799 686 1868 perpendentes.
733 1798 891 1863 Quod
913 1797 1134 1862 quidem
1162 1810 1284 1849 cum
1308 1800 1648 1867 faceremus,
1676 1803 1803 1854 uni-

266 1885 506 1936 corditer
541 1883 872 1946 censuimus,
909 1881 1162 1933 libellum
1185 1885 1367 1948 ipsum
1389 1885 1570 1937 variis
1596 1889 1806 1939 errori-

263 1970 365 2022 bus
402 1973 458 2022 et
494 1968 896 2021 assertionibus
931 1969 1007 2018 in.
1026 1965 1132 2020 fide
1157 1985 1267 2020 non
1290 1982 1489 2035 parum
1512 1975 1809 2039 suspectis

263 2058 474 2122 passim
510 2069 633 2107 esse
671 2066 984 2120 respersum
1021 2057 1078 2105 et
1111 2053 1365 2119 inprimis
1390 2055 1678 2121 pertinaci
1702 2059 1808 2109 Iu-

264 2141 488 2209 deorum
510 2139 737 2205 perfidie
765 2143 1144 2189 consentanea
1180 2139 1484 2190 continere.
1542 2141 1811 2210 Ideoque

267 2223 612 2276 concorditer
633 2221 996 2284 unanimique
1021 2223 1309 2289 suffragio,
1332 2227 1554 2276 matura
1578 2225 1811 2282 delibe-

263 2307 482 2358 ratione
517 2306 730 2374 previa,
766 2304 1138 2356 iudicavimus
1175 2306 1429 2360 libellum
1463 2325 1576 2361 non
1612 2314 1811 2366 solum

266 2407 387 2444 esse
406 2391 766 2444 reficiendum
791 2405 859 2441 ac
879 2391 1300 2458 reprobandum,
1324 2393 1617 2460 ipsiusque
1633 2413 1811 2451 usum

265 2476 518 2528 omnibus
539 2476 915 2541 inhibendum,
950 2479 1313 2530 verumetiam
1347 2483 1523 2530 totum
1548 2479 1681 2546 igni
1712 2501 1809 2536 ex-

265 2558 558 2623 urendum,
603 2563 666 2608 ut
703 2573 944 2610 errorum
987 2561 1161 2626 ipsius
1198 2563 1354 2612 nulla
1390 2563 1547 2614 radix
1588 2571 1811 2631 exstet,

265 2641 410 2692 unde
447 2641 626 2694 eidem
658 2642 836 2694 denuo
872 2644 1151 2709 pullulare
1186 2647 1422 2710 possint.
1490 2647 1557 2696 In
1596 2649 1815 2703 horum

269 2730 454 2776 autem
479 2727 853 2778 testimonium
879 2729 1193 2780 curavimus
1219 2730 1364 2780 hanc
1388 2736 1639 2783 nostram
1668 2751 1815 2787 sen·
