1942 3109
165 276 412 316 svnun.
427 276 556 314 nne.
571 276 642 313 nn
657 275 960 314 etun-nin
986 274 1227 314 ament..
1250 276 1551 315 musci-o.
1590 262 1689 315 163

159 382 400 446 tuente‚'
429 398 686 448 magnam
720 382 970 451 Aug-uste
1008 383 1400 433 contumeliam
1436 398 1469 432 a
1503 382 1690 450 Iudeis

163 483 286 519 sum
329 482 653 533 perpessus,
711 468 792 517 ita
841 468 1011 519 etiam
1058 466 1216 533 (proh
1259 466 1435 534 pudor
1478 467 1690 532 nephas

166 556 256 603 est
289 552 496 618 dicere)
523 556 586 601 ut
607 553 819 602 inimici
845 554 1028 603 erucis
1054 551 1291 617 Christi,
1328 553 1491 602 nobis
1518 552 1691 603 omni-

163 640 270 689 bus
313 629 640 702 illudentes,
688 638 864 688 solum
907 638 1175 688 Ioannem
1216 637 1491 689 Reuchlin
1534 637 1692 687 velut

163 738 324 775 suum
379 726 572 774 eontra
615 727 863 773 nostram
907 723 1234 788 religionem
1280 726 1575 787 patronum
1622 738 1689 771 ae

163 808 510 860 defensorem
545 809 604 859 in
637 808 816 876 celum
852 808 1134 859 tollerent.
1210 798 1263 858 ([
1299 807 1361 859 Si
1404 822 1537 859 vero
1586 805 1691 855 ali-

165 895 292 959 quis
325 893 460 943 mihi
495 894 766 943 obiecerit
801 892 905 943 ‘Tu
937 893 1162 943 minime
1197 893 1397 959 dignus
1422 897 1485 943 ut
1507 896 1691 941 tecum

165 978 302 1028 talis
339 992 408 1027 ae
444 980 636 1026 tantus
669 978 757 1027 vir
791 976 1025 1027 iuridiee
1073 980 1369 1042 quiequam
1414 980 1577 1042 agat,
1624 990 1691 1025 eo

166 1061 314 1127 quod
358 1066 414 1111 te
458 1060 842 1111 macellarium
876 1062 934 1110 in
968 1060 1247 1112 Iudaismo
1285 1065 1343 1113 et
1376 1062 1445 1111 ob
1484 1062 1691 1110 crimen

165 1147 406 1214 pecunia
451 1144 790 1210 redemptum
823 1145 1209 1215 Reuchliniste
1254 1160 1412 1197 suum
1456 1150 1694 1196 temera-

163 1238 342 1282 torem
377 1233 676 1295 sequentes
709 1231 1086 1295 ingeminent'‚
1121 1230 1447 1297 Respondeo
1473 1244 1573 1295 per
1595 1230 1693 1279 tri-

166 1316 342 1366 bunal
389 1314 689 1366 salvatoris
733 1315 910 1365 nostri
955 1316 1228 1379 futurum,
1277 1316 1383 1383 hee
1428 1314 1613 1365 omnia
1660 1329 1693 1363 a

167 1399 394 1465 perfidis
451 1398 638 1466 Iudeis
695 1400 842 1450 false
895 1402 1217 1466 excogitata
1273 1404 1331 1451 et
1368 1395 1452 1449 'ab
1508 1398 1693 1463 impiis

169 1484 508 1535 Christianis
541 1484 601 1533 in
638 1486 1029 1535 contumeliam
1062 1486 1170 1537 mei
1205 1486 1441 1536 nominis
1490 1480 1693 1548 (ut'la-

168 1572 282 1621 tius
308 1571 454 1620 infra
480 1569 828 1635 probabitur)
855 1570 1021 1621 nimis
1057 1570 1284 1637 indigne
1320 1568 1691 1637 promulgata.

171 1654 408 1705 Cessent
451 1652 634 1720 igitur'
670 1654 814 1705 talia
859 1656 1020 1706 nobis
1066 1656 1349 1713 obiectare
1398 1670 1505 1722 que
1550 1652 1693 1703 nihil

171 1739 244 1790 ad
279 1753 394 1789 rem
427 1739 665 1789 faciunt.
736 1739 878 1789 Nam
913 1744 1036 1790 uter
1071 1743 1319 1790 nostrum
1363 1741 1439 1789 sit
1480 1739 1695 1802 melior,

171 1824 281 1873 soli
315 1822 418 1873 deo
456 1825 542 1871 est
575 1826 790 1886 notum,
839 1825 934 1887 qui
969 1838 1081 1873 non
1114 1823 1407 1874 verborum
1442 1836 1695 1887 pompam

173 1909 274 1957 aut
317 1907 618 1956 oratoriam
661 1906 961 1970 luxuriem,
1016 1907 1115 1959 sed
1159 1907 1363 1957 nudam
1406 1904 1696 1957 dumta‘xat

170 1991 468 2043 veritatem
514 1990 774 2039 intuetur.
846 1990 970 2040 Hoe
1018 1994 1205 2042 tamen
1250 1990 1427 2040 ausim
1472 1990 1539 2039 de
1584 2004 1695 2039 me-

175 2078 298 2141 ipso
349 2076 492 2125 eitra.
537 2074 869 2123 iactantiam
914 2074 1190 2139 profiteri,
1247 2090 1397 2125 meos
1443 2074 1615 2126 libros
1665 2091 1698 2124 a

174 2159 334 2210 nulla
371 2173 615 2222 unquam
649 2159 1021 2210 universitate
1056 2160 1231 2211 fuisse
1258 2159 1565 2225 damnatOS,
1602 2156 1697 2209 ad·
1738 2206 1743 2211 .

173 2243 416 2295 versarii
459 2257 591 2295 vero
646 2259 756 2295 non
811 2244 968 2296 modo
1022 2244 1341 2311 damnatos,
1394 2260 1585 2299 verum
1644 2233 1728 2295 ef*

173 2328 400 2396 publice
446 2326 595 2376 haud
641 2328 963 2381 indecenter
1012 2330 1345 2381 combustos.
1428 2329 1586 2392 Quod
1641 2330 1699 2379 in

174 2414 338 2465 nobis
373 2411 540 2477 quale
579 2414 653 2463 sit
688 2412 985 2485 probitatis
1020 2414 1237 2479 sig-num
1271 2428 1381 2463 non
1416 2417 1500 2464 est
1520 2428 1696 2463 meum

175 2493 442 2551 iudie'are.
507 2489 560 2549 ([
584 2500 744 2551 Nune
769 2497 930 2549 finem
954 2498 1086 2548 huie
1122 2501 1415 2551 summario
1450 2500 1697 2565 impona-

175 2601 314 2636 mus.
401 2586 708 2651 Postquam
751 2583 1055 2652 orthodoxe
1112 2582 1241 2634 fidei
1292 2584 1584 2650 negocium
1636 2588 1700 2633 ut

175 2670 354 2720 multa
389 2672 508 2721 alia.
543 2686 652 2741 que
689 2670 940 2737 superius
978 2673 1107 2719 sunt
1152 2668 1439 2735 explicata·
1481 2674 1689 2719 transe-

174 2758 338 2806 unter
373 2756 664 2820 omittam‚'
689 2755 758 2807 ad
783 2760 1197 2808 sacrosanctam
1222 2754 1407 2807 sedem
1432 2752 1699 2822 apostoli·

1330 2840 1435 2893 11*
