1942 3109
201 293 337 332 saur.
362 291 484 329 uc.
511 291 714 328 trason.
735 290 1021 327 sarnum).
1044 290 1101 326 n.
1118 284 1164 326 3.
1180 287 1400 326 sari-,m
1416 284 1530 326 1513.
1605 274 1699 325 117

200 397 547 461 coloniensis,
572 400 786 463 patrem
811 393 1191 447 Bernhardum
1216 394 1283 446 de
1308 395 1701 459 Lutzenburgo

197 481 451 546 requisiti,
487 497 596 548 quo
632 481 886 534 libellum
910 480 1184 546 quendum
1208 479 1399 530 decem
1425 483 1481 530 et
1501 493 1699 530 novem

199 567 492 618 chartarum
528 567 595 618 de
631 567 914 618 erroribus
949 565 1144 629 falsis,
1180 565 1395 629 impiis,
1431 563 1575 614 male
1612 579 1700 614 so-

192 652 456 716 nantibus,
494 667 564 704 ac
597 651 863 720 hereticis
899 650 1373 716 propositionibus
1406 648 1701 699 multorum

189 738 430 804 opinione
453 728 775 803 suspectum
799 735 1195 798 revideremus‚
1232 734 1700 785 examinaremus-

188 838 304 887 que‚
338 837 556 874 necnon
580 825 638 873 et
661 824 856 873 nostra
889 819 956 870 de
983 819 1085 870 illo
1122 834 1219 884 pro
1256 818 1480 886 illibate
1516 816 1698 868 ortho-

185 906 424 973 doxeque
459 906 588 958 fidei
622 905 988 957 attestatione
1034 906 1093 955 et
1126 902 1383 954 scandali
1416 904 1697 954 amotione

187 991 517 1056 aperiremus
577 991 940 1052 sententiam,
1000 988 1501 1052 sentimentumque
1559 1004 1697 1054 pan-

185 1075 428 1126 deremus
483 1074 641 1125 iuxta
696 1073 1061 1140 professionis
1115 1075 1307 1140 nostre
1354 1071 1599 1123 debitum
1642 1077 1700 1124 et

181 1159 470 1210 charitatis
495 1158 694 1225 legem,
719 1159 996 1224 refragari
1019 1154 1167 1209 votis
1190 1157 1401 1221 nephas
1427 1156 1696 1209 duximus.

181 1245 356 1307 Quum
379 1243 572 1308 itaque
595 1243 909 1294 iamdudum
931 1244 1093 1292 iuxta
1118 1241 1360 1310 cesaree
1380 1241 1699 1293 Maiestatis

180 1326 613 1378 commissionem
662 1341 762 1393 per
793 1327 1335 1380 Reverendissimum
1380 1327 1438 1376 in
1476 1325 1697 1378 Christo

173 1417 388 1478 patrem
423 1415 480 1462 et
513 1411 790 1463 dominum
823 1411 1100 1462 dominum
1132 1411 1380 1462 Urielem
1402 1410 1697 1478 Archipre·

173 1497 351 1549 sulem
373 1495 758 1563 Mogunti'num
793 1498 942 1548 sacri
979 1497 1196 1562 imperii
1220 1511 1319 1562 per
1341 1495 1697 1548 Germaniam

168 1581 746 1634 Archicancellarium
781 1597 852 1631 ac
885 1582 1196 1647 principem
1231 1581 1581 1646 electorem„
1602 1579 1697 1632 do-

169 1667 375 1717 minum
417 1670 664 1717 nostrum
721 1666 1185 1731 gratiosissimum
1239 1670 1295 1718 et
1342 1666 1697 1732 ordinarium,

167 1766 340 1816 super
375 1750 543 1802 dubio
577 1749 646 1802 de
685 1749 846 1800 libris
871 1749 1161 1817 Iudeorum
1188 1751 1569 1802 comburendis
1592 1767 1697 1803 nec

163 1851 234 1886 ne
271 1833 623 1887 discutiendo
657 1834 820 1886 nobis
857 1834 1183 1898 exhibitam,
1218 1834 1397 1888 veluti
1432 1835 1696 1886 obedien·

161 1919 246 1986 tie
285 1917 392 1969 filii
425 1924 591 1984 prout
622 1921 785 1972 nobis
819 1922 1003 1971 visum
1037 1920 1224 1970 fuerat
1248 1920 1349 1970 sub
1374 1919 1547 1972 solita
1570 1935 1695 1985 pro·

159 2005 474 2055 testatione
519 2005 972 2071 responderemus
1012 2002 1312 2070 Cesar-eam
1348 2003 1695 2054 maiestatem

155 2105 230 2139 ae
278 2089 366 2139 ita
413 2091 664 2152 quemvis
707 2089 881 2142 alium
925 2088 1235 2155 principem
1286 2103 1387 2152 per
1429 2087 1695 2140 terminos

153 2173 253 2220 sui
284 2171 532 2224 dominii
574 2175 782 2237 teneri,
841 2174 1042 2226 nedum
1087 2171 1286 2224 dec-ere
1330 2175 1395 2222 ut
1438 2188 1473 2221 a
1507 2171 1696 2240 Iudeis

153 2254 347 2304 libros
372 2253 626 2306 falsitate
653 2272 721 2306 ac
743 2258 1110 2324 blasphemiis
1138 2257 1433 2309 christiani
1456 2258 1695 2310 nominis

148 2341 424 2401 notatos,
475 2336 675 2401 quibus
719 2341 780 2389 in
823 2343 910 2390 sui
953 2343 1257 2407 perniciem
1294 2342 1601 2394 educantur
1636 2346 1693 2392 et

145 2424 330 2488 quasi
378 2424 449 2474 ab
494 2422 760 2473 uberibus
802 2423 987 2474 odium
1031 2426 1090 2474 in
1135 2426 1343 2477 Christi
1386 2426 1689 2477 salvatoris

141 2509 344 2560 nostri
377 2523 577 2559 nomen
611 2512 842 2573 sugunt,
881 2508 1197 2573 quicunque
1233 2510 1323 2560 illi
1356 2512 1488 2575 sint,
1533 2526 1688 2576 pror·

141 2608 252 2643 sus
293 2593 485 2657 tollat,
521 2596 684 2658 prout
719 2590 774 2642 e't
798 2593 1094 2644 retroactis
1130 2593 1341 2661 seculis
1374 2597 1443 2647 ab
1481 2598 1687 2647 utrius-

139 2691 264 2739 que
307 2680 492 2728 status
528 2677 875 2744 principibus
899 2693 1009 2729 non
1034 2680 1207 2730 semel
1241 2679 1563 2732 factitatum
1596 2679 1688 2729 lit-

136 2760 311 2810 teris'
350 2761 624 2826 proditum
669 2763 931 2830 legimus,
980 2763 1433 2829 quemadmodum
1466 2765 1688 2829 plenius
