1942 3109
683 270 954 310 vomam«
991 268 1258 307 rsnnvu.
1628 248 1733 305 439

931 510 1014 562 10.

315 634 603 703 Tympana
660 628 989 685 horrendum
1045 642 1145 699 per
1194 628 1417 697 plateas
1470 628 1741 681 Parnassi

208 722 579 787 resonabant,
630 730 1027 785 campanarum
1071 715 1337 782 strepitus
1384 714 1636 766 omnibus
1681 716 1741 765 et

207 808 447 876 singulis
490 807 768 857 horrorem
803 802 1146 869 incutiebat,
1195 798 1522 854 Bombardse
1567 798 1739 851 maio·

209 910 300 945 res
334 895 396 943 in
428 890 582 943 vallo
618 890 903 955 ingentem
937 888 1217 953 fragorem
1251 884 1523 953 edebant,
1560 888 1740 938 totus—

214 992 321 1041 que
375 975 692 1024 Parnassus
747 970 818 1021 ad
873 984 1029 1021 arma
1086 969 1397 1035 clamabat,
1459 971 1739 1037 currebat,

213 1057 659 1121 videbanturque
694 1056 805 1106 ima
841 1069 900 1107 se
936 1054 1172 1106 miscere
1207 1052 1525 1121 profundisz
1575 1054 1741 1106 Plato

212 1145 446 1197 barbam
479 1141 741 1193 dentibus
776 1136 1031 1193 mordens
1064 1138 1227 1192 vultu
1262 1154 1373 1190 non
1409 1138 1545 1191 adeo
1580 1138 1739 1191 blan-

213 1228 314 1292 do,
366 1226 565 1293 lingua
605 1230 793 1276 tamen
835 1222 1162 1276 facundiore
1209 1224 1414 1290 primas
1461 1222 1573 1275 sibi
1614 1222 1741 1290 'prae

213 1310 517 1363 Aristotele
553 1310 774 1377 ingrato
801 1307 1023 1361 cucullo
1046 1308 1268 1373 debere,
1304 1306 1742 1377 vociferebatur,
1826 1350 1833 1355 .

216 1395 607 1449 contendebat.
679 1392 788 1447 Sed
830 1394 943 1445 huc
992 1392 1214 1459 adeste,
1262 1392 1558 1461 plusquam
1593 1398 1741 1447 sten-

210 1485 368 1534 torea
391 1496 532 1533 voce
559 1480 894 1532 audiebatur
913 1479 1270 1546 Aristoteles,
1298 1478 1435 1546 Quis
1459 1494 1545 1533 me
1568 1481 1744 1533 maior

212 1568 466 1619 exstitit?
503 1582 663 1618 ovum
699 1566 918 1633 gallina
953 1566 1304 1633 sapientius?
1349 1566 1463 1617 En!
1498 1566 1744 1619 Politica

211 1667 338 1702 mea
371 1667 470 1715 pro
504 1652 709 1711 lorica,
753 1650 964 1716 Magna
998 1650 1237 1703 moralia
1272 1666 1371 1716 pro
1408 1634 1597 1716 scfit0,
1636 1650 1739 1703 Or·

211 1750 398 1803 ganon
454 1749 553 1799 pro
611 1733 892 1785 machaera
949 1736 1215 1801 ancipiti!
1284 1732 1473 1785 Nolite
1530 1734 1742 1794 cedere,

211 1822 387 1871 fortes
419 1833 524 1870 vos
559 1820 836 1884 praebete:
871 1818 996 1870 Non
1030 1819 1207 1871 minor
1244 1819 1389 1870 enim
1426 1822 1513 1870 est
1544 1820 1739 1883 virtus,

215 1916 382 1967 quam
427 1898 676 1965 discere,
725 1902 891 1951 docta
933 1904 1096 1953 tueri.
1180 1901 1322 1955 Cato
1382 1907 1541 1954 torvo
1584 1903 1747 1957 vultu

212 1999 313 2053 per
347 1984 570 2050 plateas
607 1983 1156 2048 circumcursitabat,
1193 2000 1377 2049 pugno
1416 2001 1519 2050 pro
1556 1986 1743 2051 gladio

212 2084 434 2134 usurus,
461 2067 666 2118 Omnes
703 2070 938 2134 pereant
975 2066 1045 2117 ad
1080 2081 1265 2131 unum,
1306 2068 1512 2118 nemini
1544 2083 1745 2134 parca-

213 2160 334 2216 tur,
390 2153 509 2201 sive
555 2154 767 2203 amicus
811 2152 932 2203 sive
980 2152 1237 2204 inimicus
1294 2153 1400 2217 sit,
1459 2154 1744 2221 rugiebat3

216 2238 365 2287 Zeno
420 2250 550 2288 vero
607 2236 677 2288 ad
731 2236 995 2304 angulum
1048 2236 1257 2304 plateae
1313 2238 1497 2291 fronte
1546 2255 1745 2294 serena

215 2320 653 2389 perplacidaque
699 2323 1040 2390 consistens,
1098 2328 1153 2375 et
1198 2324 1256 2373 in
1303 2325 1430 2375 sinu
1474 2324 1741 2391 gaudens,

217 2408 352 2459 ‘suis
389 2420 452 2459 se
489 2406 708 2473 gladiis·
737 2409 1069 2474 periment',
1098 2408 1246 2458 intra
1282 2424 1343 2459 se
1379 2411 1558 2475 ipsum
1594 2410 1747 2464 dice·

200 2493 330 2545 bat.
399 2492 627 2557 Reliqui
670 2506 855 2545 omnes
901 2509 1012 2559 quo
1060 2506 1121 2543 se
1154 2490 1478 2559 vertebant,
1527 2499 1745 2549 nescie-

211 2576 380 2643 bant,
439 2576 580 2628 dum·
610 2574 824 2644 Apollo.
856 2577 1067 2629 medios
1111 2578 1261 2629 inter
1302 2584 1634 2646 praesentem
1680 2596 1742 2633 se

215 2661 388 2727 stitit,
448 2666 506 2713 et
547 2676 673 2728 quse
725 2664 960 2714 istarum
1014 2663 1301 2715 turbarum
1358 2678 1558 2730 causa,
1620 2680 1744 2729 quse

216 2745 470 2810 occasio,
540 2748 817 2817 quaesivit.
901 2746 1009 2823 Cui
1068 2764 1191 2803 cum
1248 2748 1345 2799 diu
1400 2746 1741 2816 multumque
