1942 3109
220 227 323 280 868
400 240 689 278 muamus
714 239 1080 278 onscvnonvx
1101 240 1356 278 vmoavu
1381 239 1558 280 nou.

220 353 343 412 ten,
389 349 717 414 Magistrum
750 350 995 398 nostrum
1029 345 1327 398 Arnoldum
1361 345 1428 396 de
1463 346 1739 414 Tangam,

222 439 279 484 et
312 433 639 500 Magistrum
674 435 919 482 nostrum
952 431 1286 497 Remigium,
1325 435 1383 482 et
1399 431 1737 497 Magistrum

220 522 463 570 nostrum
496 517 854 570 Valentinum
897 517 965 567 de
1003 516 1406 582 Gelterssheim‚
1453 520 1509 568 et
1541 517 1736 584 -Magi-

220 609 391 654 strum
413 607 659 654 nostrum
679 602 905 653 Petrum
936 603 1035 666 qui
1067 605 1311 667 tempore
1345 617 1466 655 meo
1501 604 1738 668 regebat

187 707 195 712 ·
221 690 278 740 in
312 689 481 739 bursa
506 688 697 752 Inicit,
732 692 793 738 et
824 687 1101 738 dominum
1123 687 1423 752 Butgerum
1445 687 1731 737 Licentia-

220 776 335 823 tum
370 777 427 823 et
460 773 661 823 multos
706 772 847 823 alios
892 772 991 836 qui
1037 776 1168 822 actu
1211 775 1338 822 sunt
1373 771 1626 838 colonie,
1675 777 1736 824 et

222 859 390 909 etiam
442 858 743 908 Iohannem
792 856 1144 908 Pfefferkorn
1197 858 1292 922 qui
1344 857 1593 922 quamvis
1645 864 1738 910 est

220 944 402 994 laieus
426 947 485 996 et
505 943 760 994 indoctus
784 944 841 993 in
868 943 1086 993 artibus
1110 942 1438 996 liberalibus
1453 981 1468 1006 ‚
1505 947 1563 994 et
1593 959 1735 992 nun-

222 1045 387 1094 quam
419 1029 677 1080 visitavit
696 1028 919 1079 scholas
944 1025 1382 1078 Christianorum
1417 1031 1476 1078 et
1507 1043 1618 1079 non
1651 1027 1736 1078 di-

220 1115 357 1167 dicit
378 1115 809 1165 Grammatioam
844 1117 945 1163 aut
976 1113 1245 1178 logicam,
1281 1116 1468 1166 tamen
1501 1116 1565 1162 ut
1597 1114 1734 1164 seri-

218 1199 351 1250 bitis
397 1199 567 1250 habet
609 1198 937 1265 profundum
980 1198 1328 1248 intellectum
1375 1201 1432 1248 et
1467 1197 1574 1249 Gor
1605 1198 1736 1249 illu-

220 1285 503 1334 minatum.
563 1283 749 1334 Etiam
786 1283 1028 1348 apostoli
1061 1285 1172 1334 'non
1205 1284 1430 1333 fuerunt
1464 1283 1614 1334 docti
1625 1289 1665 1346 ,“
1680 1289 1742 1335 et

221 1373 407 1420 tamen
452 1369 733 1420 sciverunt
774 1367 976 1420 omnia.
1055 1367 1128 1417 Et
1173 1369 1258 1418 sie
1299 1368 1542 1432 putatis,
1589 1369 1740 1432 quod

222 1456 683 1520 spiritussanetus
730 1455 917 1518 potest
948 1453 1198 1518 predicto
1234 1453 1469 1503 Iohanni
1499 1453 1738 1504 Pfeffer·

222 1541 362 1591 kern
420 1538 709 1589 infundere
769 1553 982 1588 omnem
1041 1539 1332 1588 seientiam
1399 1540 1735 1599 sanctorum,

220 1626 367 1675 sieut
399 1622 538 1674 dicit
572 1624 864 1688 scriptura.
923 1621 1110 1672 Etiam
1144 1623 1470 1674 nominastis
1502 1621 1636 1672 mihi
1669 1623 1733 1673 in

220 1709 511 1775 Maguntia
534 1708 670 1760 duos
694 1709 992 1774 Magistros
1013 1711 1229 1758 nostros
1243 1745 1256 1772 ,
1279 1708 1570 1758 Dominum
1593 1708 1729 1757 Bar-

225 1794 557 1862 tholomeum
592 1794 839 1844 Zehener
873 1792 1276 1860 predicatorem
1311 1795 1368 1842 in
1403 1808 1635 1858 summo,
1672 1799 1732 1844 et

222 1880 511 1930 Dominum
564 1879 786 1928 Petrum
839 1879 1090 1928 Bertram
1147 1877 1462 1944 plebanum.
1549 1881 1624 1928 Et
1679 1880 1740 1930 in

222 1962 629 2032 Franckfordia
674 1963 948 2014 dominum
993 1953 1248 2014 Petrum‘>
1267 1946 1456 2027 Meyer
1505 1965 1598 2027 qui
1652 1967 1741 2014 est

222 2049 496 2100 mirabilis
533 2049 591 2099 in
626 2049 969 2101 sermonibus
995 2050 1110 2100 suis
1133 2049 1206 2099 Et
1231 2047 1450 2114 quando
1474 2048 1594 2099 vult
1615 2050 1737 2114 ipse

221 2137 366 2186 facit
399 2134 645 2185 homines
680 2135 888 2198 ridere‘,
938 2138 994 2185 et
1039 2134 1256 2199 quando
1299 2135 1422 2185 vult
1462 2134 1608 2184 facit
1644 2151 1738 2185 eos

222 2222 379 2283 flere,
420 2222 475 2269 et
509 2219 653 2269 facit
684 2220 965 2270 mirabilia
999 2218 1356 2286 predicando.
1427 2217 1738 2270 Secundum

223 2306 329 2356 hoe
373 2303 575 2355 vellem
618 2303 766 2367 quod
810 2304 1074 2358 faceretis
1121 2319 1310 2357 omnes
1355 2303 1426 2360 ad
1469 2319 1636 2354 unum
1683 2309 1738 2355 et

226 2389 578 2441 excelleretis
622 2390 761 2442 istos
804 2389 1038 2439 Iuristas
1085 2393 1140 2440 et
1183 2390 1388 2440 Poetas
1433 2389 1737 2457 seculares,

222 2475 317 2526 vel
351 2474 647 2538 imponatis
684 2475 763 2524 eis
800 2473 1078 2524 silentium
1127 2473 1272 2538 quod
1315 2489 1426 2524 non
1469 2473 1738 2526 auderent

226 2561 307 2608 ita
342 2559 584 2610 scribere
628 2558 821 2608 libros.
887 2557 961 2606 Et
1005 2558 1222 2621 quando
1267 2558 1480 2609 vellent
1521 2557 1736 2623 aliquid

226 2642 553 2708 compilare,
600 2647 733 2691 tune
776 2641 1041 2692 deberent
1085 2643 1236 2707 prius
1281 2641 1570 2694 ostendere
1615 2643 1735 2694 Ma-

178 2769 187 2778 .
225 2727 413 2795 gistris
464 2725 668 2778 nostris
722 2725 790 2778 ad
834 2725 1132 2785 videndum
1177 2727 1225 2782 si
1271 2725 1437 2784 debet
1479 2727 1733 2798 imprimi.
