1942 3109
277 208 376 259 124
413 221 792 259 Parnmcosm
813 220 1051 257 numus.
1076 217 1295 257 cou'rRA
1310 218 1521 255 rAuos.
1538 220 1600 255 o.
1620 220 1839 259 vater.

277 328 651 379 continentem
694 325 917 392 perfidis
961 326 1152 393 Iudeis
1195 324 1320 391 plus
1375 338 1550 387 quam
1619 326 1839 377 deceat

275 412 674 475 favorabilem,
711 411 952 479 ecclesie
988 410 1081 461 dei
1114 410 1465 473 iniuriosum,
1519 424 1599 459 ao
1643 416 1834 463 saeris

277 496 516 563 ecclesie
527 495 842 547 doctoribus
853 494 1347 558 irreverentialem,
1362 494 1834 547 christifidelium

275 582 512 632 maxime
551 581 887 646 simplicium
933 580 1461 643 scandalisativum,
1514 580 1832 647 ipsumque

275 672 532 736 preterea
558 664 858 731 (scriptura
885 680 984 716 seu
1012 664 1369 730 impressoria
1410 666 1537 714 arte
1576 680 1699 730 per
1728 666 1827 717 Co·

274 753 581 804 loniensem
601 751 868 802 diocesim
878 748 1332 814 multiplicatum)
1348 750 1824 803 eommunihomi-

275 852 405 887 num
431 836 559 886 usui
585 834 1041 898 interdicendum,
1072 832 1569 898 condemnandum,
1602 839 1822 903 suppri-

275 920 946 986 mendum‚tollendum,ae
957 918 1076 986 igni
1084 911 1310 985 publice
1325 922 1821 985 concremandum,

278 1012 442 1073 prout
478 1006 880 1071 interdicimus,
915 1004 1338 1057 condemnamus
1354 1043 1367 1068 ‚
1395 1006 1818 1070 supprimimus,

278 1093 557 1153 tollimus,
593 1093 804 1156 pariter
833 1094 891 1141 et
919 1091 1047 1155 igne
1080 1089 1423 1140 concremari
1448 1092 1817 1157 precipimus.

385 1168 436 1227 ([
473 1177 621 1227 Lata
657 1180 714 1227 et
751 1178 991 1228 executa
1030 1178 1117 1227 est
1149 1173 1373 1239 publico
1408 1174 1685 1227 incendio
1720 1174 1820 1226 Co·
1903 1194 1904 1197 ¹

277 1264 428 1330 lonie
464 1262 570 1331 hee
606 1259 900 1312 Sententia
935 1262 995 1309 in
1028 1260 1119 1310 die
1156 1257 1509 1325 Scholastiee
1558 1261 1818 1326 virginis.

279 1348 326 1399 A
365 1362 560 1399 aun..
597 1350 655 1396 et
677 1360 724 1396 e.

386 1507 438 1565 (I
475 1513 680 1564 Contra
725 1512 829 1580 hee
873 1500 1060 1563 omnia
1102 1513 1320 1565 iudices
1356 1511 1670 1578 Spirenses
1718 1533 1821 1567 non

277 1601 536 1665 inspecta
571 1598 753 1663 priore
791 1610 963 1647 eausa
998 1596 1300 1649 seeundum
1344 1612 1505 1648 suam
1530 1601 1821 1652 volunta·

280 1690 394 1737 tem
441 1690 498 1735 et
539 1682 886 1733 intellectum
930 1681 1183 1733 tulerunt
1236 1683 1614 1748 sententiam,
1678 1686 1824 1751 qnod

281 1770 507 1823 oculare
563 1768 852 1835 speculum
901 1766 1129 1817 Ioannis
1180 1766 1456 1819 Reuehlin
1512 1783 1647 1819 eum
1704 1771 1825 1821 suis

193 1900 201 1907 .
283 1854 716 1920 glossematibus
741 1854 798 1901 et
820 1850 1377 1915 interpretationibus
1400 1852 1461 1902 in
1488 1852 1659 1905 ealce
1692 1856 1827 1906 libri

285 1939 560 2007 appositis
596 1936 738 1989 nihil
774 1937 975 1987 erroris
1012 1940 1111 1987 aut
1144 1936 1355 2004 heresis
1388 1938 1449 1987 in
1472 1953 1535 1989 se
1557 1938 1827 2005 haberet,

284 2026 473 2077 Etiam
519 2022 664 2088 quod
711 2023 780 2073 ab
828 2021 1080 2073 omnibus
1126 2021 1305 2086 possit
1348 2020 1481 2087 legi.
1576 2022 1831 2087 Propter

287 2109 432 2173 quod
465 2106 625 2173 Iudei
657 2122 770 2157 non
805 2105 987 2157 solum
1023 2106 1394 2171 maximopere
1431 2107 1623 2170 gavisi
1670 2113 1827 2172 sunt,

282 2206 474 2249 verum
509 2190 680 2240 etiam
713 2203 811 2251 per
843 2188 950 2237 hoe
984 2188 1288 2241 deteriores
1332 2190 1475 2241 facti
1522 2194 1579 2240 et
1628 2205 1825 2243 eorum

283 2273 428 2326 Rabi
461 2272 670 2323 ieeireo
705 2286 804 2337 per
837 2275 1013 2323 totum
1046 2272 1336 2337 imperium
1356 2275 1665 2327 Wormatii
1692 2292 1823 2328 con·

176 2376 182 2382 ·
283 2362 510 2411 ventum
562 2357 878 2408 habuerunt
929 2356 1263 2423 disputando
1312 2364 1368 2410 et
1412 2360 1469 2409 in
1514 2360 1824 2425 similibus,

285 2444 506 2493 omnino
553 2435 922 2507 arbitrantes,
982 2443 1202 2505 quando
1250 2442 1476 2495 oculare
1522 2446 1823 2509 speculum

283 2526 513 2575 Ioannis
535 2526 810 2577 Reuehlin
831 2542 930 2590 pro
965 2542 1055 2590 se,
1094 2530 1153 2577 et
1188 2531 1382 2578 contra
1416 2530 1502 2577 tot
1534 2530 1823 2581 universi-

283 2612 434 2659 tates
459 2612 517 2659 et
537 2608 730 2659 doctos
755 2609 1053 2661 admissum
1076 2610 1169 2674 sit,
1194 2626 1384 2661 verum
1408 2610 1611 2661 haberi
1638 2618 1827 2679 possit

285 2691 552 2743 indicium
588 2708 623 2741 a
659 2692 761 2743 deo
797 2692 1191 2745 destructio-nis
1224 2694 1459 2745 Romani
1492 2696 1733 2761 imperii
1772 2704 1829 2751 et
