<?xml version="1.0" encoding="UTF-8"?>
<!DOCTYPE html PUBLIC "-//W3C//DTD XHTML 1.0 Transitional//EN"
    "http://www.w3.org/TR/xhtml1/DTD/xhtml1-transitional.dtd">
<html xmlns="http://www.w3.org/1999/xhtml" xml:lang="en" lang="en">
 <head>
  <title>
</title>
<meta http-equiv="Content-Type" content="text/html;charset=utf-8" />
  <meta name='ocr-system' content='tesseract 3.04.00' />
  <meta name='ocr-capabilities' content='ocr_page ocr_carea ocr_par ocr_line ocrx_word'/>
</head>
<body>
  <div class='ocr_page' id='page_1' title='image "./epistolaeobscur00huttgoog_0259.png"; bbox 0 0 1942 3109; ppageno 0'>
   <div class='ocr_carea' id='block_1_1' title="bbox 220 226 1550 282">
    <p class='ocr_par' dir='ltr' id='par_1_1' title="bbox 220 226 1550 282">
     <span class='ocr_line' id='line_1_1' title="bbox 220 226 1550 282; baseline 0.002 -4"><span class='ocrx_word' id='word_1_1' title='bbox 220 226 323 278; x_wconf 74' lang='lat'><strong>248</strong></span> <span class='ocrx_word' id='word_1_2' title='bbox 396 243 685 278; x_wconf 61' lang='lat'><strong>131’1810122</strong></span> <span class='ocrx_word' id='word_1_3' title='bbox 709 243 1072 281; x_wconf 68' lang='lat' dir='ltr'>OBSCVBOBVH</span> <span class='ocrx_word' id='word_1_4' title='bbox 1098 244 1348 281; x_wconf 66' lang='lat' dir='ltr'><strong>vmonvn</strong></span> <span class='ocrx_word' id='word_1_5' title='bbox 1373 245 1550 282; x_wconf 70' lang='lat' dir='ltr'>NOVAE.</span> 
     </span>
    </p>
   </div>
   <div class='ocr_carea' id='block_1_2' title="bbox 318 433 1642 634">
    <p class='ocr_par' dir='ltr' id='par_1_2' title="bbox 318 433 1642 634">
     <span class='ocr_line' id='line_1_2' title="bbox 932 433 1018 485; baseline 0.023 -2"><span class='ocrx_word' id='word_1_6' title='bbox 932 433 1018 485; x_wconf 83' lang='lat'><strong>28.</strong></span> 
     </span>
     <span class='ocr_line' id='line_1_3' title="bbox 318 549 1642 634; baseline 0.002 -20"><span class='ocrx_word' id='word_1_7' title='bbox 318 553 369 614; x_wconf 72' lang='grc' dir='ltr'><strong>(Ι</strong></span> <span class='ocrx_word' id='word_1_8' title='bbox 410 549 801 634; x_wconf 82' lang='lat' dir='ltr'><strong>Magister</strong></span> <span class='ocrx_word' id='word_1_9' title='bbox 842 550 1359 616; x_wconf 86' lang='lat' dir='ltr'><strong>Bernhardus</strong></span> <span class='ocrx_word' id='word_1_10' title='bbox 1404 551 1642 618; x_wconf 81' lang='lat' dir='ltr'><strong>Gelff</strong></span> 
     </span>
    </p>
   </div>
   <div class='ocr_carea' id='block_1_3' title="bbox 510 655 1442 878">
    <p class='ocr_par' dir='ltr' id='par_1_3' title="bbox 510 655 1442 878">
     <span class='ocr_line' id='line_1_4' title="bbox 721 655 1240 706; baseline 0.004 -2"><span class='ocrx_word' id='word_1_11' title='bbox 721 669 862 705; x_wconf 86' lang='lat' dir='ltr'><strong>unus</strong></span> <span class='ocrx_word' id='word_1_12' title='bbox 898 671 966 705; x_wconf 79' lang='lat' dir='ltr'><strong>ex</strong></span> <span class='ocrx_word' id='word_1_13' title='bbox 1001 655 1240 706; x_wconf 81' lang='lat' dir='ltr'><strong>minimis</strong></span> 
     </span>
     <span class='ocr_line' id='line_1_5' title="bbox 510 736 1442 804; baseline 0.003 -16"><span class='ocrx_word' id='word_1_14' title='bbox 510 736 844 804; x_wconf 75' lang='lat' dir='ltr'><strong>Magistro</strong></span> <span class='ocrx_word' id='word_1_15' title='bbox 882 739 1162 792; x_wconf 86' lang='lat' dir='ltr'><strong>Ortvino</strong></span> <span class='ocrx_word' id='word_1_16' title='bbox 1197 739 1442 791; x_wconf 82' lang='lat' dir='ltr'><strong>Gratio</strong></span> 
     </span>
     <span class='ocr_line' id='line_1_6' title="bbox 846 822 1109 878; baseline 0 -4"><span class='ocrx_word' id='word_1_17' title='bbox 846 822 1109 878; x_wconf 79' lang='lat' dir='ltr'><strong>Salutem.</strong></span> 
     </span>
    </p>
   </div>
   <div class='ocr_carea' id='block_1_4' title="bbox 222 944 1740 2790">
    <p class='ocr_par' dir='ltr' id='par_1_4' title="bbox 222 944 1740 2790">
     <span class='ocr_line' id='line_1_7' title="bbox 324 944 1734 1012; baseline 0.002 -19"><span class='ocrx_word' id='word_1_18' title='bbox 324 944 682 994; x_wconf 80' lang='lat' dir='ltr'><strong>Honorabilis</strong></span> <span class='ocrx_word' id='word_1_19' title='bbox 728 959 829 995; x_wconf 87' lang='lat' dir='ltr'><strong>seu</strong></span> <span class='ocrx_word' id='word_1_20' title='bbox 869 948 1126 1012; x_wconf 74' lang='lat' dir='ltr'><strong>prestans</strong></span> <span class='ocrx_word' id='word_1_21' title='bbox 1168 946 1282 1008; x_wconf 83' lang='lat' dir='ltr'><strong>vir,</strong></span> <span class='ocrx_word' id='word_1_22' title='bbox 1327 945 1578 1009; x_wconf 82' lang='lat' dir='ltr'><strong>quamvis</strong></span> <span class='ocrx_word' id='word_1_23' title='bbox 1623 960 1734 996; x_wconf 86' lang='lat' dir='ltr'><strong>non</strong></span> 
     </span>
     <span class='ocr_line' id='line_1_8' title="bbox 223 1029 1732 1095; baseline 0.003 -17"><span class='ocrx_word' id='word_1_24' title='bbox 223 1029 403 1080; x_wconf 80' lang='lat' dir='ltr'><strong>habeo</strong></span> <span class='ocrx_word' id='word_1_25' title='bbox 438 1029 695 1080; x_wconf 83' lang='lat' dir='ltr'><strong>notitiam</strong></span> <span class='ocrx_word' id='word_1_26' title='bbox 729 1029 907 1080; x_wconf 85' lang='lat' dir='ltr'><strong>vestri</strong></span> <span class='ocrx_word' id='word_1_27' title='bbox 952 1029 1134 1094; x_wconf 86' lang='lat' dir='ltr'><strong>quoad</strong></span> <span class='ocrx_word' id='word_1_28' title='bbox 1180 1045 1499 1095; x_wconf 76' lang='lat' dir='ltr'><strong>personam,</strong></span> <span class='ocrx_word' id='word_1_29' title='bbox 1547 1035 1732 1082; x_wconf 85' lang='lat' dir='ltr'><strong>tamen</strong></span> 
     </span>
     <span class='ocr_line' id='line_1_9' title="bbox 226 1113 1736 1179; baseline 0.001 -14"><span class='ocrx_word' id='word_1_30' title='bbox 226 1113 407 1178; x_wconf 83' lang='lat' dir='ltr'><strong>quoad</strong></span> <span class='ocrx_word' id='word_1_31' title='bbox 442 1115 647 1165; x_wconf 86' lang='lat' dir='ltr'><strong>famam</strong></span> <span class='ocrx_word' id='word_1_32' title='bbox 682 1115 813 1166; x_wconf 89' lang='lat' dir='ltr'><strong>novi</strong></span> <span class='ocrx_word' id='word_1_33' title='bbox 845 1130 943 1166; x_wconf 84' lang='lat' dir='ltr'><strong>vos</strong></span> <span class='ocrx_word' id='word_1_34' title='bbox 979 1115 1052 1164; x_wconf 85' lang='lat' dir='ltr'><strong>Et</strong></span> <span class='ocrx_word' id='word_1_35' title='bbox 1097 1113 1408 1164; x_wconf 84' lang='lat' dir='ltr'><strong>iamdudum</strong></span> <span class='ocrx_word' id='word_1_36' title='bbox 1455 1119 1540 1166; x_wconf 86' lang='lat' dir='ltr'><strong>est</strong></span> <span class='ocrx_word' id='word_1_37' title='bbox 1588 1115 1736 1179; x_wconf 84' lang='lat' dir='ltr'><strong>quod</strong></span> 
     </span>
     <span class='ocr_line' id='line_1_10' title="bbox 222 1198 1735 1266; baseline 0.003 -18"><span class='ocrx_word' id='word_1_38' title='bbox 222 1198 478 1249; x_wconf 76' lang='lat' dir='ltr'><strong>intellexi</strong></span> <span class='ocrx_word' id='word_1_39' title='bbox 524 1199 591 1249; x_wconf 88' lang='lat' dir='ltr'><strong>de</strong></span> <span class='ocrx_word' id='word_1_40' title='bbox 638 1198 823 1251; x_wconf 87' lang='lat' dir='ltr'><strong>Causa</strong></span> <span class='ocrx_word' id='word_1_41' title='bbox 864 1204 1052 1252; x_wconf 80' lang='lat' dir='ltr'><strong>vestra</strong></span> <span class='ocrx_word' id='word_1_42' title='bbox 1109 1214 1217 1266; x_wconf 73' lang='lat' dir='ltr'><strong>que</strong></span> <span class='ocrx_word' id='word_1_43' title='bbox 1271 1203 1507 1250; x_wconf 82' lang='lat' dir='ltr'><strong>vocatur</strong></span> <span class='ocrx_word' id='word_1_44' title='bbox 1548 1199 1735 1252; x_wconf 82' lang='lat' dir='ltr'><strong>Causa</strong></span> 
     </span>
     <span class='ocr_line' id='line_1_11' title="bbox 224 1282 1734 1347; baseline 0.001 -15"><span class='ocrx_word' id='word_1_45' title='bbox 224 1282 351 1333; x_wconf 86' lang='lat' dir='ltr'><strong>fidei</strong></span> <span class='ocrx_word' id='word_1_46' title='bbox 388 1286 583 1333; x_wconf 86' lang='lat' dir='ltr'><strong>contra</strong></span> <span class='ocrx_word' id='word_1_47' title='bbox 614 1283 914 1334; x_wconf 80' lang='lat' dir='ltr'><strong>Iohannem</strong></span> <span class='ocrx_word' id='word_1_48' title='bbox 955 1283 1254 1347; x_wconf 87' lang='lat' dir='ltr'><strong>Reuchlin‚</strong></span> <span class='ocrx_word' id='word_1_49' title='bbox 1301 1287 1358 1334; x_wconf 88' lang='lat' dir='ltr'><strong>et</strong></span> <span class='ocrx_word' id='word_1_50' title='bbox 1400 1284 1578 1334; x_wconf 84' lang='lat' dir='ltr'><strong>habeo</strong></span> <span class='ocrx_word' id='word_1_51' title='bbox 1621 1300 1734 1334; x_wconf 83' lang='lat' dir='ltr'><strong>me·</strong></span> 
     </span>
     <span class='ocr_line' id='line_1_12' title="bbox 228 1367 1734 1432; baseline 0.001 -14"><span class='ocrx_word' id='word_1_52' title='bbox 228 1383 351 1418; x_wconf 84' lang='lat' dir='ltr'><strong>cum</strong></span> <span class='ocrx_word' id='word_1_53' title='bbox 384 1372 559 1419; x_wconf 85' lang='lat' dir='ltr'><strong>totum</strong></span> <span class='ocrx_word' id='word_1_54' title='bbox 593 1383 923 1432; x_wconf 76' lang='lat' dir='ltr'><strong>processum.</strong></span> <span class='ocrx_word' id='word_1_55' title='bbox 983 1367 1057 1416; x_wconf 87' lang='lat' dir='ltr'><strong>Et</strong></span> <span class='ocrx_word' id='word_1_56' title='bbox 1089 1367 1310 1432; x_wconf 88' lang='lat' dir='ltr'><strong>disputo</strong></span> <span class='ocrx_word' id='word_1_57' title='bbox 1347 1367 1575 1418; x_wconf 80' lang='lat' dir='ltr'><strong>cottidie</strong></span> <span class='ocrx_word' id='word_1_58' title='bbox 1613 1383 1734 1420; x_wconf 86' lang='lat' dir='ltr'><strong>cum</strong></span> 
     </span>
     <span class='ocr_line' id='line_1_13' title="bbox 226 1451 1736 1516; baseline -0.001 -13"><span class='ocrx_word' id='word_1_59' title='bbox 226 1453 538 1504; x_wconf 83' lang='lat' dir='ltr'><strong>Curtisanis</strong></span> <span class='ocrx_word' id='word_1_60' title='bbox 582 1457 639 1502; x_wconf 88' lang='lat' dir='ltr'><strong>et</strong></span> <span class='ocrx_word' id='word_1_61' title='bbox 674 1451 917 1516; x_wconf 76' lang='lat' dir='ltr'><strong>cepistis</strong></span> <span class='ocrx_word' id='word_1_62' title='bbox 960 1455 1058 1515; x_wconf 87' lang='lat' dir='ltr'><strong>qui</strong></span> <span class='ocrx_word' id='word_1_63' title='bbox 1100 1451 1404 1503; x_wconf 83' lang='lat' dir='ltr'><strong>defendunt</strong></span> <span class='ocrx_word' id='word_1_64' title='bbox 1433 1453 1736 1504; x_wconf 77' lang='lat' dir='ltr'><strong>Iohannem</strong></span> 
     </span>
     <span class='ocr_line' id='line_1_14' title="bbox 225 1535 1734 1604; baseline 0.001 -18"><span class='ocrx_word' id='word_1_65' title='bbox 225 1536 514 1588; x_wconf 85' lang='lat' dir='ltr'><strong>Reuchlin.</strong></span> <span class='ocrx_word' id='word_1_66' title='bbox 594 1537 667 1586; x_wconf 85' lang='lat' dir='ltr'><strong>Et</strong></span> <span class='ocrx_word' id='word_1_67' title='bbox 722 1535 936 1600; x_wconf 79' lang='lat' dir='ltr'><strong>quando</strong></span> <span class='ocrx_word' id='word_1_68' title='bbox 979 1536 1089 1587; x_wconf 83' lang='lat' dir='ltr'><strong>iste</strong></span> <span class='ocrx_word' id='word_1_69' title='bbox 1145 1537 1346 1588; x_wconf 79' lang='lat' dir='ltr'><strong>Cursor</strong></span> <span class='ocrx_word' id='word_1_70' title='bbox 1400 1537 1734 1604; x_wconf 76' lang='lat' dir='ltr'><strong>presentium</strong></span> 
     </span>
     <span class='ocr_line' id='line_1_15' title="bbox 226 1620 1736 1684; baseline 0 -12"><span class='ocrx_word' id='word_1_71' title='bbox 226 1622 371 1672; x_wconf 82' lang='lat' dir='ltr'><strong>lator</strong></span> <span class='ocrx_word' id='word_1_72' title='bbox 416 1620 557 1671; x_wconf 81' lang='lat' dir='ltr'><strong>dixit</strong></span> <span class='ocrx_word' id='word_1_73' title='bbox 600 1621 733 1670; x_wconf 83' lang='lat' dir='ltr'><strong>mihi</strong></span> <span class='ocrx_word' id='word_1_74' title='bbox 769 1620 913 1684; x_wconf 89' lang='lat' dir='ltr'><strong>quod</strong></span> <span class='ocrx_word' id='word_1_75' title='bbox 944 1621 1068 1671; x_wconf 73' lang='lat' dir='ltr'><strong>vult</strong></span> <span class='ocrx_word' id='word_1_76' title='bbox 1102 1622 1182 1672; x_wconf 86' lang='lat' dir='ltr'><strong>ire</strong></span> <span class='ocrx_word' id='word_1_77' title='bbox 1221 1621 1292 1671; x_wconf 87' lang='lat' dir='ltr'><strong>ad</strong></span> <span class='ocrx_word' id='word_1_78' title='bbox 1327 1622 1638 1673; x_wconf 83' lang='lat' dir='ltr'><strong>Almaniam</strong></span> <span class='ocrx_word' id='word_1_79' title='bbox 1677 1627 1736 1674; x_wconf 79' lang='lat' dir='ltr'><strong>et</strong></span> 
     </span>
     <span class='ocr_line' id='line_1_16' title="bbox 228 1705 1735 1772; baseline 0.001 -15"><span class='ocrx_word' id='word_1_80' title='bbox 228 1723 327 1772; x_wconf 84' lang='lat' dir='ltr'><strong>per</strong></span> <span class='ocrx_word' id='word_1_81' title='bbox 362 1705 648 1758; x_wconf 84' lang='lat' dir='ltr'><strong>Coloniam</strong></span> <span class='ocrx_word' id='word_1_82' title='bbox 682 1705 852 1756; x_wconf 86' lang='lat' dir='ltr'><strong>habet</strong></span> <span class='ocrx_word' id='word_1_83' title='bbox 886 1706 1076 1756; x_wconf 78' lang='lat' dir='ltr'><strong>facere</strong></span> <span class='ocrx_word' id='word_1_84' title='bbox 1111 1706 1246 1770; x_wconf 85' lang='lat' dir='ltr'><strong>iter,</strong></span> <span class='ocrx_word' id='word_1_85' title='bbox 1281 1705 1396 1756; x_wconf 85' lang='lat' dir='ltr'><strong>dixi</strong></span> <span class='ocrx_word' id='word_1_86' title='bbox 1431 1705 1604 1757; x_wconf 83' lang='lat' dir='ltr'><strong>‘Tunc</strong></span> <span class='ocrx_word' id='word_1_87' title='bbox 1637 1723 1735 1772; x_wconf 85' lang='lat' dir='ltr'><strong>per</strong></span> 
     </span>
     <span class='ocr_line' id='line_1_17' title="bbox 229 1791 1734 1856; baseline 0.001 -15"><span class='ocrx_word' id='word_1_88' title='bbox 229 1791 391 1842; x_wconf 87' lang='lat' dir='ltr'><strong>deum</strong></span> <span class='ocrx_word' id='word_1_89' title='bbox 424 1794 675 1842; x_wconf 85' lang='lat' dir='ltr'><strong>sanctum</strong></span> <span class='ocrx_word' id='word_1_90' title='bbox 708 1807 809 1856; x_wconf 84' lang='lat' dir='ltr'><strong>ego</strong></span> <span class='ocrx_word' id='word_1_91' title='bbox 832 1791 959 1842; x_wconf 82' lang='lat' dir='ltr'><strong>volo</strong></span> <span class='ocrx_word' id='word_1_92' title='bbox 987 1791 1311 1842; x_wconf 77' lang='lat' dir='ltr'><strong>contrahere</strong></span> <span class='ocrx_word' id='word_1_93' title='bbox 1336 1791 1588 1842; x_wconf 84' lang='lat' dir='ltr'><strong>notitiam</strong></span> <span class='ocrx_word' id='word_1_94' title='bbox 1613 1807 1734 1842; x_wconf 86' lang='lat' dir='ltr'><strong>cum</strong></span> 
     </span>
     <span class='ocr_line' id='line_1_18' title="bbox 228 1873 1735 1942; baseline 0.002 -16"><span class='ocrx_word' id='word_1_95' title='bbox 228 1873 754 1942; x_wconf 48' lang='lat' dir='ltr'><strong>MagistrossOrtvino</strong></span> <span class='ocrx_word' id='word_1_96' title='bbox 780 1879 837 1926; x_wconf 92' lang='lat' dir='ltr'><strong>et</strong></span> <span class='ocrx_word' id='word_1_97' title='bbox 858 1875 1100 1926; x_wconf 83' lang='lat' dir='ltr'><strong>scribere</strong></span> <span class='ocrx_word' id='word_1_98' title='bbox 1135 1876 1190 1926; x_wconf 90' lang='lat' dir='ltr'><strong>ei</strong></span> <span class='ocrx_word' id='word_1_99' title='bbox 1223 1891 1388 1926; x_wconf 87' lang='lat' dir='ltr'><strong>unum</strong></span> <span class='ocrx_word' id='word_1_100' title='bbox 1422 1875 1735 1928; x_wconf 78' lang='lat' dir='ltr'><strong>dictamen&#39;.</strong></span> 
     </span>
     <span class='ocr_line' id='line_1_19' title="bbox 229 1959 1733 2027; baseline 0.001 -15"><span class='ocrx_word' id='word_1_101' title='bbox 229 1962 389 2012; x_wconf 85' lang='lat' dir='ltr'><strong>Tunc</strong></span> <span class='ocrx_word' id='word_1_102' title='bbox 420 1959 519 2010; x_wconf 89' lang='lat' dir='ltr'><strong>ille</strong></span> <span class='ocrx_word' id='word_1_103' title='bbox 553 1959 693 2010; x_wconf 85' lang='lat' dir='ltr'><strong>dixit</strong></span> <span class='ocrx_word' id='word_1_104' title='bbox 727 1959 778 2009; x_wconf 90' lang='lat' dir='ltr'><strong>‘o</strong></span> <span class='ocrx_word' id='word_1_105' title='bbox 813 1975 911 2024; x_wconf 87' lang='lat' dir='ltr'><strong>per</strong></span> <span class='ocrx_word' id='word_1_106' title='bbox 944 1959 1104 2011; x_wconf 84' lang='lat' dir='ltr'><strong>deum</strong></span> <span class='ocrx_word' id='word_1_107' title='bbox 1131 1960 1388 2024; x_wconf 69' lang='lat' dir='ltr'><strong>faciatis:</strong></span> <span class='ocrx_word' id='word_1_108' title='bbox 1431 1963 1552 2027; x_wconf 83' lang='lat' dir='ltr'><strong>ipse</strong></span> <span class='ocrx_word' id='word_1_109' title='bbox 1598 1962 1733 2012; x_wconf 81' lang='lat' dir='ltr'><strong>mul-</strong></span> 
     </span>
     <span class='ocr_line' id='line_1_20' title="bbox 230 2043 1731 2112; baseline 0 -16"><span class='ocrx_word' id='word_1_110' title='bbox 230 2049 343 2096; x_wconf 88' lang='lat' dir='ltr'><strong>tum</strong></span> <span class='ocrx_word' id='word_1_111' title='bbox 380 2043 660 2112; x_wconf 81' lang='lat' dir='ltr'><strong>gaudebit.</strong></span> <span class='ocrx_word' id='word_1_112' title='bbox 728 2045 801 2094; x_wconf 86' lang='lat' dir='ltr'><strong>Et</strong></span> <span class='ocrx_word' id='word_1_113' title='bbox 844 2044 985 2094; x_wconf 83' lang='lat' dir='ltr'><strong>dixit</strong></span> <span class='ocrx_word' id='word_1_114' title='bbox 1027 2045 1161 2094; x_wconf 89' lang='lat' dir='ltr'><strong>mihi</strong></span> <span class='ocrx_word' id='word_1_115' title='bbox 1195 2045 1412 2110; x_wconf 88' lang='lat' dir='ltr'><strong>quando</strong></span> <span class='ocrx_word' id='word_1_116' title='bbox 1449 2047 1596 2096; x_wconf 85' lang='lat' dir='ltr'><strong>exivi</strong></span> <span class='ocrx_word' id='word_1_117' title='bbox 1630 2045 1731 2096; x_wconf 86' lang='lat' dir='ltr'><strong>Co-</strong></span> 
     </span>
     <span class='ocr_line' id='line_1_21' title="bbox 229 2128 1734 2196; baseline 0.001 -15"><span class='ocrx_word' id='word_1_118' title='bbox 229 2130 435 2181; x_wconf 83' lang='lat' dir='ltr'><strong>loniam</strong></span> <span class='ocrx_word' id='word_1_119' title='bbox 472 2128 727 2193; x_wconf 80' lang='lat' dir='ltr'><strong>„Dicatis</strong></span> <span class='ocrx_word' id='word_1_120' title='bbox 760 2129 1012 2180; x_wconf 81' lang='lat' dir='ltr'><strong>omnibus</strong></span> <span class='ocrx_word' id='word_1_121' title='bbox 1035 2129 1332 2196; x_wconf 80' lang='lat' dir='ltr'><strong>Theologis</strong></span> <span class='ocrx_word' id='word_1_122' title='bbox 1369 2134 1426 2182; x_wconf 88' lang='lat' dir='ltr'><strong>et</strong></span> <span class='ocrx_word' id='word_1_123' title='bbox 1455 2130 1734 2196; x_wconf 72' lang='lat' dir='ltr'><strong>magistris</strong></span> 
     </span>
     <span class='ocr_line' id='line_1_22' title="bbox 233 2213 1735 2283; baseline 0.001 -18"><span class='ocrx_word' id='word_1_124' title='bbox 233 2219 291 2265; x_wconf 88' lang='lat' dir='ltr'><strong>et</strong></span> <span class='ocrx_word' id='word_1_125' title='bbox 322 2213 549 2264; x_wconf 81' lang='lat' dir='ltr'><strong>Artistis</strong></span> <span class='ocrx_word' id='word_1_126' title='bbox 583 2217 639 2263; x_wconf 91' lang='lat' dir='ltr'><strong>et</strong></span> <span class='ocrx_word' id='word_1_127' title='bbox 673 2213 849 2278; x_wconf 85' lang='lat' dir='ltr'><strong>poetis</strong></span> <span class='ocrx_word' id='word_1_128' title='bbox 886 2215 983 2277; x_wconf 90' lang='lat' dir='ltr'><strong>qui</strong></span> <span class='ocrx_word' id='word_1_129' title='bbox 1016 2218 1144 2265; x_wconf 87' lang='lat' dir='ltr'><strong>sunt</strong></span> <span class='ocrx_word' id='word_1_130' title='bbox 1175 2215 1373 2283; x_wconf 69' lang='lat' dir='ltr'><strong>Rome,</strong></span> <span class='ocrx_word' id='word_1_131' title='bbox 1423 2215 1566 2279; x_wconf 90' lang='lat' dir='ltr'><strong>quod</strong></span> <span class='ocrx_word' id='word_1_132' title='bbox 1602 2217 1735 2266; x_wconf 85' lang='lat' dir='ltr'><strong>scri-</strong></span> 
     </span>
     <span class='ocr_line' id='line_1_23' title="bbox 231 2297 1739 2364; baseline 0.001 -15"><span class='ocrx_word' id='word_1_133' title='bbox 231 2300 369 2349; x_wconf 85' lang='lat' dir='ltr'><strong>bant</strong></span> <span class='ocrx_word' id='word_1_134' title='bbox 412 2297 571 2362; x_wconf 85' lang='lat' dir='ltr'><strong>mihi,</strong></span> <span class='ocrx_word' id='word_1_135' title='bbox 614 2298 749 2362; x_wconf 82' lang='lat' dir='ltr'><strong>quia</strong></span> <span class='ocrx_word' id='word_1_136' title='bbox 790 2297 1028 2350; x_wconf 77' lang='lat' dir='ltr'><strong>libenter</strong></span> <span class='ocrx_word' id='word_1_137' title='bbox 1060 2299 1237 2352; x_wconf 74' lang='lat' dir='ltr'><strong>habeo</strong></span> <span class='ocrx_word' id='word_1_138' title='bbox 1273 2299 1416 2364; x_wconf 86' lang='lat' dir='ltr'><strong>qued</strong></span> <span class='ocrx_word' id='word_1_139' title='bbox 1451 2299 1601 2350; x_wconf 86' lang='lat' dir='ltr'><strong>docti</strong></span> <span class='ocrx_word' id='word_1_140' title='bbox 1633 2301 1739 2350; x_wconf 84' lang='lat' dir='ltr'><strong>viri</strong></span> 
     </span>
     <span class='ocr_line' id='line_1_24' title="bbox 234 2383 1737 2449; baseline 0.001 -17"><span class='ocrx_word' id='word_1_141' title='bbox 234 2387 291 2433; x_wconf 84' lang='lat' dir='ltr'><strong>et</strong></span> <span class='ocrx_word' id='word_1_142' title='bbox 336 2384 433 2447; x_wconf 88' lang='lat' dir='ltr'><strong>qui</strong></span> <span class='ocrx_word' id='word_1_143' title='bbox 476 2386 603 2433; x_wconf 86' lang='lat' dir='ltr'><strong>sunt</strong></span> <span class='ocrx_word' id='word_1_144' title='bbox 642 2384 785 2435; x_wconf 87' lang='lat' dir='ltr'><strong>bene</strong></span> <span class='ocrx_word' id='word_1_145' title='bbox 830 2383 1165 2449; x_wconf 86' lang='lat' dir='ltr'><strong>qualificati,</strong></span> <span class='ocrx_word' id='word_1_146' title='bbox 1209 2385 1460 2436; x_wconf 85' lang='lat' dir='ltr'><strong>scribunt</strong></span> <span class='ocrx_word' id='word_1_147' title='bbox 1489 2383 1624 2434; x_wconf 88' lang='lat' dir='ltr'><strong>mihi</strong></span> <span class='ocrx_word' id='word_1_148' title='bbox 1655 2383 1737 2434; x_wconf 89' lang='lat' dir='ltr'><strong>di-</strong></span> 
     </span>
     <span class='ocr_line' id='line_1_25' title="bbox 236 2465 1740 2532; baseline 0.001 -15"><span class='ocrx_word' id='word_1_149' title='bbox 236 2468 534 2518; x_wconf 74' lang='lat' dir='ltr'><strong>ctaminas:</strong></span> <span class='ocrx_word' id='word_1_150' title='bbox 591 2470 646 2517; x_wconf 86' lang='lat' dir='ltr'><strong>et</strong></span> <span class='ocrx_word' id='word_1_151' title='bbox 698 2465 915 2531; x_wconf 86' lang='lat' dir='ltr'><strong>quando</strong></span> <span class='ocrx_word' id='word_1_152' title='bbox 966 2469 1051 2518; x_wconf 82' lang='lat' dir='ltr'><strong>sic</strong></span> <span class='ocrx_word' id='word_1_153' title='bbox 1093 2469 1344 2520; x_wconf 84' lang='lat' dir='ltr'><strong>scribunt</strong></span> <span class='ocrx_word' id='word_1_154' title='bbox 1385 2469 1546 2532; x_wconf 78' lang='lat' dir='ltr'><strong>mihi,</strong></span> <span class='ocrx_word' id='word_1_155' title='bbox 1601 2472 1740 2520; x_wconf 85' lang='lat' dir='ltr'><strong>tunc</strong></span> 
     </span>
     <span class='ocr_line' id='line_1_26' title="bbox 234 2551 1738 2620; baseline 0 -16"><span class='ocrx_word' id='word_1_156' title='bbox 234 2568 337 2618; x_wconf 78' lang='lat' dir='ltr'><strong>ego</strong></span> <span class='ocrx_word' id='word_1_157' title='bbox 374 2551 577 2617; x_wconf 84' lang='lat' dir='ltr'><strong>collige</strong></span> <span class='ocrx_word' id='word_1_158' title='bbox 608 2552 740 2604; x_wconf 83' lang='lat' dir='ltr'><strong>illas</strong></span> <span class='ocrx_word' id='word_1_159' title='bbox 774 2553 1022 2617; x_wconf 83' lang='lat' dir='ltr'><strong>litteras,</strong></span> <span class='ocrx_word' id='word_1_160' title='bbox 1069 2559 1126 2606; x_wconf 88' lang='lat' dir='ltr'><strong>et</strong></span> <span class='ocrx_word' id='word_1_161' title='bbox 1158 2558 1352 2620; x_wconf 73' lang='lat' dir='ltr'><strong>postea</strong></span> <span class='ocrx_word' id='word_1_162' title='bbox 1385 2554 1534 2605; x_wconf 81' lang='lat' dir='ltr'><strong>facio</strong></span> <span class='ocrx_word' id='word_1_163' title='bbox 1567 2569 1738 2605; x_wconf 84' lang='lat' dir='ltr'><strong>unum</strong></span> 
     </span>
     <span class='ocr_line' id='line_1_27' title="bbox 232 2636 1738 2704; baseline 0.003 -18"><span class='ocrx_word' id='word_1_164' title='bbox 232 2636 432 2688; x_wconf 87' lang='lat' dir='ltr'><strong>librum</strong></span> <span class='ocrx_word' id='word_1_165' title='bbox 467 2638 544 2686; x_wconf 88' lang='lat' dir='ltr'><strong>&#39;ex</strong></span> <span class='ocrx_word' id='word_1_166' title='bbox 588 2637 731 2701; x_wconf 88' lang='lat' dir='ltr'><strong>illis,</strong></span> <span class='ocrx_word' id='word_1_167' title='bbox 778 2641 835 2688; x_wconf 91' lang='lat' dir='ltr'><strong>et</strong></span> <span class='ocrx_word' id='word_1_168' title='bbox 877 2637 1026 2689; x_wconf 84' lang='lat' dir='ltr'><strong>facio</strong></span> <span class='ocrx_word' id='word_1_169' title='bbox 1072 2655 1167 2690; x_wconf 83' lang='lat' dir='ltr'><strong>eas</strong></span> <span class='ocrx_word' id='word_1_170' title='bbox 1201 2639 1561 2704; x_wconf 86' lang='lat' dir='ltr'><strong>imprimere”.</strong></span> <span class='ocrx_word' id='word_1_171' title='bbox 1630 2639 1738 2691; x_wconf 79' lang='lat' dir='ltr'><strong>Re-</strong></span> 
     </span>
     <span class='ocr_line' id='line_1_28' title="bbox 234 2720 1736 2790; baseline 0.005 -20"><span class='ocrx_word' id='word_1_172' title='bbox 234 2720 431 2790; x_wconf 82' lang='lat' dir='ltr'><strong>spondi</strong></span> <span class='ocrx_word' id='word_1_173' title='bbox 468 2720 548 2772; x_wconf 87' lang='lat' dir='ltr'><strong>ei:</strong></span> <span class='ocrx_word' id='word_1_174' title='bbox 586 2722 761 2786; x_wconf 83' lang='lat' dir='ltr'><strong>„bene</strong></span> <span class='ocrx_word' id='word_1_175' title='bbox 799 2722 942 2787; x_wconf 85' lang='lat' dir='ltr'><strong>scio,</strong></span> <span class='ocrx_word' id='word_1_176' title='bbox 982 2723 1114 2789; x_wconf 84' lang='lat' dir='ltr'><strong>quia</strong></span> <span class='ocrx_word' id='word_1_177' title='bbox 1146 2723 1261 2776; x_wconf 85' lang='lat' dir='ltr'><strong>vidi</strong></span> <span class='ocrx_word' id='word_1_178' title='bbox 1294 2725 1434 2778; x_wconf 81' lang='lat' dir='ltr'><strong>bene</strong></span> <span class='ocrx_word' id='word_1_179' title='bbox 1469 2739 1635 2776; x_wconf 85' lang='lat' dir='ltr'><strong>unum</strong></span> <span class='ocrx_word' id='word_1_180' title='bbox 1669 2724 1736 2778; x_wconf 91' lang='lat' dir='ltr'><strong>li·</strong></span> 
     </span>
    </p>
   </div>
  </div>
 </body>
</html>
