1942 3109
281 243 636 299 64.[2.]v01,w.
652 253 1023 290 nnfflon‘rnn.
1060 249 1126 295 65,
1140 244 1221 301 [3.]
1236 254 1439 291 mmm.
1456 254 1622 291 xum-z.
1658 237 1759 289 363

232 360 515 424 pruinam,
554 363 611 409 et
646 373 755 408 non
782 364 930 409 esset
953 359 1037 409 sio
1062 374 1266 425 magna
1290 360 1467 409 fames
1492 360 1549 408 in
1572 359 1759 408 terra?

234 443 294 493 Si
331 448 516 493 autem
552 458 662 492 non
700 442 924 492 creditis
961 447 1045 494 tot
1079 445 1227 495 bona
1261 444 1453 495 venire
1480 460 1547 493 ex
1570 444 1758 506 missa,
1828 438 1835 445 ⁴

233 532 368 577 tunc
404 528 542 577 estis
576 543 675 593 per
711 526 871 578 deum
907 532 1163 578 sanetum
1187 529 1436 593 suspecti
1458 527 1526 577 de
1552 528 1761 594 heresi:

231 612 339 661 imo
391 613 530 663 estis
575 611 806 661 realiter
847 612 1086 679 heretici
1120 614 1245 678 plus
1282 627 1446 677 quam
1480 612 1760 662 Wessalia

234 700 292 746 et
327 696 520 746 doctor
554 695 902 747 Reuehlin”.'
971 696 1199 762 Videte,
1247 696 1551 748 reverende
1586 697 1761 759 magi-

233 785 351 830 ster
397 780 656 844 Ortvim,
713 781 816 831 has
861 782 1144 833 novitates
1187 782 1343 834 volui
1386 782 1547 833 vobis
1594 781 1762 831 etiam

231 866 506 929 seribere,
555 866 824 928 quomodo
869 867 981 931 ipsi
1026 868 1385 917 communiter
1432 882 1619 916 omnes
1678 870 1760 915 te-

231 957 369 999 nent
413 954 608 1000 contra
653 965 753 1000 vos
801 965 924 999 cum
956 950 1249 999 Reuchlin.
1320 951 1430 1000 Per
1477 952 1761 1000 eonscien-

233 1036 372 1083 tiam
416 1050 619 1099 meam,
669 1050 771 1099 ego
818 1034 982 1085 credo
1028 1033 1264 1096 denique
1312 1032 1457 1096 quod
1506 1033 1763 1084 diabolus

234 1120 405 1169 etiam
451 1120 607 1171 favet
649 1120 760 1184 ipsi
804 1118 1109 1169 Reuchlin:
1158 1123 1289 1167 tuno
1335 1118 1477 1167 bene
1523 1132 1763 1183 permer-

187 1230 196 1243 ι
232 1203 485 1253 davimus
521 1218 640 1252 nos.
710 1204 784 1252 Et
819 1203 900 1253 sic
940 1202 1257 1253 commendo
1294 1218 1379 1251 me
1417 1203 1575 1253 vobis

301 1289 387 1337 Ex
423 1287 614 1352 spira,
719 1287 819 1337 ubi
852 1286 918 1337 de
953 1287 1114 1337 nobis
1152 1286 1410 1336 dicuntur
1457 1286 1757 1349 mirabilia,

303 1372 450 1434 Quia
488 1387 674 1421 omnes
698 1371 1089 1439 Reuohliniste
1194 1370 1389 1420 dieunt
1426 1370 1571 1434 quod
1600 1370 1762 1421 Colo-

637 1457 862 1506 nienses
897 1456 980 1505 nil
1016 1460 1145 1506 sunt
1182 1470 1345 1519 quam
1397 1457 1762 1521 copulatiste:

310 1539 418 1589 Sed
455 1539 682 1589 multum
719 1540 936 1605 gaudeo
974 1540 1041 1591 de
1076 1541 1265 1606 vobis,
1373 1541 1519 1605 quod
1542 1540 1763 1606 patiens

639 1627 774 1674 estis
809 1626 958 1675 sieut
992 1628 1141 1689 oviS,

302 1708 377 1757 Et
410 1709 646 1773 potestis
692 1710 814 1772 pati
857 1708 989 1773 illa,
1093 1708 1239 1759 sicut
1284 1710 1485 1761 essetis
1530 1710 1762 1773 simplex

645 1792 905 1843 sacerdos
941 1793 1001 1841 in
1034 1793 1195 1844 villa.

692 2042 778 2093 65.
832 2038 1196 2109 [Appendieis
1232 2040 1307 2110 3.]

372 2159 644 2210 Perdooto
681 2162 885 2210 artium
919 2160 1323 2227 prohibitarum
1358 2163 1628 2230 Magistro

671 2247 960 2298 Ortvino
1000 2246 1334 2301 Gratiano

689 2331 1014 2383 Coloniensi
1039 2332 1321 2400 Theologo

425 2413 830 2498 Magister
872 2414 1317 2480 Bartholus
1362 2418 1577 2481 Kutz

337 2553 589 2605 Salutem
615 2554 858 2619 accipite
885 2552 1107 2618 quando
1135 2553 1333 2619 vultis,
1370 2555 1632 2621 perdocte
1669 2554 1763 2605 do-

235 2639 381 2688 mine
401 2640 668 2704 magister
688 2639 941 2689 Ortvine.
978 2638 1137 2687 Dixit
1154 2640 1323 2689 mic-hi
1344 2638 1567 2703 quidam
1593 2654 1765 2702 quon-

235 2722 362 2772 dam
400 2723 634 2787 quodam
671 2724 727 2772 in
764 2723 890 2772 loco
927 2720 996 2770 de
1033 2721 1191 2772 vobis
1230 2723 1377 2786 quod
1415 2723 1551 2771 estis
1599 2720 1765 2771 valde
