1942 3109
271 196 365 247 152
517 208 810 244 RHSTOLAE
847 205 1212 242 oBscvnonvn
1248 203 1521 240 vmonvn.

247 313 734 380 pertransierunt:
771 311 870 363 sed
905 310 1125 375 quando
1160 309 1228 360 tle
1262 310 1359 361 via
1392 310 1631 374 revenit,
1668 311 1801 376 ipse

265 401 416 450 misit
450 414 662 450 omnem
696 413 812 450 rem
845 397 1164 462 pertingere
1200 393 1272 445 ad
1304 393 1669 445 reverendum
1692 411 1801 460 pa-

263 488 403 536 trem
437 483 849 536 Provincialem
883 481 1193 546 gratiosum
1226 479 1503 530 dominum
1536 483 1797 530 nostrum

268 567 412 635 (ipse
458 568 558 618 ille
606 566 802 618 doctus
853 568 940 619 vir
988 566 1365 628 illuminatus,
1424 563 1523 614 lux
1574 565 1793 628 mundi,

267 655 365 718 qui
407 669 572 719 super
617 651 754 702 duas
789 650 1200 716 disputationes
1236 653 1459 701 strenue
1496 664 1557 700 se
1592 647 1797 699 habuit

269 743 464 790 contra
497 737 802 805 hereticos,
841 739 898 787 et
933 734 1411 800 superdisputavit
1444 749 1539 784 eos
1578 749 1794 798 omncs,

267 823 366 875 sed
409 823 708 874 noluerunt
753 821 808 871 ei
853 819 1075 870 credere
1122 820 1231 884 ipsi
1265 816 1557 883 infideles).
1630 819 1795 868 Tunc

266 906 600 958 reverendus
648 907 809 970 pater
850 904 1224 955 Provincialis
1282 904 1472 952 statim
1527 904 1690 954 venit
1732 905 1795 952 in

269 993 571 1056 civitatem,
609 995 666 1042 et
703 994 852 1041 certe
887 989 1013 1052 fuit,
1048 989 1171 1052 ipse
1208 990 1265 1038 et
1298 988 1461 1038 Prior
1482 987 1631 1038 male
1660 1003 1793 1038 con-

266 1081 453 1129 tentus
489 1092 656 1141 super
688 1075 847 1124 illum
880 1074 1140 1136 fratrem,
1176 1070 1323 1136 quod
1358 1072 1442 1122 sic
1472 1072 1796 1124 inconside—

270 1165 391 1212 rate
435 1162 540 1212 ivit
584 1160 656 1210 ad
699 1160 1114 1224 magistratum,
1161 1156 1359 1207 melius
1406 1156 1610 1206 fuisset
1646 1158 1798 1222 quod

267 1245 380 1294 sibi
405 1245 721 1294 emissemus
744 1259 946 1294 novam
971 1241 1251 1292 cucullam
1274 1240 1339 1290 de
1360 1241 1567 1305 optimo
1582 1256 1798 1306 paam),

269 1327 366 1378 sed
401 1327 542 1378 fecit
575 1343 642 1378 ex
676 1328 822 1377 bono
857 1327 998 1377 zelo.
1070 1326 1145 1374 Et
1190 1326 1379 1376 statim
1414 1325 1797 1377 Provincialis

269 1413 374 1463 ivit
430 1412 503 1463 ad
557 1411 944 1477 magistratum
991 1415 1048 1462 et
1092 1414 1407 1473 senatorem
1468 1416 1529 1462 et
1570 1413 1797 1477 rogavit

271 1512 395 1559 eoa„
431 1499 496 1546 ut
527 1498 688 1548 nobie
723 1497 922 1547 iterum
957 1495 1247 1547 licentiam
1293 1494 1518 1560 darent,
1564 1501 1629 1546 ut
1664 1514 1795 1562 pos-

269 1595 454 1632 sumus
490 1579 557 1630 de
592 1582 926 1642 monasterio
961 1581 1045 1630 ire
1082 1595 1249 1644 super
1282 1579 1532 1644 plateas,
1570 1581 1671 1631 scd
1706 1583 1795 1631 ni-

271 1665 352 1716 hil
385 1665 570 1730 potuit
605 1667 930 1729 impetrare,
982 1664 1115 1728 quia.
1162 1663 1420 1714 dixerunt
1453 1680 1671 1731 omnes,
1710 1672 1793 1717 to-

270 1753 360 1799 tus
399 1748 751 1798 consulatus:
797 1749 904 1799 hoc
937 1763 1170 1813 parvum
1208 1756 1319 1812 est,
1368 1749 1513 1812 quod
1546 1765 1658 1802 non
1696 1752 1792 1802 de—

270 1833 463 1884 bemus
499 1834 736 1898 amplius
775 1835 956 1895 exire3
1006 1833 1116 1898 ipsi
1159 1833 1356 1884 volunt
1398 1835 1560 1885 nobis
1608 1835 1795 1886 adhuc

271 1933 438 1968 unum
492 1919 764 1968 factorem
823 1917 956 1966 dare
1004 1914 1136 1981 (ipsi
1179 1923 1524 1969 vocaverunt
1570 1925 1798 1972 curato-

271 2000 438 2066 rem),
486 2002 581 2066 qui
625 2001 790 2052 debet
823 2002 1157 2052 monasterio
1192 2003 1377 2053 omnia
1411 2004 1704 2070 percipere
1740 2011 1801 2056 et

273 2103 575 2152 exponere,
622 2091 678 2137 et
711 2087 871 2138 nobis
907 2085 1245 2138 solummodo
1280 2089 1603 2138 necessaria
1637 2088 1796 2140 dare.

274 2171 438 2222 Certe
473 2173 524 2222 si
557 2170 664 2220 hoc
699 2186 822 2221 esse
859 2173 964 2221 erit
985 2209 999 2235 ,
1046 2175 1180 2221 tunc
1224 2171 1397 2222 habet
1438 2171 1602 2224 finem
1638 2175 1800 2224 circa

272 2255 590 2306 libertatem
651 2254 1123 2320 ecclesiasticam,
1183 2255 1323 2306 nihil
1382 2261 1469 2307 est
1524 2258 1796 2323 ampliari,

272 2339 526 2389 diabolus
572 2343 798 2390 maneat
842 2341 899 2390 in
945 2332 1309 2404 monasterio,
1368 2338 1423 2404 (o
1469 2341 1647 2393 frater
1692 2342 1793 2407 mi)

271 2419 388 2474 vivi
445 2424 792 2487 pervenimus
851 2423 1008 2475 illuc.
1083 2425 1221 2487 Quis
1278 2425 1425 2475 hunc
1485 2425 1795 2490 aliquando

273 2509 454 2572 potuit
487 2523 714 2572 sperare
750 2508 1011 2573 dolor-em,
1049 2509 1197 2572 quod
1230 2509 1408 2560 nostri
1442 2511 1641 2575 optimi
1662 2512 1796 2563 fau—

273 2577 422 2642 tcres
457 2591 618 2641 nobis
653 2593 736 2642 sic
772 2591 1143 2643 derecedunt?
1178 2593 1253 2642 Et
1278 2598 1425 2644 certe
1450 2596 1797 2648 reverendus

199 2733 202 2736 Δ
274 2679 434 2739 pater
468 2676 644 2726 frater
678 2677 828 2740 prior
863 2681 948 2728 est
983 2676 1146 2728 valde
1176 2677 1559 2743 contristatus,
1598 2683 1657 2730 et
1680 2681 1797 2732 fuit
