1942 3109
224 240 326 292 218
390 255 682 291 nnn-om
720 255 1090 291 onscvnonvu
1115 255 1370 290 vmonvu
1395 255 1574 290 novin.

225 359 383 410 scitis
420 360 564 423 quod
608 376 766 411 omne
812 361 1138 424 promissum
1185 359 1336 410 cadit
1379 361 1437 409 in
1481 359 1751 426 debitum,

223 447 519 509 propterea
554 446 670 496 feci
704 461 827 496 eum
864 446 1059 495 citare.
1131 445 1287 494 Tunc
1321 443 1484 508 hodie
1519 445 1754 510 scripsit

223 529 359 578 mihi
403 544 569 578 unam
612 530 859 580 litteram
902 530 1339 594 vituperativam
1376 533 1432 578 et
1466 529 1752 580 scandali-

224 613 373 663 savit
404 629 491 663 me
530 615 694 677 quasi
737 614 1016 664 bufonem.
1086 613 1234 678 Ergo
1279 629 1399 663 sum
1443 614 1526 662 ita
1569 615 1750 664 iratus

225 697 370 762 quod
404 699 593 748 neseio
630 698 761 762 quid
797 698 969 748 debeo
1006 699 1213 748 facere.
1274 695 1383 748 Sed
1405 697 1534 748 volo
1559 699 1638 752 ire
1675 699 1750 748 ad

200 783 648 847 gubernatorem
686 786 744 832 et
776 783 1076 847 impetrare
1111 797 1278 831 unum
1313 781 1634 831 mandatum
1677 782 1748 833 de

229 865 527 930 capiendo,
584 868 716 930 quia
758 867 867 916 iste
913 867 1099 916 socius
1148 870 1232 916 est
1273 866 1410 916 mihi
1455 870 1748 931 suspectus

226 949 292 1002 de
328 951 483 1016 fuga.
550 950 627 1004 Et
664 951 884 1014 quando
919 967 1030 1001 non
1063 950 1237 999 mittit
1269 949 1406 999 mihi
1442 952 1632 1000 statim
1676 951 1747 1000 li-

220 1035 407 1099 brum,
452 1039 585 1085 tunc
632 1035 863 1086 afferam
896 1034 1138 1085 famulos
1172 1034 1430 1098 pariselli
1465 1035 1536 1084 ad
1572 1035 1750 1099 capti-

222 1119 460 1171 vandum
499 1135 649 1184 eum,
689 1124 743 1169 et
776 1121 995 1170 mittere
1018 1121 1078 1168 in
1100 1133 1422 1182 presunam:
1461 1123 1516 1169 et
1541 1120 1590 1169 si
1614 1123 1751 1170 tunc

222 1205 457 1254 habebit
499 1218 665 1253 unum
710 1203 1126 1269 strapeeordam
1181 1203 1272 1254 vel
1329 1203 1495 1266 duas,
1557 1204 1751 1268 capiat

222 1288 359 1338 sibi:
399 1289 530 1351 quia
563 1287 691 1337 volo
727 1303 851 1336 eum
874 1284 1073 1336 docere
1099 1285 1366 1350 quomodo
1390 1286 1558 1350 debet
1580 1303 1750 1338 unum

224 1371 660 1435 circumducere,
723 1374 780 1420 et
830 1385 940 1420 non
993 1374 1185 1420 tenere
1238 1372 1582 1435 promissum.
1673 1372 1751 1422 Et

228 1455 468 1507 credatis
504 1455 639 1504 mihi
672 1454 901 1504 firmiter
938 1453 1082 1516 quod
1103 1455 1233 1505 volo
1257 1454 1565 1506 rectificare
1587 1455 1750 1505 illum

221 1540 457 1590 socium:
493 1539 585 1589 vel
622 1541 709 1586 est
742 1537 999 1587 damnum
1035 1537 1181 1601 quod
1213 1539 1360 1589 vivo.
1417 1541 1564 1602 Quia
1589 1555 1749 1604 opor-

221 1627 304 1673 tet
350 1639 437 1671 me
484 1622 690 1671 habere
736 1620 908 1671 talem
962 1621 1191 1686 librum,
1250 1623 1382 1694 quia
1434 1625 1548 1674 iam
1600 1639 1747 1688 pono

222 1706 462 1756 studium
498 1721 675 1755 meum
710 1706 768 1754 in
804 1705 1023 1770 ordine,
1071 1709 1128 1756 et
1173 1707 1281 1756 emi
1314 1707 1490 1758 libros
1525 1709 1584 1757 in
1617 1707 1746 1758 Iure

222 1794 279 1840 et
324 1791 383 1839 in
428 1781 585 1854 aliie,
640 1788 850 1840 vadens
902 1789 1104 1839 cotidie
1152 1793 1419 1854 quattuor
1463 1791 1628 1841 horas
1673 1792 1748 1840 ad

226 1873 571 1939 Sapientiam
618 1872 891 1923 audiendo
935 1873 1232 1938 Instituta,
1280 1877 1337 1924 et
1371 1874 1746 1939 Infortiatum,

166 2007 183 2020 ,
220 1961 277 2008 et
313 1959 481 2007 etiam
518 1959 573 2006 in
623 1958 739 2007 iure
778 1956 1090 2021 Canonico,
1140 1962 1196 2008 et
1229 1958 1476 2022 Regulas
1523 1958 1746 2009 cancel-

218 2042 393 2108 larie:
444 2047 499 2092 et
543 2043 732 2092 inveni
774 2041 867 2091 hic
914 2056 1081 2091 unum
1115 2041 1317 2092 librum
1351 2042 1582 2092 multum
1616 2057 1747 2107 pra-

222 2128 457 2189 cticum‚
497 2131 553 2176 et
589 2129 675 2176 est
712 2126 1024 2188 excellen3‚
1064 2128 1120 2174 et
1157 2142 1223 2176 ex
1261 2142 1324 2176 eo
1361 2125 1515 2178 disco
1549 2127 1748 2178 multa:

222 2226 324 2275 ego
373 2210 535 2260 credo
584 2208 728 2272 quod
773 2210 832 2257 in
866 2209 1129 2258 Almania
1173 2225 1283 2260 non
1328 2211 1554 2262 habetis
1591 2227 1747 2263 eum:

216 2295 339 2359 ipse
378 2297 462 2344 est
498 2293 771 2342 mirabilis
810 2297 866 2343 et
902 2297 988 2343 est
1021 2291 1186 2344 valde
1235 2292 1638 2358 declarativum
1689 2301 1753 2346 et

222 2378 545 2429 intitulatur
579 2376 774 2428 ‘Casus
799 2378 955 2442 longi
978 2393 1144 2442 super
1165 2377 1488 2441 Institutis'‚
1526 2382 1583 2428 et
1617 2393 1751 2443 pra—

220 2463 395 2513 cticat
436 2463 837 2527 pulcherrimas
882 2463 1175 2526 materiae,
1235 2466 1292 2512 et
1346 2462 1430 2510 ita
1473 2462 1751 2526 profunde

219 2547 475 2597 declarat
498 2531 790 2609 Instituta„
830 2545 976 2609 quod
999 2561 1131 2611 sepe
1157 2545 1356 2596 dividit
1378 2560 1546 2596 unum
1569 2546 1750 2597 Para—

217 2631 485 2696 graphum
522 2632 580 2680 in
619 2647 689 2680 .x.
724 2635 940 2694 partes,
981 2617 1047 2680 ¹et
1089 2628 1342 2694 procedit
1383 2647 1484 2694 per
1526 2630 1752 2682 modum

217 2712 453 2778 dialogi,
513 2719 569 2764 et
624 2718 707 2765 est
754 2715 923 2764 etiam
970 2717 1238 2778 quantum
1282 2713 1355 2764 ad
1399 2714 1750 2766 latinitatem
