1942 3109
676 292 946 333 vonvunn
984 290 1249 336 oesnmvu.
1622 276 1725 331 437

943 567 1000 622 9..

481 684 885 752 Iohannes
929 682 1443 771 Kanocknyx

618 790 908 843 Professor
940 788 1301 854 Fylolavieus

435 876 720 927 Domino
764 874 1098 929 Bartvioo
1145 873 1485 927 Animalio

471 958 703 1023 Collego
730 956 1003 1008 altissime
1026 956 1453 1012 honoratissimo

199 1045 403 1100 bonam
448 1040 890 1094 benedictionem
925 1043 1087 1105 optat
1122 1056 1156 1090 a
1193 1038 1340 1091 Solis
1386 1044 1513 1097 ortu
1548 1057 1612 1093 us
1620 1057 1725 1108 que

775 1124 847 1181 ad
883 1140 1165 1177 occasum.

303 1246 596 1313 Seripsisti
628 1260 804 1310 nuper:
838 1244 910 1295 ad
943 1260 1048 1308 me,
1082 1244 1161 1295 mi
1184 1242 1415 1310 college
1436 1245 1725 1311 altissime,

194 1332 650 1396 honoratissime,
701 1328 849 1395 quod
882 1329 1088 1381 vellem
1121 1330 1233 1381 tibi
1262 1328 1511 1383 indicare
1546 1346 1725 1384 meam

194 1418 559 1482 sententiam,
607 1431 774 1481 quam
819 1415 1001 1467 habeo
1047 1414 1115 1467 de
1162 1419 1257 1465 tuo
1292 1414 1523 1481 pulchro
1557 1416 1724 1482 libre,

195 1519 360 1569 quem
406 1504 517 1555 cito
551 1518 676 1555 mox
713 1500 902 1553 edebis
938 1500 997 1551 in
1032 1499 1247 1566 lumen,
1291 1504 1455 1567 prout
1496 1500 1719 1567 dieitur,

195 1589 352 1655 ‘gens
389 1590 448 1641 in
495 1587 740 1641 tenebris
775 1585 916 1638 vidit
958 1602 1219 1653 magnum
1264 1585 1487 1652 lumen',
1524 1591 1583 1639 et
1618 1604 1721 1654 ego

191 1674 434 1723 libenter
477 1674 585 1723 tibi
629 1670 1063 1736 respondissem,
1117 1672 1167 1721 si
1202 1672 1534 1735 potuissem,
1589 1673 1723 1735 quia

193 1758 252 1809 in
295 1761 487 1808 nostra
531 1754 780 1806 nundina
835 1768 1027 1805 omnes
1078 1769 1212 1805 mese
1255 1758 1419 1807 terrae
1472 1756 1722 1808 homines

194 1857 281 1891 me
323 1842 637 1893 visitabant
681 1841 744 1891 in
786 1854 989 1903 mag-no
1044 1854 1299 1904 numero,
1360 1844 1419 1891 et
1464 1856 1566 1907 ego
1611 1856 1722 1893 non

195 1927 448 1989 poteram
500 1921 617 1971 illis
660 1920 784 1971 fieri
837 1936 988 1983 sors,
1047 1925 1159 1973 nisi
1214 1924 1432 1985 quando
1477 1925 1722 1977 nundina

196 2010 320 2059 erat
361 2004 539 2057 finita.
611 2002 722 2055 Sed
769 2003 904 2067 qui-a
937 2006 1051 2055 iam
1095 2005 1269 2055 habui
1301 2004 1437 2057 duos
1472 2006 1589 2057 dies
1622 2009 1720 2059 bo·

193 2109 324 2145 num
359 2092 552 2155 otium,
592 2106 656 2141 eo
696 2088 1037 2153 cogitantium
1072 2088 1230 2141 volui
1262 2088 1614 2155 respondere.
1648 2092 1723 2145 Et

195 2192 332 2229 sane
378 2175 631 2239 profecto
676 2172 954 2239 gratulor,
1003 2175 1137 2239 quia
1172 2176 1287 2228 tam
1323 2173 1505 2227 audax
1540 2178 1717 2243 fuisti,

192 2261 276 2315 uti
311 2260 542 2323 dieitur„
572 2258 830 2315 ‘audacia
863 2253 1072 2313 multos
1101 2261 1161 2315 iu
1196 2262 1499 2327 perniciem
1534 2262 1719 2319 detru-

189 2348 314 2411 sit’,
361 2349 420 2397 et
464 2343 698 2397 voluisti
735 2344 898 2397 simul
933 2348 1180 2401 seribere
1226 2352 1341 2399 tam
1386 2347 1615 2418 elegans
1650 2350 1717 2401 li-

189 2435 367 2497 batum,
406 2447 473 2482 ex
511 2444 618 2494 quo
654 2433 739 2481 tot
772 2430 920 2481 vires
953 2430 1107 2485 doeti
1141 2433 1544 2498 prorepebunt,
1582 2440 1717 2499 quot

191 2518 391 2571 armati
425 2515 634 2567 milites
680 2531 748 2566 ex
781 2518 981 2568 ventre
1016 2516 1146 2580 equi
1182 2516 1413 2569 Troiani
1455 2534 1716 2586 prorepe-

189 2602 346 2653 bant‚
414 2602 588 2653 Nemo
625 2601 772 2651 enim
810 2604 981 2652 antea
1013 2604 1127 2652 tam
1165 2606 1496 2657 accuranter
1529 2606 1714 2664 seivit,

191 2685 334 2737 unde
369 2702 558 2739 omnes
591 2701 760 2740 voces
796 2687 906 2737 huc
939 2686 1214 2753 venirent,
1253 2692 1311 2741 et
1346 2687 1479 2751 quid
1516 2690 1620 2751 est,
1646 2687 1717 2737 ad

193 2769 502 2837 exemplum
535 2770 734 2836 ‘videm
772 2769 890 2835 ed0,
925 2770 1094 2826 bibo'.
1140 2773 1214 2825 Et
1250 2774 1337 2823 est
1370 2769 1713 2837 miraculum,
