1942 3109
258 250 357 303 190
434 266 727 302 EPISTOLAE
752 267 1123 303 onscvnomm
1149 266 1404 302 VIBOBVM
1429 265 1609 300 NOVAE.

356 372 475 437 Ego
512 371 645 422 novi
682 370 930 436 colonie.
1035 370 1316 436 Respondi
1351 369 1487 420 ‘noli
1521 370 1737 434 dicere,

360 457 507 520 Quia
557 471 659 521 ego
702 471 814 507 non
858 457 1014 506 sum'.
1121 459 1257 505 tunc
1308 455 1452 504 dixit
1505 454 1575 506 ad
1625 470 1786 506 suum

1064 542 1278 590 socium

360 625 493 677 ‘Iste
530 642 626 692 pro
664 625 962 690 Theologis
1067 629 1156 676 est
1188 624 1435 690 proditor
1459 623 1785 689 OapnioniS,

360 711 433 760 Et
480 715 571 762 est
614 726 845 776 mag-nus
892 709 1222 774 pultronus'.
1329 709 1474 773 quod
1520 709 1636 758 dixi
1670 725 1786 759 ma-

1065 795 1258 860 gistris
1296 795 1354 844 in
1390 794 1648 857 Artibu8‚

280 890 333 929 55
371 881 481 943 Qui
537 881 867 931 iuraverunt
922 880 1160 930 invicem
1276 880 1535 945 accipere
1595 879 1649 930 ei
1705 879 1786 928 le-

1073 965 1314 1016 ctionem

361 1051 451 1100 Ita
488 1048 634 1113 quod
669 1050 727 1098 in
764 1054 1041 1114 posterum
1143 1065 1254 1099 non
1289 1048 1527 1114 amplius
1553 1048 1786 1099 haberet

1071 1132 1424 1198 stipendium.

363 1220 531 1268 Venit
562 1219 941 1282 Mosellanus‚
1047 1217 1269 1268 dicens:
1309 1216 1426 1267 ‘ille
1464 1217 1688 1268 Beanus

360 1303 607 1354 Deberet
654 1302 724 1351 ad
766 1302 1076 1366 patibulum
1181 1301 1444 1368 suspendi
1486 1317 1586 1367 per
1631 1317 1789 1352 suum

1073 1387 1313 1436 collum'.
1401 1437 1406 1442 ,

362 1473 437 1521 Et
470 1472 554 1522 sie
590 1472 675 1522 fui
711 1471 1037 1522 licentiatus
1143 1475 1200 1522 et
1237 1470 1308 1520 ad
1343 1470 1658 1522 Erfordiam
1704 1471 1788 1521 in-

1069 1557 1414 1606 tentionatus
1427 1593 1442 1620 ‚

280 1652 333 1692 60
368 1642 482 1692 Ubi
514 1640 896 1705 Aperbachius
934 1657 1020 1691 me
1125 1642 1336 1704 incepit
1372 1640 1676 1705 tribulare,

360 1727 435 1775 Et
492 1725 754 1776 Ecbanus
812 1726 1054 1790 Hessus,
1170 1727 1266 1788 qui
1323 1739 1605 1788 nunquam
1677 1727 1788 1776 fuit

1069 1811 1256 1860 fessus

363 1899 603 1963 Querere
641 1896 700 1944 in
736 1895 970 1960 plateis,
1075 1899 1138 1946 ut
1172 1898 1528 1960 percuterent
1551 1911 1634 1946 me
1666 1910 1790 1945 cum

1069 1980 1300 2045 pugnis3

358 2065 431 2115 Et
450 2065 681 2115 multum
700 2064 1028 2115 terribiliter
1111 2064 1339 2115 vexavit
1357 2079 1444 2114 me
1462 2065 1549 2115 bis
1568 2065 1661 2116 vel
1679 2069 1786 2129 ter,

358 2144 433 2200 Et
466 2150 607 2202 dixit
642 2148 714 2200 ad
746 2149 1062 2200 studentes:
1169 2147 1466 2214 ‘frangatis
1493 2150 1548 2200 ei
1571 2149 1788 2214 dentes,

279 2245 329 2284 65
368 2235 515 2298 Quia
532 2232 902 2298 Theologicus
1009 2237 1068 2283 et
1087 2232 1363 2284 Reuchlin
1383 2237 1469 2284 est
1487 2234 1788 2285 inimicus‘.

358 2320 517 2370 Tunc
563 2317 704 2367 dixit
753 2317 951 2368 Crotus
995 2318 1312 2369 Rubianus:
1419 2316 1582 2369 ‘unde
1631 2320 1790 2370 venit

1065 2403 1172 2454 iste
1209 2403 1462 2467 Beanus,

360 2489 469 2552 Qui
514 2503 625 2538 non
662 2493 749 2540 est
794 2489 957 2540 nobis
1003 2489 1222 2539 notus‘?'
1316 2480 1443 2537 ‘dixi
1484 2488 1630 2552 quod
1666 2504 1788 2540 sum

1071 2576 1370 2638 promotus.

356 2656 689 2724 Respondit:
736 2659 899 2710 ‘eatis
946 2659 1178 2722 utique'.
1294 2658 1452 2707 Tunc
1499 2658 1654 2710 volui
1699 2675 1788 2710 re-

1065 2745 1282 2793 vertere
