1942 3109
239 250 342 301 422
451 262 857 303 nmsronnvu
891 260 1267 301 onscvnonvu
1301 260 1556 298 vmomm

308 368 401 420 Nil
437 367 575 422 adeo
611 370 835 422 fortuna
869 370 1060 437 gravis
1096 382 1262 434 quam
1283 366 1538 435 gramina
1560 370 1728 433 pasto.

373 455 498 507 Non
534 455 853 507 honoranda
885 456 1001 506 tuis
1038 454 1441 518 consiliumque
1475 453 1641 519 fugit.

305 540 412 593 Est
441 540 539 592 via
574 540 812 593 declivis
847 540 914 591 de
951 542 1075 591 tota
1108 540 1337 589 fiumina
1371 541 1542 603 terra,

373 626 607 678 Lucifer
642 643 672 677 e
710 625 865 678 coelis
899 640 1119 691 semper
1152 638 1377 675 amarus
1412 624 1537 675 erit.

309 711 458 776 Quid
489 711 704 762 multa?
740 709 982 762 studium
1021 710 1259 761 calcatis
1294 708 1550 761 sordibus
1584 708 1724 773 uvis,

375 796 482 846 Est
513 798 753 861 pretium
787 810 977 861 parvae
1010 794 1247 846 vulnera
1286 792 1467 846 cordis
1502 807 1638 860 ope=

307 879 468 945 Quod
489 880 628 933 licet
652 882 709 931 et
729 878 905 932 facile
939 884 1047 945 est,
1083 879 1229 946 quod
1252 894 1363 931 non
1388 878 1543 946 licet,
1578 879 1761 930 acrius

847 966 980 1031 urit,

373 1051 610 1104 Ferreus
647 1054 740 1103 est
766 1051 816 1104 si
851 1052 976 1115 quis
1014 1049 1272 1116 compede
1309 1050 1473 1115 pulsa
1510 1053 1685 1101 sonet.

306 1136 516 1187 Auctor
549 1152 688 1203 opus
721 1134 934 1201 laudat,
969 1136 1199 1201 pariunt
1234 1125 1521 1185 absinthia
1548 1135 1751 1199 campi·

377 1220 650 1287 Collaque
684 1220 898 1274 velocis
933 1219 1057 1271 dira
1088 1236 1308 1272 venena
1343 1234 1525 1269 manu.

307 1306 430 1359 Non
465 1307 573 1358 sibi
608 1305 909 1372 respondit,
944 1321 1055 1356 non
1090 1306 1273 1356 omnia
1296 1303 1731 1370 proloquebatur

375 1393 450 1443 Et
486 1406 730 1456 causam,
767 1390 908 1442 laevo
945 1389 1055 1440 fixa
1090 1390 1301 1455 sagitta
1336 1387 1474 1454 pede
1512 1393 1612 1440 est.

306 1476 459 1527 Dent
492 1475 600 1527 tibi
635 1476 889 1527 coelestes
925 1474 1246 1539 squalentia
1280 1473 1397 1525 tela
1430 1474 1657 1525 venenis

373 1558 632 1625 Arvaque
666 1561 911 1627 pugnaci
944 1574 1089 1610 mors
1125 1558 1381 1609 habitare
1416 1558 1518 1609 sui.

307 1642 467 1712 Saepe
503 1645 613 1695 fuit
648 1649 836 1697 nostro
874 1660 1041 1710 quam
1075 1659 1175 1711 pro
1211 1641 1463 1695 mercede
1499 1638 1718 1707 dedisti,

373 1729 578 1780 Abdita
613 1744 722 1781 nox
757 1727 1013 1796 splendet
1048 1727 1347 1780 sedulitate
1384 1727 1594 1778 domus.

308 1813 540 1866 Scilicet
574 1817 636 1864 ut
669 1815 884 1867 fulvum
919 1818 1139 1865 vestras
1177 1814 1465 1865 absumere
1500 1812 1649 1865 vires

372 1898 587 1966 Aspera
622 1898 749 1949 dum
783 1900 944 1951 nobis
982 1902 1111 1951 sunt
1145 1896 1463 1950 veneranda
1500 1896 1665 1949 loco.’

307 1984 586 2037 Stramine
622 2000 768 2051 saepe
805 2001 971 2052 super
1008 1984 1268 2049 quoniam
1307 1983 1663 2033 convenimus

847 2072 1027 2136 amb0,

373 2154 503 2207 Una
536 2159 698 2221 paret
731 2154 880 2207 lecto
915 2154 1088 2221 digna
1120 2150 1311 2220 puella
1345 2156 1459 2204 tuo.

304 2237 534 2289 Vellera
567 2236 706 2289 dura
740 2238 926 2289 ferunt
959 2238 1123 2291 video
1158 2238 1366 2289 delicta
1400 2252 1662 2303 meorum,

371 2322 459 2374 An
492 2322 718 2375 fortuna
752 2322 885 2374 mihi
923 2325 1130 2375 crimen
1164 2326 1349 2374 inesse
1386 2324 1583 2388 rogat?

307 2406 574 2472 Quolibet
607 2413 694 2461 est
728 2408 866 2460 folio
900 2408 1059 2460 modo
1094 2406 1424 2460 formidatus
1458 2408 1518 2458 in
1552 2406 1689 2458 urbe

375 2492 658 2544 Candidus
695 2497 753 2545 et
785 2493 924 2545 felix
958 2494 1138 2545 frater
1172 2493 1398 2545 honoris
1436 2492 1558 2543 erit.

305 2576 424 2629 Nec
460 2582 646 2628 tamen
680 2578 830 2629 hunc
869 2594 974 2630 sua
1008 2592 1153 2628 mors
1190 2576 1261 2628 ad
1298 2592 1457 2644 opem
1492 2577 1709 2627 luctare

841 2661 1148 2726 ferendam,

372 2746 488 2799 Nec
523 2742 739 2797 tardam
774 2746 964 2799 iuveni
998 2749 1347 2813 prosperiore
1384 2746 1515 2798 frui.
