1942 3109
269 257 369 307 118
526 271 816 306 ΕΡῐετοιΕ
854 269 1221 306 onscvnonvn
1255 268 1529 304 vrnonvu.

267 391 395 425 nem
441 376 560 425 eius
604 391 703 440 per
745 375 1051 439 mamillas,
1102 379 1159 425 et
1203 375 1421 425 faciunt
1464 375 1623 424 suum
1662 373 1807 421 ami-

271 475 394 510 oum
431 459 732 524 aliquando
769 463 852 511 sie
886 459 1157 510 infirmum
1194 459 1338 524 quod
1372 460 1468 510 vix
1492 457 1649 508 valet
1675 472 1811 506 eum

268 545 471 596 baculo
493 546 812 597 ambulare.
881 546 1003 610 Ego
1042 543 1205 595 oredo
1242 544 1387 609 quod.
1419 542 1680 593 diabolus
1705 541 1809 592 do-

271 631 388 680 cuit
421 631 576 695 ipsas
612 629 771 681 illam
817 635 1022 682 artem:
1068 628 1538 681 verumenimvero
1586 629 1673 677 sic
1708 626 1808 676 de-

268 715 461 766 bemus
497 716 635 780 ipsis
671 716 897 767 obviare
935 717 1083 765 sieut
1116 715 1233 780 legi
1266 715 1325 764 in
1360 713 1595 763 libraria
1621 713 1809 776 magi-

270 804 506 850 strorum
539 803 598 849 in
639 800 938 852 Rostoohio
984 802 1045 848 in
1090 799 1478 863 antiquissimo
1524 797 1698 861 libro,
1748 802 1813 846 et

271 889 470 949 postea
505 885 769 950 probavi,
807 888 864 934 et
900 888 985 936 est
1016 899 1224 934 verum.
1296 881 1487 933 In'die
1523 881 1811 932 dominico

271 968 534 1019 debemus
571 985 785 1020 sumere
821 969 909 1020 sal
944 969 1317 1034 benedictum,
1355 971 1412 1018 et
1450 981 1571 1017 cum
1608 982 1675 1016 eo
1712 983 1811 1016 su—

271 1069 370 1118 per
404 1054 652 1120 linguam
687 1055 876 1104 facere
911 1069 1081 1104 unam
1117 1067 1364 1116 crucem,
1414 1057 1469 1102 et
1516 1051 1813 1102 comedere

277 1156 345 1188 ex
379 1138 640 1190 mandato
677 1140 983 1207 scripture:
1032 1137 1165 1189 ‘Vos
1212 1139 1345 1188 estis
1393 1136 1480 1188 sal
1514 1138 1703 1203 terre‘,
1752 1137 1816 1184 id

273 1226 361 1272 est
405 1222 720 1284 eomediti83
777 1227 977 1287 postea
1032 1222 1222 1273 facere
1266 1237 1433 1272 unam
1480 1235 1703 1271 crucem
1748 1221 1815 1270 in

277 1309 534 1371 pecto-re,
588 1309 647 1356 et
679 1321 846 1356 unam
882 1307 942 1356 in
976 1306 1164 1368 dors03
1202 1303 1711 1371 'similiter'ponere
1748 1307 1813 1355 in

273 1394 566 1454 utramque
603 1407 791 1442 aurem
827 1407 1044 1456 semper
1081 1407 1202 1441 eum
1240 1406 1423 1456 cruce,
1462 1389 1712 1440 cavendo
1736 1405 1814 1440 ne

277 1475 444 1524 cadat
481 1476 696 1526 exinde.
770 1491 838 1526 ac
873 1479 1071 1542 postea
1106 1491 1265 1526 orare
1302 1475 1472 1525 talem
1498 1475 1815 1525 orationem

275 1559 560 1610 devotam:

341 1644 576 1695 Domine
611 1643 740 1696 Iesu
775 1644 1023 1710 Christe,
1078 1681 1084 1686 -
1130 1650 1187 1696 et
1218 1661 1318 1696 vos
1344 1648 1608 1709 quattuor
1632 1661 1813 1697 evan·-

1088 1729 1317 1798 goliae,

347 1814 622 1885 custodite
675 1830 761 1865 me
811 1831 846 1864 a
898 1813 1063 1864 malis
1106 1815 1523 1878 meretricibus,
1629 1819 1691 1865 et
1738 1817 1813 1866 ab

1086 1900 1225 1965 ipsis
1260 1900 1766 1964 incantatricibUS,

343 1999 414 2033 ne
451 1986 726 2048 exsugam:
759 1998 937 2033 meum
976 1997 1251 2047 eruorem,
1358 1988 1415 2034 et
1437 1984 1655 2034 faciant
1681 2001 1817 2050 gra-

1086 2083 1212 2118 vem
1248 2067 1489 2119 dolorem

347 2155 405 2202 in
439 2155 576 2204 meis
612 2152 957 2214 mammillis;
1066 2167 1237 2221 queso
1272 2153 1519 2203 resistite
1556 2153 1706 2204 illis:

347 2236 490 2288 dabo
557 2238 716 2288 vobis
785 2237 1155 2302 offertorium,
1290 2253 1459 2288 unum
1516 2236 1819 2302 pulchrum

1090 2323 1478 2388 aspersorium.

281 2410 336 2457 et
371 2407 526 2457 eritis
562 2405 853 2458 liberatos.
925 2405 987 2457 Si
1020 2409 1219 2458 iterum
1252 2407 1504 2472 veniunt,
1539 2411 1677 2459 tuno
1716 2425 1816 2460 ex—

281 2496 486 2558 sugunt
533 2508 692 2542 suum
737 2493 1064 2558 sanguinem
1111 2496 1167 2542 et
1208 2491 1347 2541 fiunt
1404 2497 1518 2543 met
1573 2493 1815 2564 infirme.

282 2575 537 2626 Ceterum
575 2575 841 2641 quomodo
889 2581 1007 2627 stat
1042 2593 1129 2627 res
1168 2592 1289 2627 oum
1324 2577 1549 2630 doctore
1586 2579 1815 2630 Reueh-

278 2660 394 2710 lin?
455 2663 706 2726 magistri
753 2661 947 2712 dieunt
993 2662 1086 2712 hic
1134 2663 1276 2726 quod
1322 2677 1422 2713 vos
1468 2665 1640 2714 vicitz
1706 2681 1817 2732 ego

279 2761 390 2796 non
417 2745 579 2796 oredo
607 2746 750 2811 quod
775 2750 966 2812 posset
992 2747 1217 2798 vincere
1242 2748 1539 2813 magistros
1565 2754 1817 2802 nostros.
