1942 3109
159 247 536 288 Pnrnmconm
562 244 636 283 An
663 246 836 285 nunu.
851 245 1409 287 consummatum
1424 242 1541 285 1516.
1614 231 1681 285 13

153 360 334 423 ipsum
379 369 599 421 quoque
645 353 926 405 doctorem
959 354 1235 405 Reuchlin
1278 358 1335 405 et
1378 370 1462 405 me
1498 357 1680 419 ipsum

156 442 346 492 debito
403 440 596 491 ordine
643 438 886 509 Cesaret}
932 441 1245 493 maiestatis
1290 438 1550 489 mandato
1593 441 1677 489 in·

155 526 328 586 scribi
361 525 623 576 facerem.
697 526 819 587 Quo
865 526 1021 577 facto
1056 526 1521 591 Archiepiscopus
1557 525 1678 590 ipse

158 610 364 662 adiecit
419 626 542 661 sese
605 608 896 675 (quantum
949 611 1004 660 ei
1046 610 1313 676 possibile
1375 608 1546 676 esset)
1592 625 1677 661 me

159 697 410 749 omnibus
455 696 516 745 in
562 696 729 747 rebus
777 694 987 745 auxilio
1033 696 1305 761 futurum,
1363 694 1501 745 dans
1547 695 1681 745 mihi

161 782 348 847 magni
391 780 572 847 precii
615 795 891 830 nummum
935 796 1035 845 pro
1080 782 1309 832 viatico.
1386 770 1439 829 (I
1473 781 1679 832 Postea

152 870 354 918 iterum
401 865 689 932 profectus
737 880 855 917 sum
889 865 1380 931 Franckfordiam,
1428 868 1677 917 referens

155 954 260 1020 hec
297 953 503 1017 optimo
540 952 762 1003 senatui
783 949 1369 1014 Franckfordensium‚
1408 950 1675 1016 quomodo

158 1041 214 1087 et
252 1050 416 1101 quam
451 1018 638 1101 pie⁰in
671 1036 780 1087 hac
819 1050 993 1086 causa
1028 1035 1355 1101 Episcopus.
1376 1034 1669 1101 Molgunti-
1684 1032 1813 1099 (ξω)

153 1138 256 1173 nus
304 1120 709 1187 respondisset,
757 1124 953 1187 petens
1004 1135 1037 1169 a
1084 1123 1284 1170 senatu
1326 1119 1568 1171 indicem
1612 1119 1679 1169 de

149 1208 279 1257 istis
323 1206 484 1256 libris
517 1206 764 1256 Iudaicis
802 1220 939 1270 quos
985 1205 1346 1270 deposueram
1382 1205 1529 1269 apud
1566 1222 1678 1255 eos.

149 1280 210 1341 id
247 1289 392 1355 quod
415 1289 563 1341 dicto
591 1291 752 1341 citius
777 1290 1153 1356 perfecerunt,
1190 1290 1485 1340 offerentes
1510 1290 1680 1339 etiam

150 1380 211 1425 et
255 1374 392 1425 mihi
438 1376 640 1441 quibus
687 1375 1124 1427 commodissime
1169 1374 1393 1441 singula
1446 1391 1678 1442 perage·

147 1476 294 1510 rem:
347 1452 399 1510 (i
434 1460 508 1509 Et
541 1460 640 1511 illo
687 1464 932 1526 tempore
970 1465 1092 1510 erat
1128 1460 1371 1529 Cesarea
1405 1460 1676 1511 Maiestas

145 1547 210 1596 in
245 1546 446 1610 Italia,
496 1546 653 1596 cuius
702 1546 960 1596 absentia
1010 1548 1250 1613 cogebar
1282 1562 1382 1612 per
1417 1546 1677 1599 Sueviam

147 1630 449 1695 proficisci,
489 1635 546 1681 et
581 1632 726 1681 inter
760 1629 1223 1697 proficiscendum
1261 1631 1473 1682 contuli
1494 1648 1579 1681 me
1607 1630 1677 1681 ad

148 1712 612 1780 Stutgardianam
674 1715 986 1781 civitatem,
1046 1718 1105 1765 in
1164 1732 1274 1781 qua
1334 1716 1526 1767 doctor
1576 1716 1675 1766 ille

143 1799 428 1851 Reuchlin
462 1800 712 1864 habitat,
750 1801 941 1852 volens
980 1802 1049 1851 ab
1090 1817 1154 1852 eo
1192 1800 1382 1854 audire
1420 1805 1476 1853 et
1512 1817 1677 1867 expe—

145 1883 254 1933 riri
288 1884 464 1949 ipsius
503 1886 836 1950 consilium,'
864 1886 998 1950 quid
1034 1886 1105 1936 ad
1139 1886 1245 1936 hoc
1280 1887 1572 1953 negocium
1596 1887 1676 1936 di-

146 1970 322 2018 ceret.
385 1969 540 2019 Tunc
565 1968 740 2019 multa
762 1969 1129 2021 blandissima
1154 1972 1289 2021 mihi
1312 1970 1464 2021 dedit
1482 1971 1676 2035 verba,

139 2054 436 2120 inquiens,
477 2070 538 2107 se
574 2056 710 2105 mihi
745 2057 804 2105 in
838 2055 944 2107 hoc
980 2056 1213 2121 negocio
1248 2058 1542 2106 venturum
1579 2070 1677 2105 au-

140 2139 319 2202 xilio,
367 2156 477 2190 non
513 2141 691 2191 solum
729 2140 914 2191 verbis
954 2145 1011 2191 et
1056 2140 1307 2206 scriptis,
1364 2138 1462 2191 sed
1508 2142 1676 2191 etiam

140 2223 324 2274 factis
359 2223 506 2275 velle
543 2224 852 2276 ostendere.
921 2226 1005 2276 Eo
1054 2230 1237 2277 autem
1282 2226 1363 2277 sic
1409 2226 1673 2291 loquente

137 2308 415 2375 putabam
463 2310 721 2361 credulus
769 2326 870 2376 ego
915 2324 1001 2360 me
1048 2310 1239 2362 audire
1287 2312 1548 2376 angelum
1592 2311 1676 2362 10-

138 2398 438 2459 quentem:
488 2393 746 2445 Ceterum
791 2394 1045 2456 dulcibus
1095 2397 1211 2450 suis
1248 2396 1433 2445 verbis
1485 2401 1541 2445 et
1588 2396 1673 2445 fa·

140 2480 257 2529 ctis
308 2481 530 2544 aperuit
574 2478 711 2528 mihi
759 2494 852 2529 cor
894 2495 1075 2529 meum
1122 2481 1204 2529 ita
1256 2480 1425 2530 etiam
1469 2483 1531 2529 ut
1566 2477 1675 2531 sibi

137 2564 334 2613 omnia
379 2568 600 2615 secreta
645 2578 768 2614 mea
823 2563 890 2614 de
933 2562 1121 2629 Iudeis
1178 2564 1671 2628 manifestaverim,

134 2634 408 2698 nesciens
457 2664 551 2699 cor
595 2649 772 2715 ipsius
819 2662 1051 2713 pravum
1098 2654 1194 2698 aut
1229 2649 1375 2712 quod
1410 2648 1668 2698 diabolus

137 2746 277 2781 cum
313 2747 377 2781 eo
415 2732 631 2797 aliquid
667 2735 819 2784 esset
853 2733 1187 2781 tentaturus.
1260 2734 1334 2781 Et
1366 2733 1453 2781 sie
1491 2732 1672 2780 amice
