1942 3109
217 282 589 322 rsrsmcoss.
603 282 750 319 nvn
777 279 1165 321 rumoni-vu.
1182 280 1387 321 sscor.
1402 280 1600 323 iesus.
1668 266 1734 321 21

215 390 411 442 eritis‘.
480 389 577 441 Sic
623 390 816 455 itaque
851 389 1066 441 fectum
1112 392 1199 439 est
1240 388 1387 453 quod
1430 389 1589 457 Iudei
1632 388 1737 461 sliss·

213 490 356 541 quos
391 476 640 541 insignes
677 472 1025 527 Christianos
1060 475 1317 541 pecuniis
1356 479 1737 540 corruperunt.

215 560 328 611 Sed
371 559 639 625 quomodo
685 574 816 625 pers
860 560 1083 611 illorum
1121 559 1564 613 Christianorum
1598 574 1739 611 mor-

211 650 314 696 tua
349 646 451 710 sit,
497 645 602 697 deo
637 644 846 710 optimo
881 644 1123 695 maximo
1158 648 1496 711 compertum
1532 649 1645 710 est,
1682 650 1740 697 et

191 732 524 790 ¹hominibus
571 730 742 781 etism
787 729 1117 795 quibusdam
1162 730 1365 795 quibus
1414 745 1481 780 ea
1517 745 1606 783 res
1640 745 1737 781 no-

209 817 432 869 tissima.
469 818 570 867 est.
641 813 753 865 Sed
798 818 1018 865 tantum
1063 818 1173 865 est:
1220 815 1308 866 illi
1354 816 1527 881 probo
1562 816 1735 881 impe·

210 902 389 952 ratori
422 905 540 951 tam
573 898 668 950 diu
703 898 774 949 ad
813 914 979 950 aures
1014 900 1280 951 inflat-unt
1314 916 1414 967 per
1446 900 1626 954 falsas
1650 901 1736 951 in·

211 984 578 1049 structiones,
627 983 772 1050 quod
817 998 922 1035 sua
957 982 1204 1052 Cesarea
1249 986 1515 1035 maiestas
1550 985 1736 1053 Iudeis

211 1068 388 1121 libros
423 1069 715 1121 restituere
749 1068 1103 1121 mandaverit
1136 1069 1239 1119 sub
1266 1069 1371 1119 tali
1398 1068 1735 1133 conditione,

211 1154 361 1223 quod
395 1154 455 1205 hi
487 1153 619 1205 libri
651 1156 738 1205 sic
774 1154 1079 1221 conscripti
1116 1157 1172 1205 et
1204 1153 1417 1205 immoti
1450 1169 1627 1220 usque
1663 1154 1737 1205 ad

209 1240 538 1289 ulteriorem
573 1239 1011 1290 commissionem
1046 1238 1193 1304 apud
1229 1254 1325 1291 eos
1368 1244 1739 1291 remanerent.

213 1328 274 1376 et
296 1323 401 1392 hec
427 1328 549 1375 erat
571 1324 726 1375 fraus
762 1323 972 1376 diaboli
1008 1324 1105 1389 qui
1138 1326 1285 1376 bona
1318 1340 1491 1391 opera
1522 1339 1740 1391 semper

210 1408 479 1475 impedire
513 1409 752 1461 laborat.
825 1401 878 1460 (I
921 1408 1121 1461 Adhuc
1164 1410 1362 1478 demon
1395 1411 1517 1476 ipse
1552 1409 1737 1461 Iudeis

207 1495 528 1561 inspiravit,
563 1493 702 1545 dans
739 1496 820 1547 eis
857 1494 1013 1545 aliud
1050 1495 1360 1561 consilium,
1398 1494 1544 1561 quod
1567 1495 1617 1547 si
1640 1511 1735 1547 ve-

208 1582 319 1631 lint
350 1580 463 1647 ipsi
496 1581 791 1646 negocium
825 1580 966 1632 illud
1004 1580 1268 1647 impedire
1306 1584 1365 1636 et
1388 1580 1535 1647 apud
1560 1581 1734 1632 libros

209 1670 272 1716 et
315 1666 646 1731 synagogas
692 1681 1044 1731 permanere,
1102 1668 1236 1717 tunc
1292 1666 1561 1720 deberent
1616 1665 1734 1733 vite

207 1766 334 1819 mee
378 1766 585 1817 ponere
633 1751 888 1803 insidias.
959 1750 1105 1816 quod
1140 1751 1191 1802 si
1228 1750 1505 1802 commode
1540 1751 1733 1801 facere

207 1852 322 1885 non
344 1840 592 1901 possent,
625 1838 759 1889 mihi
782 1840 970 1889 tamen
994 1852 1093 1903 per
1125 1838 1443 1889 universum
1476 1834 1734 1886 mundum

209 1919 421 1971 malam
463 1921 670 1973 famem
715 1926 1071 1989 spargerent,
1119 1926 1176 1973 et
1218 1936 1379 1972 omne
1422 1922 1629 1972 malum
1664 1919 1733 1971 de

209 2020 302 2057 me
345 2005 616 2059 dicerent.
685 2009 892 2061 Verum
933 2008 1041 2059 hoc
1082 2022 1192 2058 non
1238 2008 1389 2057 esset
1432 2006 1493 2054 in
1546 2018 1734 2055 eorum

205 2096 514 2158 potestate,
549 2091 647 2144 sed
682 2092 948 2145 deberent
983 2092 1201 2156 aliquos
1236 2104 1437 2142 avaros
1461 2087 1734 2140 Christis·-

207 2190 314 2225 nos
357 2178 597 2240 pecunia
641 2191 987 2244 corrumpere
1043 2180 1213 2242 atque
1267 2176 1600 2227 subornare:
1658 2174 1735 2225 Et

207 2258 436 2326 quando
470 2276 570 2327 per
593 2260 939 2314 Christianos
974 2263 1033 2311 in
1064 2264 1187 2314 vita.
1222 2266 1279 2313 et
1312 2261 1517 2313 honore
1554 2274 1733 2311 essem

209 2347 383 2415 lesus,
421 2350 555 2397 tunc
591 2346 856 2411 quicquid
889 2346 955 2399 de
990 2347 1073 2399 eis
1110 2346 1459 2412 scripsissem
1494 2344 1733 2413 (preser-

205 2432 310 2482 tim
353 2430 424 2482 de
470 2430 656 2496 libris)
702 2430 1003 2485 haberetur
1044 2435 1104 2483 in
1146 2430 1345 2482 mundo
1391 2442 1489 2496 pro
1524 2429 1730 2479 nihilo:

204 2517 266 2568 id
302 2516 450 2583 quod
485 2516 626 2583 proh
659 2514 816 2569 dolor
849 2518 932 2569 sic
965 2518 1181 2569 factum
1216 2518 1323 2567 est.
1406 2506 1462 2567 (I
1494 2514 1733 2580 Insuper

203 2606 508 2668 postquam
549 2601 712 2671 Iudei
751 2601 1287 2653 Franckfordienses
1338 2601 1513 2653 libros
1567 2600 1731 2650 rehu.-

205 2686 476 2751 buerunt,
515 2688 820 2739 emiserunt
866 2688 1129 2738 continuo
1175 2687 1373 2737 literas
1406 2700 1519 2734 non
1552 2682 1731 2733 solum

204 2786 312 2837 per
331 2771 636 2825 Romanum
669 2773 962 2838 imperium
997 2768 1095 2821 sed
1128 2771 1187 2819 in
1224 2770 1367 2819 alias
1404 2768 1574 2817 etiam
1612 2763 1731 2829 (ubi
