1942 3109
263 227 332 281 46
401 241 782 280 rnrnmconm
805 241 1047 278 narnus.
1069 239 1287 278 eon-ru
1307 237 1509 275 ramos.
1524 238 1773 274 omas-1²1².

263 366 348 401 me
394 348 689 417 Iudeorum
735 363 908 400 cansa
953 347 1101 412 apud
1142 346 1445 397 Romanum
1486 345 1775 410 imperato-

263 451 378 487 rem
415 439 472 486 et
507 435 986 500 archiepiscopum
1019 433 1404 498 Moguntinum
1446 429 1775 494 prodiderat,

261 525 488 588 propter
523 533 690 584 quam
727 521 896 569 etiam
941 531 1170 568 causam
1204 517 1323 582 ipse
1366 516 1477 565 iam
1524 529 1559 564 a
1594 513 1777 564 docto·

264 607 416 657 ribus
451 619 612 674 sacre
649 605 920 671 scripture
955 603 1325 668 impugnatur.
1400 590 1453 650 ([
1486 601 1631 650 Item
1654 614 1777 650 con·

265 691 495 742 saltatio
529 690 634 740 illa
669 689 838 739 etiam
873 691 1009 736 tunc
1042 687 1307 750 temporis
1341 701 1375 736 a
1398 684 1622 736 doctore
1642 685 1781 734 Her-

264 790 466 826 manno
499 773 653 837 ΗΕΒ,
691 776 748 822 et
779 773 1046 837 magistro
1070 771 1292 822 Rucker
1325 771 1615 834 utriusque
1650 769 1783 819 iuris

265 858 490 909 doctore
532 857 858 922 Moguntino
907 857 1187 920 exscripta
1226 860 1329 907 est
1374 855 1562 906 Etiam
1609 869 1643 903 a
1688 853 1781 905 do-

267 947 415 994 ctore
451 942 842 1010 Bartholomeo
881 942 1273 993 concionatore
1318 941 1377 990 in
1425 955 1631 990 summo
1666 939 1782 990 Mo-

265 1029 485 1096 guntie,
545 1028 732 1078 Etiam
779 1043 814 1077 a
869 1027 1184 1078 venerabili
1243 1025 1461 1076 domino
1518 1026 1785 1090 magistro

266 1113 506 1178 Georgio
539 1113 895 1175 Licenciato,
941 1115 1077 1160 tunc
1110 1111 1372 1174 temporis
1408 1109 1693 1160 Canonico
1728 1111 1788 1159 in

267 1198 512 1249 ecclesia
545 1196 675 1264 dive
710 1197 942 1263 virginis
976 1196 1036 1244 in
1069 1194 1367 1260 Moguncia
1410 1209 1557 1244 nunc
1602 1197 1791 1244 autem

263 1283 506 1349 plebano
541 1284 600 1334 in
633 1281 970 1346 Nurmarck,
1022 1284 1080 1330 et
1124 1295 1323 1348 omnes·
1346 1280 1443 1343 qui
1478 1294 1600 1329 eam
1634 1277 1787 1345 lege·

264 1370 404 1419 bant
459 1371 559 1417 aut
615 1366 800 1432 legere
858 1364 1215 1428 audiverunt,
1269 1363 1533 1414 dicebant
1574 1369 1789 1428 aperte,

267 1451 487 1516 quando
521 1450 795 1500 Reuchlin
840 1449 988 1500 hanc
1034 1445 1497 1500 consultationem
1543 1450 1790 1514 scripsit,

265 1540 400 1585 tunc
433 1534 656 1599 pinguis
690 1532 893 1600 Iudeus
929 1532 1075 1582 sedit
1118 1534 1179 1582 in
1214 1534 1357 1584 libro
1392 1533 1584 1598 ipsius.
1654 1533 1794 1584 Post

265 1621 369 1687 hec
408 1619 662 1668 concessi
696 1617 768 1667 ad
803 1617 1123 1682 episcopum
1156 1617 1373 1682 dicens,
1420 1616 1549 1668 ‘non
1594 1617 1792 1668 existi·

264 1704 484 1754 mabam
541 1701 687 1766 quod
743 1705 904 1753 tanta
957 1702 1190 1767 perfidia
1243 1704 1391 1753 inter
1436 1701 1795 1753 Christianos

267 1792 432 1840 esset.
505 1787 600 1838 sed
659 1787 854 1851 quales
912 1786 1047 1854 Urio
1092 1787 1278 1838 David
1337 1787 1556 1837 litteras
1614 1786 1793 1851 dedit,

265 1873 412 1924 tales
457 1875 514 1922 et
557 1873 676 1936 ipse
722 1886 819 1936 pro
865 1871 1025 1921 nobis
1072 1873 1242 1922 sicuti
1270 1871 1509 1922 invenio
1554 1873 1615 1921 in
1649 1873 1795 1922 scri-

262 1959 374 2024 ptis
411 1959 565 2010 eius'.
637 1957 794 2008 Tunc
827 1956 970 2007 dixit
1002 1957 1165 2022 mihi,
1200 1956 1559 2022 imperatoria
1592 1957 1803 2022 procul

263 2044 430 2097 dubio
474 2043 742 2094 maiestas
786 2043 956 2092 sciret
1002 2055 1168 2105 quam
1212 2041 1415 2105 optime
1453 2056 1801 2107 cognoscere

263 2131 496 2195 probum
533 2129 602 2178 ab
641 2127 917 2192 improbo,
965 2129 1023 2176 et
1068 2124 1285 2189 quando
1323 2123 1568 2192 Cesarea
1612 2127 1800 2177 maie-

263 2216 380 2262 stas
429 2209 896 2260 consultationem
941 2208 1101 2258 illam
1156 2211 1215 2258 in
1270 2211 1495 2274 propria
1545 2224 1801 2275 persona

261 2295 451 2348 videre
505 2308 616 2344 non
663 2292 898 2342 haberet
941 2295 1183 2357 tempus,
1240 2294 1361 2360 ipse
1406 2310 1516 2345 non
1563 2294 1803 2345 dubita-

261 2385 364 2444 ret,
403 2379 537 2443 qnin
563 2377 805 2445 Cesarea
840 2377 1105 2428 maiestas
1141 2383 1287 2430 esset
1330 2379 1657 2431 ordinatura
1694 2379 1803 2429 do-

263 2467 384 2514 ctos
409 2467 466 2514 et
489 2467 747 2527 expertos
783 2463 856 2512 ad
889 2463 1311 2514 examinandum
1344 2464 1452 2513 hoc
1474 2463 1801 2527 negocium.

261 2547 336 2595 Et
379 2548 462 2596 sic
506 2546 656 2595 misit
699 2563 786 2596 me
837 2563 958 2597 cum
995 2548 1243 2598 consiliis
1290 2551 1347 2598 et
1382 2541 1619 2613 ⁴scriptis
1670 2549 1807 2598 suis

263 2629 333 2679 ad
389 2631 804 2695 imperatoriam
859 2631 1225 2695 maiestatem,
1284 2635 1449 2696 prout
1503 2647 1652 2682 nunc
1702 2648 1805 2684 se-

263 2715 464 2777 quitur.
