1942 3109
617 233 683 277 6².
707 236 983 275 usars‘rnr
1008 236 1227 274 euru.
1570 220 1671 275 349

162 344 373 393 dictum
399 342 544 407 quod
569 358 741 408 nuper
761 344 1024 394 voluistis
1056 358 1222 393 unam
1257 343 1543 407 antiquam
1576 360 1669 393 ve-

160 428 337 478 tulam
375 443 480 494 que
517 427 710 478 vendit
743 427 916 477 multa
950 429 1099 479 vitra
1138 428 1287 478 circa
1322 428 1529 479 fontem
1568 427 1669 478 Co-

159 514 339 579 lonie,
376 514 434 562 in
471 516 633 563 nocte
672 528 1006 577 supponere,
1055 516 1111 564 et
1155 513 1277 579 ipsa
1316 512 1580 565 clamavit
1616 516 1671 563 et

161 599 408 649 homines
442 596 697 649 viderunt
745 613 866 647 cum
909 598 1209 649 luminibus
1256 602 1414 649 extra
1459 598 1671 649 domum

163 688 220 734 et
254 682 512 734 viderunt
546 698 672 733 vos:
708 698 806 748 per
839 682 1025 748 deum,
1058 698 1157 748 ego
1180 682 1345 734 valde
1368 682 1531 733 laudo
1558 686 1672 733 tam

159 769 306 819 bona
341 768 498 817 facta
532 770 722 818 vestra
758 782 864 833 quq
890 771 1168 834 pertinent
1192 768 1377 819 omnia
1402 767 1471 819 ad
1495 784 1672 819 meum

159 852 481 903 artificium:
539 857 596 903 ct
637 852 742 903 hoc
786 852 945 903 decet
990 854 1159 903 etiam
1203 868 1303 904 vos
1346 854 1671 919 Theologos.

157 938 330 988 Venit
365 952 536 1002 nuper
571 937 678 986 huc
714 937 864 985 fama
901 936 1046 999 quod
1081 942 1229 987 esset
1263 952 1403 987 unus
1426 942 1593 1003 poeta
1616 940 1674 987 in

65 1065 68 1068 .
163 1020 426 1085 Colonia,
464 1020 566 1071 Ille
606 1020 756 1071 solus
793 1024 1012 1072 teneret
1046 1036 1144 1072 vos
1181 1038 1277 1087 pro
1302 1022 1473 1073 stulto
1501 1026 1556 1073 et
1578 1038 1673 1073 vo-

163 1109 318 1156 caret
340 1122 436 1156 vos
461 1106 825 1169 Porquinum,
862 1106 966 1156 hoc
992 1111 1079 1156 est
1112 1107 1295 1171 porcis
1332 1110 1388 1157 et
1420 1106 1557 1157 hara
1594 1106 1673 1155 di-

159 1206 343 1257 gnum.
390 1191 497 1241 Per
532 1190 720 1255 deum,
760 1192 808 1240 si
846 1207 948 1256 ego
988 1192 1185 1241 scirem
1222 1192 1344 1257 quis
1383 1195 1530 1243 esset
1567 1191 1672 1241 iste

159 1280 354 1342 poeta,
411 1276 530 1341 Ego
574 1274 776 1326 vellem
824 1292 945 1325 eum
990 1279 1279 1341 gratanter
1323 1276 1671 1342 suspendere.

161 1361 271 1412 Sed
313 1360 556 1411 finaliter
602 1376 728 1425 vost,
787 1360 1109 1411 charissime
1159 1360 1459 1425 avuncule,
1512 1359 1673 1412 valde

161 1461 376 1497 orarem
409 1449 472 1494 ut
507 1446 690 1495 omnia
728 1458 850 1495 cum
883 1461 1087 1511 magna
1120 1445 1413 1512 diligentia
1458 1446 1675 1496 facere·

159 1534 261 1597 tis,
311 1530 456 1595 quod
501 1532 651 1581 fama
696 1534 886 1581 vestra
930 1546 1031 1597 per
1064 1534 1238 1581 totum
1274 1532 1458 1583 orbem
1501 1536 1673 1583 terra-

157 1633 274 1667 rum
310 1617 408 1667 fiat
443 1620 605 1679 nota,
642 1616 748 1664 nisi
786 1616 983 1665 scirem
1020 1631 1127 1666 non
1164 1632 1299 1681 opus
1340 1632 1461 1667 esse
1489 1622 1549 1666 ut
1573 1632 1673 1668 vos

161 1702 538 1751 admonerem:
587 1700 698 1747 Vos
748 1699 888 1747 enim
934 1713 1033 1762 per
1079 1714 1174 1749 vos
1221 1700 1449 1766 pulchre
1496 1703 1673 1767 scitiS,

161 1786 230 1836 ab
281 1786 430 1849 aviS,
490 1783 712 1845 abavis‚
771 1782 980 1833 attavis
1035 1787 1089 1833 et
1138 1785 1382 1836 trittavis
1435 1786 1674 1851 habetis,
1750 1846 1757 1853 ,

157 1871 424 1936 precipue
471 1871 654 1916 tamen
701 1866 970 1917 didicistis
1008 1883 1041 1917 a
1088 1872 1262 1919 matre
1309 1874 1497 1922 vestra
1546 1872 1674 1922 cha-

158 1954 380 2003 rissima
416 1965 650 2013 meaque
687 1964 900 2012 sorore,
939 1965 1044 2015 quq
1082 1952 1309 2004 audiens
1336 1955 1479 2018 quod
1504 1958 1677 2021 spurii

161 2054 378 2104 semper
412 2036 624 2086 habent
663 2032 940 2083 meliorem
986 2035 1261 2087 fortunam
1306 2053 1469 2101 quam
1512 2040 1675 2106 legit·

161 2124 309 2185 timi,
347 2121 554 2169 iccirco
583 2118 652 2167 ad
677 2117 1022 2168 sacerdotem
1060 2124 1299 2172 cucurrit
1336 2128 1390 2174 et
1423 2127 1672 2190 permisit

105 2206 118 2215 '
165 2220 223 2254 se
249 2204 473 2253 lardare
491 2242 504 2267 ,
541 2207 602 2253 ut
628 2219 726 2254 vos
754 2202 923 2253 talem
947 2204 1121 2257 virum
1146 2215 1463 2275 generaret,
1504 2212 1673 2275 Quem

163 2292 315 2339 totus
352 2287 580 2339 mundus
618 2288 914 2353 aliquando
954 2300 1324 2357 cognosceret.
1384 2296 1581 2348 Valete
1608 2312 1675 2347 ex

158 2375 509 2425 Halberstat.

237 2478 444 2542 Quinta
482 2474 614 2527 luna
654 2476 926 2528 Obscuros
960 2480 1108 2529 viros
1146 2478 1334 2530 edidit.
1405 2480 1609 2532 Lector

329 2564 496 2615 Solue
532 2562 730 2615 nodum
762 2562 924 2625 «mr
961 2567 1019 2612 et
1051 2562 1254 2613 ridebis
1292 2565 1542 2630 amplius.

479 2673 529 2732 (I
563 2684 878 2750 Impzess'um
910 2683 1155 2747 Romane
1194 2680 1375 2747 Curis.
