1942 3109
664 278 733 322 24.
754 285 1018 320 rmmrn
1045 285 1246 320 nuova.
1606 270 1710 322 239

188 390 242 436 et
288 386 579 437 mandavit
628 387 913 438 silentium
957 404 1026 439 ex
1071 391 1308 452 utraque
1354 395 1531 454 parte.
1600 390 1709 440 1110

184 487 291 521 non
346 473 612 522 obstante
663 472 928 536 Theologi
975 473 1336 524 Colonienses
1395 475 1706 524 combusse-

182 559 309 605 runt
332 555 573 606 librum’.
640 556 796 606 Tune
819 556 933 606 dixi
972 557 1118 622 quod
1154 558 1409 608 fecerunt
1443 559 1548 626 hee
1581 573 1705 622 pro·

178 643 302 704 pter
320 639 760 702 ParrhisienseS,
797 643 853 690 et
876 641 1023 691 alias
1049 645 1290 705 quatuor
1315 641 1709 692 universitates

180 737 283 790 que
318 727 447 774 sunt
492 729 696 775 eontra
732 725 1024 777 Reuehlin.
1093 723 1403 790 Respondit
1435 725 1710 791 Magister

176 806 475 860 Eebertus:
521 807 723 860 ‘etiam
758 810 810 859 si
843 825 879 858 x
912 810 1313 861 universitates
1349 815 1541 860 essent
1577 825 1708 860 con·

178 895 265 940 tra
298 892 455 942 illum
478 894 815 956 Doctorem‚
851 897 1041 944 tamen
1075 893 1384 944 debuerunt
1419 911 1542 945 esse
1577 894 1706 945 obe-

180 973 391 1026 dientes
426 993 639 1030 snmmo
676 976 941 1028 Pontifici
985 981 1254 1041 tanquam
1301 979 1476 1041 capiti
1509 979 1705 1028 Eccle—

182 1059 279 1123 εἰς.
353 1061 641 1125 Respondi
696 1060 845 1126 quod
889 1062 1226 1128 presumitur
1271 1060 1416 1124 quod
1460 1065 1546 1110 tot
1588 1061 1714 1110 uni-

186 1143 469 1195 versitates
494 1162 609 1196 non
636 1149 844 1196 errant.
905 1144 1216 1211 Respondit
1237 1144 1358 1209 ipse
1384 1143 1550 1207 ‘quod
1576 1144 1709 1193 talis

185 1231 511 1292 presumptio
556 1245 676 1281 non
723 1229 897 1280 valet.
981 1232 1038 1278 et
1091 1244 1222 1294 ergo
1277 1227 1519 1279 credatis
1575 1229 1708 1278 mihi

182 1310 323 1374 quod
344 1313 487 1364 istud
513 1314 817 1379 negocium
840 1313 1076 1364 habebit
1091 1313 1296 1364 malum
1315 1313 1509 1365 finem'.
1549 1313 1706 1362 Tune

178 1410 287 1444 non
318 1397 467 1450 volui
518 1396 769 1461 amplius
817 1397 1178 1461 respondere,
1227 1397 1326 1448 sed
1371 1396 1488 1446 dixi
1541 1395 1638 1446 ‘sit
1671 1411 1708 1444 a

172 1477 263 1528 vel
306 1480 357 1544 b,
406 1497 509 1548 ego
562 1497 676 1532 non
722 1483 891 1532 euro’.
960 1483 1140 1547 Ergo,
1183 1480 1404 1531 domine
1451 1479 1706 1542 Ortvine,

174 1564 391 1617 notifico
442 1566 617 1618 vobis
670 1565 813 1615 talia
863 1565 1014 1629 quod
1066 1565 1258 1616 velitis
1311 1579 1432 1616 esse
1487 1569 1706 1628 cautae,

174 1649 307 1711 quia
326 1651 493 1703 timeo
528 1648 679 1712 quod
702 1648 996 1700 Sententia
1032 1650 1138 1700 erit
1173 1652 1370 1700 contra
1401 1664 1521 1708 vos,
1561 1649 1696 1710 quia

175 1747 323 1796 papa
357 1739 443 1784 eet
474 1736 691 1784 iratus:
728 1737 786 1782 et
809 1734 859 1782 si
884 1735 1058 1783 etiam
1076 1733 1246 1799 Rome
1271 1732 1504 1797 perditis
1529 1732 1707 1792 litem,

174 1819 309 1866 tune
342 1817 605 1871 diabolus
642 1817 859 1867 tenebit
895 1815 1205 1866 candelam.
1275 1815 1708 1868 RostoehIenses

175 1903 307 1951 sunt
346 1902 541 1969 magni
585 1901 801 1951 inimici
843 1900 1338 1964 Parthisiensium,
1391 1900 1524 1963 quia
1568 1899 1707 1950 Par·

170 1985 471 2040 rhisienses
499 1986 717 2036 habent
738 1999 905 2034 unum
928 1989 1200 2035 statutum
1226 1984 1372 2048 quod
1405 1999 1516 2034 non
1551 1984 1704 2035 aeci-

167 2069 327 2134 piunt
373 2071 445 2124 ad
495 2070 835 2122 facultatem
879 2083 1038 2119 suam
1071 2068 1376 2133 Magistros
1413 2067 1706 2116 Rostoehi-

170 2169 358 2220 enses,
412 2159 494 2207 Et
548 2155 637 2206 sie
686 2153 1120 2204 Rostoehienses
1173 2152 1342 2202 etiam
1393 2165 1504 2202 non
1555 2152 1706 2202 acei-

166 2239 327 2302 piunt
358 2238 807 2292 Parrhisienses.
876 2236 987 2288 Sed
1029 2252 1130 2288 vos
1174 2237 1320 2287 forte
1367 2236 1527 2286 scitis
1573 2234 1706 2300 quid

167 2321 383 2376 debetis
430 2326 651 2376 facere.
734 2320 1066 2374 Commendo
1107 2337 1194 2372 me
1237 2320 1416 2371 vobis.
1497 2321 1708 2370 Datum

165 2406 432 2462 Rostoek.
