<?xml version="1.0" encoding="UTF-8"?>
<!DOCTYPE html PUBLIC "-//W3C//DTD XHTML 1.0 Transitional//EN"
    "http://www.w3.org/TR/xhtml1/DTD/xhtml1-transitional.dtd">
<html xmlns="http://www.w3.org/1999/xhtml" xml:lang="en" lang="en">
 <head>
  <title>
</title>
<meta http-equiv="Content-Type" content="text/html;charset=utf-8" />
  <meta name='ocr-system' content='tesseract 3.04.00' />
  <meta name='ocr-capabilities' content='ocr_page ocr_carea ocr_par ocr_line ocrx_word'/>
</head>
<body>
  <div class='ocr_page' id='page_1' title='image "./epistolaeobscur00huttgoog_0162.png"; bbox 0 0 1942 3109; ppageno 0'>
   <div class='ocr_carea' id='block_1_1' title="bbox 209 179 1735 252">
    <p class='ocr_par' dir='ltr' id='par_1_1' title="bbox 209 179 1735 252">
     <span class='ocr_line' id='line_1_1' title="bbox 209 179 1735 252; baseline 0.001 -18"><span class='ocrx_word' id='word_1_1' title='bbox 209 197 440 234; x_wconf 63' lang='lat' dir='ltr'><strong>Artem).</strong></span> <span class='ocrx_word' id='word_1_2' title='bbox 475 198 612 234; x_wconf 64' lang='lat' dir='ltr'><strong>von.</strong></span> <span class='ocrx_word' id='word_1_3' title='bbox 649 198 693 233; x_wconf 88' lang='lat'><strong>1.</strong></span> <span class='ocrx_word' id='word_1_4' title='bbox 769 179 866 249; x_wconf 78' lang='grc'><strong>[49.</strong></span> <span class='ocrx_word' id='word_1_5' title='bbox 905 193 1023 232; x_wconf 65' lang='lat' dir='ltr'><strong>Ios.</strong></span> <span class='ocrx_word' id='word_1_6' title='bbox 1048 195 1386 234; x_wconf 60' lang='lat' dir='ltr'><strong>ronam-Am.</strong></span> <span class='ocrx_word' id='word_1_7' title='bbox 1422 182 1563 252; x_wconf 64' lang='grc'><strong>1537]</strong></span> <span class='ocrx_word' id='word_1_8' title='bbox 1640 183 1735 236; x_wconf 80' lang='grc'><strong>151</strong></span> 
     </span>
    </p>
   </div>
   <div class='ocr_carea' id='block_1_2' title="bbox 133 299 1735 2742">
    <p class='ocr_par' dir='ltr' id='par_1_2' title="bbox 133 299 1735 2742">
     <span class='ocr_line' id='line_1_2' title="bbox 205 299 1733 367; baseline 0 -12"><span class='ocrx_word' id='word_1_9' title='bbox 205 305 525 356; x_wconf 83' lang='lat' dir='ltr'><strong>damnosum</strong></span> <span class='ocrx_word' id='word_1_10' title='bbox 563 305 748 366; x_wconf 87' lang='lat' dir='ltr'><strong>esset,</strong></span> <span class='ocrx_word' id='word_1_11' title='bbox 793 299 894 352; x_wconf 86' lang='lat' dir='ltr'><strong>sed</strong></span> <span class='ocrx_word' id='word_1_12' title='bbox 937 317 1079 352; x_wconf 88' lang='lat' dir='ltr'><strong>unus</strong></span> <span class='ocrx_word' id='word_1_13' title='bbox 1116 301 1319 367; x_wconf 84' lang='lat' dir='ltr'><strong>credit,</strong></span> <span class='ocrx_word' id='word_1_14' title='bbox 1366 308 1421 355; x_wconf 88' lang='lat' dir='ltr'><strong>et</strong></span> <span class='ocrx_word' id='word_1_15' title='bbox 1452 305 1733 358; x_wconf 78' lang='lat' dir='ltr'><strong>secundus</strong></span> 
     </span>
     <span class='ocr_line' id='line_1_3' title="bbox 205 385 1733 463; baseline 0.002 -23"><span class='ocrx_word' id='word_1_16' title='bbox 205 407 311 442; x_wconf 90' lang='lat' dir='ltr'><strong>non</strong></span> <span class='ocrx_word' id='word_1_17' title='bbox 355 389 554 440; x_wconf 81' lang='lat' dir='ltr'><strong>credit.</strong></span> <span class='ocrx_word' id='word_1_18' title='bbox 629 387 793 437; x_wconf 85' lang='lat' dir='ltr'><strong>Tunc</strong></span> <span class='ocrx_word' id='word_1_19' title='bbox 837 385 1057 463; x_wconf 71' lang='lat' dir='ltr'><strong>quaudo</strong></span> <span class='ocrx_word' id='word_1_20' title='bbox 1092 386 1195 439; x_wconf 81' lang='lat' dir='ltr'><strong>ille</strong></span> <span class='ocrx_word' id='word_1_21' title='bbox 1228 389 1403 440; x_wconf 85' lang='lat' dir='ltr'><strong>bonus</strong></span> <span class='ocrx_word' id='word_1_22' title='bbox 1435 391 1615 442; x_wconf 82' lang='lat' dir='ltr'><strong>frater</strong></span> <span class='ocrx_word' id='word_1_23' title='bbox 1646 392 1733 444; x_wconf 74' lang='lat' dir='ltr'><strong>vi·</strong></span> 
     </span>
     <span class='ocr_line' id='line_1_4' title="bbox 204 471 1735 539; baseline 0 -13"><span class='ocrx_word' id='word_1_24' title='bbox 204 473 306 539; x_wconf 86' lang='lat' dir='ltr'><strong>dit,</strong></span> <span class='ocrx_word' id='word_1_25' title='bbox 355 473 504 539; x_wconf 86' lang='lat' dir='ltr'><strong>quod</strong></span> <span class='ocrx_word' id='word_1_26' title='bbox 549 473 860 522; x_wconf 83' lang='lat' dir='ltr'><strong>iniuriatus</strong></span> <span class='ocrx_word' id='word_1_27' title='bbox 905 476 964 523; x_wconf 89' lang='lat' dir='ltr'><strong>et</strong></span> <span class='ocrx_word' id='word_1_28' title='bbox 1006 471 1392 524; x_wconf 77' lang='lat' dir='ltr'><strong>damnificatus</strong></span> <span class='ocrx_word' id='word_1_29' title='bbox 1436 475 1573 538; x_wconf 76' lang='lat' dir='ltr'><strong>fuit,</strong></span> <span class='ocrx_word' id='word_1_30' title='bbox 1628 477 1735 527; x_wconf 79' lang='lat' dir='ltr'><strong>ivit</strong></span> 
     </span>
     <span class='ocr_line' id='line_1_5' title="bbox 207 555 1730 628; baseline 0 -18"><span class='ocrx_word' id='word_1_31' title='bbox 207 560 274 610; x_wconf 84' lang='lat' dir='ltr'><strong>sd</strong></span> <span class='ocrx_word' id='word_1_32' title='bbox 303 559 594 626; x_wconf 85' lang='lat' dir='ltr'><strong>pedellum</strong></span> <span class='ocrx_word' id='word_1_33' title='bbox 633 571 912 608; x_wconf 75' lang='lat' dir='ltr'><strong>cursorem</strong></span> <span class='ocrx_word' id='word_1_34' title='bbox 957 557 1211 608; x_wconf 82' lang='lat' dir='ltr'><strong>civitatis</strong></span> <span class='ocrx_word' id='word_1_35' title='bbox 1260 555 1413 622; x_wconf 78' lang='lat' dir='ltr'><strong>(novi</strong></span> <span class='ocrx_word' id='word_1_36' title='bbox 1446 560 1730 628; x_wconf 70' lang='lat' dir='ltr'><strong>Latiniste</strong></span> 
     </span>
     <span class='ocr_line' id='line_1_6' title="bbox 200 641 1731 708; baseline -0.001 -11"><span class='ocrx_word' id='word_1_37' title='bbox 200 649 404 697; x_wconf 81' lang='lat' dir='ltr'><strong>vocant</strong></span> <span class='ocrx_word' id='word_1_38' title='bbox 437 641 748 706; x_wconf 79' lang='lat' dir='ltr'><strong>viatorem)</strong></span> <span class='ocrx_word' id='word_1_39' title='bbox 787 646 848 694; x_wconf 84' lang='lat' dir='ltr'><strong>et</strong></span> <span class='ocrx_word' id='word_1_40' title='bbox 879 641 1021 692; x_wconf 82' lang='lat' dir='ltr'><strong>dixit</strong></span> <span class='ocrx_word' id='word_1_41' title='bbox 1056 641 1127 692; x_wconf 79' lang='lat' dir='ltr'><strong>ad</strong></span> <span class='ocrx_word' id='word_1_42' title='bbox 1153 657 1306 692; x_wconf 83' lang='lat' dir='ltr'><strong>eum:</strong></span> <span class='ocrx_word' id='word_1_43' title='bbox 1343 642 1555 708; x_wconf 71' lang='lat' dir='ltr'><strong>‘chal-e,</strong></span> <span class='ocrx_word' id='word_1_44' title='bbox 1586 645 1731 696; x_wconf 69' lang='lat' dir='ltr'><strong>vade</strong></span> 
     </span>
     <span class='ocr_line' id='line_1_7' title="bbox 201 725 1732 793; baseline -0.001 -12"><span class='ocrx_word' id='word_1_45' title='bbox 201 730 268 780; x_wconf 83' lang='lat' dir='ltr'><strong>ad</strong></span> <span class='ocrx_word' id='word_1_46' title='bbox 309 731 502 793; x_wconf 86' lang='lat' dir='ltr'><strong>illam,</strong></span> <span class='ocrx_word' id='word_1_47' title='bbox 553 731 612 779; x_wconf 86' lang='lat' dir='ltr'><strong>et</strong></span> <span class='ocrx_word' id='word_1_48' title='bbox 658 726 752 777; x_wconf 89' lang='lat' dir='ltr'><strong>dic</strong></span> <span class='ocrx_word' id='word_1_49' title='bbox 801 727 948 791; x_wconf 87' lang='lat' dir='ltr'><strong>quod</strong></span> <span class='ocrx_word' id='word_1_50' title='bbox 993 726 1091 778; x_wconf 89' lang='lat' dir='ltr'><strong>det</strong></span> <span class='ocrx_word' id='word_1_51' title='bbox 1134 725 1272 777; x_wconf 84' lang='lat' dir='ltr'><strong>mihi</strong></span> <span class='ocrx_word' id='word_1_52' title='bbox 1312 742 1495 780; x_wconf 82' lang='lat' dir='ltr'><strong>meam</strong></span> <span class='ocrx_word' id='word_1_53' title='bbox 1542 729 1732 779; x_wconf 85' lang='lat' dir='ltr'><strong>cucul-</strong></span> 
     </span>
     <span class='ocr_line' id='line_1_8' title="bbox 197 811 1731 878; baseline 0.001 -14"><span class='ocrx_word' id='word_1_54' title='bbox 197 816 342 865; x_wconf 88' lang='lat' dir='ltr'><strong>lam&#39;.</strong></span> <span class='ocrx_word' id='word_1_55' title='bbox 413 812 690 864; x_wconf 86' lang='lat' dir='ltr'><strong>Pedellus</strong></span> <span class='ocrx_word' id='word_1_56' title='bbox 725 811 892 862; x_wconf 82' lang='lat' dir='ltr'><strong>dixit:</strong></span> <span class='ocrx_word' id='word_1_57' title='bbox 941 811 1069 876; x_wconf 83' lang='lat' dir='ltr'><strong>‘ego</strong></span> <span class='ocrx_word' id='word_1_58' title='bbox 1103 811 1231 862; x_wconf 88' lang='lat' dir='ltr'><strong>nolo</strong></span> <span class='ocrx_word' id='word_1_59' title='bbox 1266 812 1377 877; x_wconf 85' lang='lat' dir='ltr'><strong>ire,</strong></span> <span class='ocrx_word' id='word_1_60' title='bbox 1414 813 1637 878; x_wconf 84' lang='lat' dir='ltr'><strong>quando</strong></span> <span class='ocrx_word' id='word_1_61' title='bbox 1672 819 1731 866; x_wconf 85' lang='lat' dir='ltr'><strong>tu</strong></span> 
     </span>
     <span class='ocr_line' id='line_1_9' title="bbox 199 894 1726 963; baseline -0.001 -14"><span class='ocrx_word' id='word_1_62' title='bbox 199 899 360 962; x_wconf 86' lang='lat' dir='ltr'><strong>dicis,</strong></span> <span class='ocrx_word' id='word_1_63' title='bbox 385 897 484 949; x_wconf 90' lang='lat' dir='ltr'><strong>sed</strong></span> <span class='ocrx_word' id='word_1_64' title='bbox 504 896 732 962; x_wconf 85' lang='lat' dir='ltr'><strong>quando</strong></span> <span class='ocrx_word' id='word_1_65' title='bbox 751 896 1125 962; x_wconf 71' lang='lat' dir='ltr'><strong>Magistratus</strong></span> <span class='ocrx_word' id='word_1_66' title='bbox 1146 894 1299 961; x_wconf 85' lang='lat' dir='ltr'><strong>dicit,</strong></span> <span class='ocrx_word' id='word_1_67' title='bbox 1336 913 1439 963; x_wconf 79' lang='lat' dir='ltr'><strong>ego</strong></span> <span class='ocrx_word' id='word_1_68' title='bbox 1458 899 1587 950; x_wconf 80' lang='lat' dir='ltr'><strong>volo</strong></span> <span class='ocrx_word' id='word_1_69' title='bbox 1610 901 1726 950; x_wconf 78' lang='lat' dir='ltr'><strong>ite’.</strong></span> 
     </span>
     <span class='ocr_line' id='line_1_10' title="bbox 201 979 1727 1047; baseline 0 -13"><span class='ocrx_word' id='word_1_70' title='bbox 201 985 356 1034; x_wconf 83' lang='lat' dir='ltr'><strong>Tunc</strong></span> <span class='ocrx_word' id='word_1_71' title='bbox 401 984 614 1046; x_wconf 86' lang='lat' dir='ltr'><strong>frater,</strong></span> <span class='ocrx_word' id='word_1_72' title='bbox 659 997 772 1032; x_wconf 88' lang='lat' dir='ltr'><strong>non</strong></span> <span class='ocrx_word' id='word_1_73' title='bbox 817 983 962 1032; x_wconf 81' lang='lat' dir='ltr'><strong>bene</strong></span> <span class='ocrx_word' id='word_1_74' title='bbox 1014 979 1421 1047; x_wconf 84' lang='lat' dir='ltr'><strong>consideratus,</strong></span> <span class='ocrx_word' id='word_1_75' title='bbox 1470 999 1539 1034; x_wconf 83' lang='lat' dir='ltr'><strong>ex</strong></span> <span class='ocrx_word' id='word_1_76' title='bbox 1582 985 1727 1034; x_wconf 87' lang='lat' dir='ltr'><strong>bono</strong></span> 
     </span>
     <span class='ocr_line' id='line_1_11' title="bbox 205 1064 1731 1131; baseline 0 -13"><span class='ocrx_word' id='word_1_77' title='bbox 205 1069 358 1131; x_wconf 78' lang='lat' dir='ltr'><strong>zelo,</strong></span> <span class='ocrx_word' id='word_1_78' title='bbox 393 1082 560 1131; x_wconf 88' lang='lat' dir='ltr'><strong>quem</strong></span> <span class='ocrx_word' id='word_1_79' title='bbox 591 1067 807 1131; x_wconf 85' lang='lat' dir='ltr'><strong>habuit,</strong></span> <span class='ocrx_word' id='word_1_80' title='bbox 845 1064 997 1129; x_wconf 84' lang='lat' dir='ltr'><strong>quod</strong></span> <span class='ocrx_word' id='word_1_81' title='bbox 1028 1066 1385 1130; x_wconf 73' lang='lat' dir='ltr'><strong>magistratus</strong></span> <span class='ocrx_word' id='word_1_82' title='bbox 1422 1070 1575 1118; x_wconf 83' lang='lat' dir='ltr'><strong>esset</strong></span> <span class='ocrx_word' id='word_1_83' title='bbox 1606 1068 1731 1118; x_wconf 80' lang='lat' dir='ltr'><strong>fau-</strong></span> 
     </span>
     <span class='ocr_line' id='line_1_12' title="bbox 209 1149 1728 1216; baseline 0 -13"><span class='ocrx_word' id='word_1_84' title='bbox 209 1157 296 1204; x_wconf 87' lang='lat' dir='ltr'><strong>tor</strong></span> <span class='ocrx_word' id='word_1_85' title='bbox 331 1151 571 1214; x_wconf 81' lang='lat' dir='ltr'><strong>ordinis,</strong></span> <span class='ocrx_word' id='word_1_86' title='bbox 605 1151 709 1201; x_wconf 82' lang='lat' dir='ltr'><strong>ivit</strong></span> <span class='ocrx_word' id='word_1_87' title='bbox 743 1149 818 1200; x_wconf 86' lang='lat' dir='ltr'><strong>ad</strong></span> <span class='ocrx_word' id='word_1_88' title='bbox 851 1149 1270 1216; x_wconf 75' lang='lat' dir='ltr'><strong>mag-istratum,</strong></span> <span class='ocrx_word' id='word_1_89' title='bbox 1309 1154 1367 1200; x_wconf 86' lang='lat' dir='ltr'><strong>et</strong></span> <span class='ocrx_word' id='word_1_90' title='bbox 1400 1150 1545 1202; x_wconf 78' lang='lat' dir='ltr'><strong>fecit</strong></span> <span class='ocrx_word' id='word_1_91' title='bbox 1572 1165 1728 1202; x_wconf 86' lang='lat' dir='ltr'><strong>suam</strong></span> 
     </span>
     <span class='ocr_line' id='line_1_13' title="bbox 201 1235 1729 1303; baseline 0 -15"><span class='ocrx_word' id='word_1_92' title='bbox 201 1237 504 1303; x_wconf 79' lang='lat' dir='ltr'><strong>querelam.</strong></span> <span class='ocrx_word' id='word_1_93' title='bbox 575 1237 736 1287; x_wconf 87' lang='lat' dir='ltr'><strong>Tunc</strong></span> <span class='ocrx_word' id='word_1_94' title='bbox 767 1235 1131 1300; x_wconf 78' lang='lat' dir='ltr'><strong>magistratus</strong></span> <span class='ocrx_word' id='word_1_95' title='bbox 1165 1236 1305 1287; x_wconf 78' lang='lat' dir='ltr'><strong>fecit</strong></span> <span class='ocrx_word' id='word_1_96' title='bbox 1336 1237 1633 1303; x_wconf 78' lang='lat' dir='ltr'><strong>actionem,</strong></span> <span class='ocrx_word' id='word_1_97' title='bbox 1668 1242 1729 1288; x_wconf 88' lang='lat' dir='ltr'><strong>et</strong></span> 
     </span>
     <span class='ocr_line' id='line_1_14' title="bbox 197 1319 1729 1388; baseline 0 -16"><span class='ocrx_word' id='word_1_98' title='bbox 197 1323 356 1373; x_wconf 80' lang='lat' dir='ltr'><strong>misit</strong></span> <span class='ocrx_word' id='word_1_99' title='bbox 391 1338 492 1388; x_wconf 83' lang='lat' dir='ltr'><strong>pro</strong></span> <span class='ocrx_word' id='word_1_100' title='bbox 532 1336 629 1370; x_wconf 76' lang='lat' dir='ltr'><strong>eaz</strong></span> <span class='ocrx_word' id='word_1_101' title='bbox 679 1324 740 1370; x_wconf 86' lang='lat' dir='ltr'><strong>et</strong></span> <span class='ocrx_word' id='word_1_102' title='bbox 773 1319 995 1384; x_wconf 84' lang='lat' dir='ltr'><strong>quaudo</strong></span> <span class='ocrx_word' id='word_1_103' title='bbox 1029 1322 1211 1385; x_wconf 85' lang='lat' dir='ltr'><strong>venit,</strong></span> <span class='ocrx_word' id='word_1_104' title='bbox 1246 1321 1609 1387; x_wconf 79' lang='lat' dir='ltr'><strong>magistratus</strong></span> <span class='ocrx_word' id='word_1_105' title='bbox 1644 1323 1729 1372; x_wconf 91' lang='lat' dir='ltr'><strong>in-</strong></span> 
     </span>
     <span class='ocr_line' id='line_1_15' title="bbox 199 1403 1727 1474; baseline -0.001 -16"><span class='ocrx_word' id='word_1_106' title='bbox 199 1407 520 1472; x_wconf 80' lang='lat' dir='ltr'><strong>terrogavit</strong></span> <span class='ocrx_word' id='word_1_107' title='bbox 554 1421 702 1456; x_wconf 83' lang='lat' dir='ltr'><strong>eam:</strong></span> <span class='ocrx_word' id='word_1_108' title='bbox 739 1403 934 1468; x_wconf 86' lang='lat' dir='ltr'><strong>‘quare</strong></span> <span class='ocrx_word' id='word_1_109' title='bbox 969 1405 1101 1456; x_wconf 88' lang='lat' dir='ltr'><strong>huic</strong></span> <span class='ocrx_word' id='word_1_110' title='bbox 1134 1419 1291 1457; x_wconf 85' lang='lat' dir='ltr'><strong>suam</strong></span> <span class='ocrx_word' id='word_1_111' title='bbox 1330 1403 1610 1455; x_wconf 76' lang='lat' dir='ltr'><strong>cucullam</strong></span> <span class='ocrx_word' id='word_1_112' title='bbox 1634 1405 1727 1474; x_wconf 79' lang='lat' dir='ltr'><strong>de·</strong></span> 
     </span>
     <span class='ocr_line' id='line_1_16' title="bbox 199 1489 1725 1557; baseline 0 -15"><span class='ocrx_word' id='word_1_113' title='bbox 199 1491 498 1557; x_wconf 55' lang='lat' dir='ltr'><strong>portasti?</strong></span> <span class='ocrx_word' id='word_1_114' title='bbox 545 1490 706 1539; x_wconf 87' lang='lat' dir='ltr'><strong>Tunc</strong></span> <span class='ocrx_word' id='word_1_115' title='bbox 751 1489 877 1554; x_wconf 87' lang='lat' dir='ltr'><strong>ipsa</strong></span> <span class='ocrx_word' id='word_1_116' title='bbox 919 1492 1084 1541; x_wconf 83' lang='lat' dir='ltr'><strong>stetit</strong></span> <span class='ocrx_word' id='word_1_117' title='bbox 1130 1495 1188 1542; x_wconf 84' lang='lat' dir='ltr'><strong>et</strong></span> <span class='ocrx_word' id='word_1_118' title='bbox 1232 1491 1353 1542; x_wconf 82' lang='lat' dir='ltr'><strong>siue</strong></span> <span class='ocrx_word' id='word_1_119' title='bbox 1389 1489 1725 1542; x_wconf 85' lang='lat' dir='ltr'><strong>verecundia</strong></span> 
     </span>
     <span class='ocr_line' id='line_1_17' title="bbox 199 1573 1725 1640; baseline -0.001 -12"><span class='ocrx_word' id='word_1_120' title='bbox 199 1577 389 1628; x_wconf 84' lang='lat' dir='ltr'><strong>omnia</strong></span> <span class='ocrx_word' id='word_1_121' title='bbox 423 1575 722 1626; x_wconf 80' lang='lat' dir='ltr'><strong>manifeste</strong></span> <span class='ocrx_word' id='word_1_122' title='bbox 759 1573 927 1638; x_wconf 83' lang='lat' dir='ltr'><strong>dixit,</strong></span> <span class='ocrx_word' id='word_1_123' title='bbox 978 1578 1035 1626; x_wconf 85' lang='lat' dir='ltr'><strong>et</strong></span> <span class='ocrx_word' id='word_1_124' title='bbox 1069 1576 1335 1640; x_wconf 85' lang='lat' dir='ltr'><strong>quomodo</strong></span> <span class='ocrx_word' id='word_1_125' title='bbox 1370 1573 1443 1624; x_wconf 84' lang='lat' dir='ltr'><strong>ad</strong></span> <span class='ocrx_word' id='word_1_126' title='bbox 1474 1579 1593 1626; x_wconf 80' lang='lat' dir='ltr'><strong>tres</strong></span> <span class='ocrx_word' id='word_1_127' title='bbox 1627 1591 1725 1626; x_wconf 87' lang='lat' dir='ltr'><strong>no-</strong></span> 
     </span>
     <span class='ocr_line' id='line_1_18' title="bbox 201 1659 1727 1724; baseline -0.001 -12"><span class='ocrx_word' id='word_1_128' title='bbox 201 1665 330 1712; x_wconf 83' lang='lat' dir='ltr'><strong>ctes</strong></span> <span class='ocrx_word' id='word_1_129' title='bbox 368 1662 434 1710; x_wconf 88' lang='lat' dir='ltr'><strong>in</strong></span> <span class='ocrx_word' id='word_1_130' title='bbox 465 1659 804 1711; x_wconf 86' lang='lat' dir='ltr'><strong>monasterio</strong></span> <span class='ocrx_word' id='word_1_131' title='bbox 841 1660 983 1723; x_wconf 77' lang='lat' dir='ltr'><strong>fuit,</strong></span> <span class='ocrx_word' id='word_1_132' title='bbox 1022 1665 1077 1710; x_wconf 88' lang='lat' dir='ltr'><strong>et</strong></span> <span class='ocrx_word' id='word_1_133' title='bbox 1112 1659 1382 1724; x_wconf 88' lang='lat' dir='ltr'><strong>quomodo</strong></span> <span class='ocrx_word' id='word_1_134' title='bbox 1417 1673 1607 1711; x_wconf 83' lang='lat' dir='ltr'><strong>secum</strong></span> <span class='ocrx_word' id='word_1_135' title='bbox 1640 1660 1727 1710; x_wconf 80' lang='lat' dir='ltr'><strong>vi·</strong></span> 
     </span>
     <span class='ocr_line' id='line_1_19' title="bbox 197 1743 1723 1812; baseline -0.001 -17"><span class='ocrx_word' id='word_1_136' title='bbox 197 1745 388 1812; x_wconf 72' lang='lat' dir='ltr'><strong>riliter</strong></span> <span class='ocrx_word' id='word_1_137' title='bbox 421 1747 708 1808; x_wconf 81' lang='lat' dir='ltr'><strong>feceruut,</strong></span> <span class='ocrx_word' id='word_1_138' title='bbox 745 1749 802 1795; x_wconf 87' lang='lat' dir='ltr'><strong>et</strong></span> <span class='ocrx_word' id='word_1_139' title='bbox 835 1759 948 1795; x_wconf 87' lang='lat' dir='ltr'><strong>non</strong></span> <span class='ocrx_word' id='word_1_140' title='bbox 984 1743 1255 1796; x_wconf 84' lang='lat' dir='ltr'><strong>dederunt</strong></span> <span class='ocrx_word' id='word_1_141' title='bbox 1288 1745 1400 1796; x_wconf 84' lang='lat' dir='ltr'><strong>sibi</strong></span> <span class='ocrx_word' id='word_1_142' title='bbox 1440 1745 1723 1796; x_wconf 83' lang='lat' dir='ltr'><strong>solarium.</strong></span> 
     </span>
     <span class='ocr_line' id='line_1_20' title="bbox 201 1828 1728 1894; baseline -0.003 -14"><span class='ocrx_word' id='word_1_143' title='bbox 201 1831 368 1880; x_wconf 85' lang='lat' dir='ltr'><strong>Tunc</strong></span> <span class='ocrx_word' id='word_1_144' title='bbox 399 1830 762 1894; x_wconf 79' lang='lat' dir='ltr'><strong>magistratus</strong></span> <span class='ocrx_word' id='word_1_145' title='bbox 797 1829 981 1880; x_wconf 87' lang='lat' dir='ltr'><strong>noluit</strong></span> <span class='ocrx_word' id='word_1_146' title='bbox 1012 1828 1145 1880; x_wconf 89' lang='lat' dir='ltr'><strong>boni</strong></span> <span class='ocrx_word' id='word_1_147' title='bbox 1166 1829 1333 1880; x_wconf 85' lang='lat' dir='ltr'><strong>fratri</strong></span> <span class='ocrx_word' id='word_1_148' title='bbox 1356 1830 1546 1880; x_wconf 78' lang='lat' dir='ltr'><strong>facere</strong></span> <span class='ocrx_word' id='word_1_149' title='bbox 1570 1841 1728 1878; x_wconf 86' lang='lat' dir='ltr'><strong>suam</strong></span> 
     </span>
     <span class='ocr_line' id='line_1_21' title="bbox 191 1911 1732 1980; baseline -0.003 -14"><span class='ocrx_word' id='word_1_150' title='bbox 191 1914 484 1966; x_wconf 78' lang='lat' dir='ltr'><strong>cucullam</strong></span> <span class='ocrx_word' id='word_1_151' title='bbox 505 1914 792 1980; x_wconf 77' lang='lat' dir='ltr'><strong>rehabere,</strong></span> <span class='ocrx_word' id='word_1_152' title='bbox 827 1914 927 1966; x_wconf 87' lang='lat' dir='ltr'><strong>sed</strong></span> <span class='ocrx_word' id='word_1_153' title='bbox 947 1914 1091 1965; x_wconf 81' lang='lat' dir='ltr'><strong>dixit</strong></span> <span class='ocrx_word' id='word_1_154' title='bbox 1112 1916 1185 1966; x_wconf 83' lang='lat' dir='ltr'><strong>ad</strong></span> <span class='ocrx_word' id='word_1_155' title='bbox 1210 1929 1359 1967; x_wconf 83' lang='lat' dir='ltr'><strong>eum:</strong></span> <span class='ocrx_word' id='word_1_156' title='bbox 1399 1913 1531 1966; x_wconf 86' lang='lat' dir='ltr'><strong>‘Vos</strong></span> <span class='ocrx_word' id='word_1_157' title='bbox 1552 1911 1732 1962; x_wconf 80' lang='lat' dir='ltr'><strong>multa</strong></span> 
     </span>
     <span class='ocr_line' id='line_1_22' title="bbox 191 1999 1725 2065; baseline -0.002 -14"><span class='ocrx_word' id='word_1_158' title='bbox 191 1999 482 2065; x_wconf 82' lang='lat' dir='ltr'><strong>incipitis,</strong></span> <span class='ocrx_word' id='word_1_159' title='bbox 522 2002 674 2050; x_wconf 84' lang='lat' dir='ltr'><strong>certe</strong></span> <span class='ocrx_word' id='word_1_160' title='bbox 707 2014 820 2049; x_wconf 88' lang='lat' dir='ltr'><strong>non</strong></span> <span class='ocrx_word' id='word_1_161' title='bbox 853 2013 1071 2064; x_wconf 82' lang='lat' dir='ltr'><strong>semper</strong></span> <span class='ocrx_word' id='word_1_162' title='bbox 1104 2001 1269 2051; x_wconf 82' lang='lat' dir='ltr'><strong>vobis</strong></span> <span class='ocrx_word' id='word_1_163' title='bbox 1302 2000 1386 2050; x_wconf 89' lang='lat' dir='ltr'><strong>sic</strong></span> <span class='ocrx_word' id='word_1_164' title='bbox 1420 1999 1725 2065; x_wconf 83' lang='lat' dir='ltr'><strong>pertransi-</strong></span> 
     </span>
     <span class='ocr_line' id='line_1_23' title="bbox 189 2083 1727 2147; baseline -0.003 -11"><span class='ocrx_word' id='word_1_165' title='bbox 189 2087 312 2147; x_wconf 86' lang='lat' dir='ltr'><strong>bit,</strong></span> <span class='ocrx_word' id='word_1_166' title='bbox 367 2083 514 2135; x_wconf 80' lang='lat' dir='ltr'><strong>vade</strong></span> <span class='ocrx_word' id='word_1_167' title='bbox 559 2087 622 2135; x_wconf 89' lang='lat' dir='ltr'><strong>tu</strong></span> <span class='ocrx_word' id='word_1_168' title='bbox 665 2085 724 2134; x_wconf 90' lang='lat' dir='ltr'><strong>in</strong></span> <span class='ocrx_word' id='word_1_169' title='bbox 767 2084 990 2135; x_wconf 86' lang='lat' dir='ltr'><strong>nomine</strong></span> <span class='ocrx_word' id='word_1_170' title='bbox 1038 2086 1321 2134; x_wconf 82' lang='lat' dir='ltr'><strong>centorum</strong></span> <span class='ocrx_word' id='word_1_171' title='bbox 1366 2083 1727 2147; x_wconf 79' lang='lat' dir='ltr'><strong>diabolorum,</strong></span> 
     </span>
     <span class='ocr_line' id='line_1_24' title="bbox 133 2167 1725 2234; baseline 0.001 -15"><span class='ocrx_word' id='word_1_172' title='bbox 133 2201 144 2206; x_wconf 94' lang='lat'>-</span> <span class='ocrx_word' id='word_1_173' title='bbox 197 2173 264 2219; x_wconf 87' lang='lat' dir='ltr'><strong>et</strong></span> <span class='ocrx_word' id='word_1_174' title='bbox 296 2183 456 2220; x_wconf 87' lang='lat' dir='ltr'><strong>mane</strong></span> <span class='ocrx_word' id='word_1_175' title='bbox 491 2169 554 2218; x_wconf 92' lang='lat' dir='ltr'><strong>in</strong></span> <span class='ocrx_word' id='word_1_176' title='bbox 589 2172 687 2220; x_wconf 89' lang='lat' dir='ltr'><strong>tuo</strong></span> <span class='ocrx_word' id='word_1_177' title='bbox 721 2169 1105 2234; x_wconf 78' lang='lat' dir='ltr'><strong>Monasterio&#39;,</strong></span> <span class='ocrx_word' id='word_1_178' title='bbox 1150 2171 1209 2220; x_wconf 89' lang='lat' dir='ltr'><strong>et</strong></span> <span class='ocrx_word' id='word_1_179' title='bbox 1239 2167 1395 2229; x_wconf 82' lang='lat' dir='ltr'><strong>dedit</strong></span> <span class='ocrx_word' id='word_1_180' title='bbox 1427 2168 1479 2220; x_wconf 87' lang='lat' dir='ltr'><strong>ei</strong></span> <span class='ocrx_word' id='word_1_181' title='bbox 1512 2167 1725 2220; x_wconf 84' lang='lat' dir='ltr'><strong>refuta-</strong></span> 
     </span>
     <span class='ocr_line' id='line_1_25' title="bbox 193 2253 1726 2318; baseline -0.001 -13"><span class='ocrx_word' id='word_1_182' title='bbox 193 2255 392 2318; x_wconf 82' lang='lat' dir='ltr'><strong>torios,</strong></span> <span class='ocrx_word' id='word_1_183' title='bbox 429 2258 490 2304; x_wconf 85' lang='lat' dir='ltr'><strong>et</strong></span> <span class='ocrx_word' id='word_1_184' title='bbox 521 2254 606 2304; x_wconf 88' lang='lat' dir='ltr'><strong>sic</strong></span> <span class='ocrx_word' id='word_1_185' title='bbox 636 2255 816 2305; x_wconf 87' lang='lat' dir='ltr'><strong>bonus</strong></span> <span class='ocrx_word' id='word_1_186' title='bbox 852 2254 1029 2304; x_wconf 84' lang='lat' dir='ltr'><strong>frater</strong></span> <span class='ocrx_word' id='word_1_187' title='bbox 1059 2253 1469 2304; x_wconf 82' lang='lat' dir='ltr'><strong>verecundatus</strong></span> <span class='ocrx_word' id='word_1_188' title='bbox 1504 2259 1563 2305; x_wconf 82' lang='lat' dir='ltr'><strong>et</strong></span> <span class='ocrx_word' id='word_1_189' title='bbox 1596 2270 1726 2304; x_wconf 86' lang='lat' dir='ltr'><strong>con·</strong></span> 
     </span>
     <span class='ocr_line' id='line_1_26' title="bbox 193 2336 1721 2404; baseline 0 -15"><span class='ocrx_word' id='word_1_190' title='bbox 193 2339 359 2390; x_wconf 78' lang='lat' dir='ltr'><strong>fusus</strong></span> <span class='ocrx_word' id='word_1_191' title='bbox 393 2339 523 2389; x_wconf 73' lang='lat' dir='ltr'><strong>fuit.</strong></span> <span class='ocrx_word' id='word_1_192' title='bbox 593 2337 670 2388; x_wconf 87' lang='lat' dir='ltr'><strong>Et</strong></span> <span class='ocrx_word' id='word_1_193' title='bbox 701 2336 1021 2388; x_wconf 82' lang='lat' dir='ltr'><strong>illudebant</strong></span> <span class='ocrx_word' id='word_1_194' title='bbox 1056 2339 1138 2402; x_wconf 89' lang='lat' dir='ltr'><strong>ei,</strong></span> <span class='ocrx_word' id='word_1_195' title='bbox 1178 2341 1234 2389; x_wconf 89' lang='lat' dir='ltr'><strong>et</strong></span> <span class='ocrx_word' id='word_1_196' title='bbox 1267 2341 1559 2404; x_wconf 86' lang='lat' dir='ltr'><strong>postquam</strong></span> <span class='ocrx_word' id='word_1_197' title='bbox 1594 2338 1721 2390; x_wconf 88' lang='lat' dir='ltr'><strong>illu-</strong></span> 
     </span>
     <span class='ocr_line' id='line_1_27' title="bbox 197 2423 1723 2488; baseline 0.001 -15"><span class='ocrx_word' id='word_1_198' title='bbox 197 2423 410 2474; x_wconf 81' lang='lat' dir='ltr'><strong>sissent</strong></span> <span class='ocrx_word' id='word_1_199' title='bbox 445 2424 528 2486; x_wconf 86' lang='lat' dir='ltr'><strong>ei,</strong></span> <span class='ocrx_word' id='word_1_200' title='bbox 573 2423 954 2488; x_wconf 84' lang='lat' dir='ltr'><strong>imposuerunt</strong></span> <span class='ocrx_word' id='word_1_201' title='bbox 998 2423 1159 2474; x_wconf 86' lang='lat' dir='ltr'><strong>nobis</strong></span> <span class='ocrx_word' id='word_1_202' title='bbox 1194 2437 1413 2473; x_wconf 86' lang='lat' dir='ltr'><strong>crucem</strong></span> <span class='ocrx_word' id='word_1_203' title='bbox 1446 2437 1723 2488; x_wconf 77' lang='lat' dir='ltr'><strong>magnam,</strong></span> 
     </span>
     <span class='ocr_line' id='line_1_28' title="bbox 201 2506 1725 2573; baseline -0.001 -15"><span class='ocrx_word' id='word_1_204' title='bbox 201 2507 348 2571; x_wconf 86' lang='lat' dir='ltr'><strong>quod</strong></span> <span class='ocrx_word' id='word_1_205' title='bbox 393 2508 500 2558; x_wconf 88' lang='lat' dir='ltr'><strong>sub</strong></span> <span class='ocrx_word' id='word_1_206' title='bbox 545 2521 752 2573; x_wconf 80' lang='lat' dir='ltr'><strong>magua</strong></span> <span class='ocrx_word' id='word_1_207' title='bbox 805 2521 953 2572; x_wconf 84' lang='lat' dir='ltr'><strong>pena</strong></span> <span class='ocrx_word' id='word_1_208' title='bbox 1008 2523 1119 2558; x_wconf 85' lang='lat' dir='ltr'><strong>non</strong></span> <span class='ocrx_word' id='word_1_209' title='bbox 1174 2506 1435 2560; x_wconf 84' lang='lat' dir='ltr'><strong>debemus</strong></span> <span class='ocrx_word' id='word_1_210' title='bbox 1480 2509 1725 2558; x_wconf 85' lang='lat' dir='ltr'><strong>exterius</strong></span> 
     </span>
     <span class='ocr_line' id='line_1_29' title="bbox 197 2589 1726 2655; baseline -0.003 -13"><span class='ocrx_word' id='word_1_211' title='bbox 197 2591 605 2644; x_wconf 82' lang='lat' dir='ltr'><strong>Monasterium</strong></span> <span class='ocrx_word' id='word_1_212' title='bbox 637 2592 718 2642; x_wconf 86' lang='lat' dir='ltr'><strong>ire</strong></span> <span class='ocrx_word' id='word_1_213' title='bbox 743 2605 910 2655; x_wconf 86' lang='lat' dir='ltr'><strong>super</strong></span> <span class='ocrx_word' id='word_1_214' title='bbox 931 2590 1174 2655; x_wconf 82' lang='lat' dir='ltr'><strong>plateas.</strong></span> <span class='ocrx_word' id='word_1_215' title='bbox 1246 2591 1357 2642; x_wconf 83' lang='lat' dir='ltr'><strong>Sed</strong></span> <span class='ocrx_word' id='word_1_216' title='bbox 1390 2589 1726 2642; x_wconf 79' lang='lat' dir='ltr'><strong>reverendus</strong></span> 
     </span>
     <span class='ocr_line' id='line_1_30' title="bbox 197 2669 1729 2742; baseline -0.012 -13"><span class='ocrx_word' id='word_1_217' title='bbox 197 2681 362 2742; x_wconf 79' lang='lat' dir='ltr'><strong>pater</strong></span> <span class='ocrx_word' id='word_1_218' title='bbox 396 2678 580 2728; x_wconf 78' lang='lat' dir='ltr'><strong>frater</strong></span> <span class='ocrx_word' id='word_1_219' title='bbox 614 2675 776 2726; x_wconf 82' lang='lat' dir='ltr'><strong>Prior</strong></span> <span class='ocrx_word' id='word_1_220' title='bbox 821 2689 933 2725; x_wconf 88' lang='lat' dir='ltr'><strong>non</strong></span> <span class='ocrx_word' id='word_1_221' title='bbox 976 2675 1089 2722; x_wconf 78' lang='lat' dir='ltr'><strong>fuit</strong></span> <span class='ocrx_word' id='word_1_222' title='bbox 1131 2672 1313 2735; x_wconf 82' lang='lat' dir='ltr'><strong>domi,</strong></span> <span class='ocrx_word' id='word_1_223' title='bbox 1358 2669 1577 2732; x_wconf 83' lang='lat' dir='ltr'><strong>quando</strong></span> <span class='ocrx_word' id='word_1_224' title='bbox 1620 2669 1729 2726; x_wconf 68' lang='lat' dir='ltr'><strong>hec</strong></span> 
     </span>
    </p>
   </div>
  </div>
 </body>
</html>
