1942 3109
334 217 436 272 300
503 233 966 274 munuum-tonus
1006 235 1319 273 onscvaon.
1350 236 1690 277 nsvcnmn.
1716 239 1851 275 rou.

335 341 628 392 holitorem
683 343 868 410 sepius
917 339 1001 406 (ut
1044 344 1133 392 est
1176 342 1233 391 in
1254 388 1261 400 ,
1280 343 1651 409 proverbiis)
1702 359 1850 409 oppor-

336 430 468 476 tune
495 427 665 491 loqui,
701 425 1027 491 sordidoque
1052 427 1110 476 in
1142 441 1333 490 panno
1372 429 1739 492 sapientiam
1760 443 1849 478 non-

339 526 620 575 nunquam
654 511 880 562 latitare
899 551 913 576 ,
951 527 1059 579 que
1097 511 1564 563 calamistratam
1602 530 1721 566 non
1752 515 1849 563 desi-

338 594 497 646 derat
532 597 855 660 orationem,
892 596 1223 660 levibusque
1260 599 1578 660 poetarum
1616 598 1845 665 {ig-mentis

338 684 552 730 tantum
589 683 837 748 prestare
884 681 1154 744 ereditur,
1202 684 1487 744 quantum
1543 686 1729 734 animi
1768 698 1843 731 eor·

340 767 566 830 poribus
603 770 659 816 et
692 766 890 816 bestiis
923 766 1177 815 homines
1205 765 1603 822 antecellunt.
1654 771 1837 820 Hisita-

235 844 317 910 bij
345 864 452 914 qne
485 851 729 915 peractis
751 847 775 917 [Ι
800 854 856 899 et
879 850 1172 900 immodica
1206 849 1373 900 nobis
1413 855 1757 906 confusione
1780 851 1839 901 ob-

343 939 482 999 orta,
508 935 702 985 tristes
723 951 836 984 una
870 935 1208 998 aufugimus,
1236 937 1294 983 et
1315 934 1376 983 id
1411 938 1655 1000 quidem
1680 939 1839 1002 hospit-

342 1035 452 1069 non
487 1020 753 1070 salutato.
823 1035 950 1069 nam
998 1019 1047 1068 si
1081 1033 1281 1083 graves
1318 1019 1416 1070 illi
1462 1024 1583 1073 viri
1618 1040 1714 1074 nos
1746 1022 1843 1072 levi-

345 1104 498 1155 culos
521 1104 1032 1170 deprehendissent,
1045 1117 1244 1168 graves
1282 1108 1659 1168 proculdubio
1688 1111 1845 1169 nosti-g·

342 1190 675 1239 temeritatis
698 1204 872 1255 penas
899 1189 955 1238 in
980 1188 1153 1236 scafis
1178 1186 1567 1243 dedissemus.
1592 1191 1724 1242 Vale
1749 1189 1847 1238 (liu.

343 1275 533 1343 Bonne
584 1291 650 1324 ex
695 1274 851 1324 domo
897 1273 1129 1339 antique
1170 1271 1463 1339 mulieris,
1521 1293 1687 1342 quam
1714 1276 1847 1339 vulgo

342 1359 536 1408 Nisam
583 1357 901 1422 appellant,
955 1372 1064 1424 que
1111 1371 1211 1406 nos
1258 1359 1593 1412 esurientes
1643 1362 1845 1428 implevi:

344 1444 494 1506 rapis
532 1447 589 1492 et
622 1443 826 1492 divite·
864 1440 1076 1490 dimisit
1110 1442 1408 1492 invitatos,

1063 1660 1148 1710 24.

627 1747 678 1806 (Ι
721 1743 1068 1808 Ioannes
1113 1743 1610 1814 Buffelinus

849 1849 1204 1899 Ioachimo
1243 1865 1362 1901 suo

965 1933 1041 1983 .S.
1076 1935 1140 1984 P.
1176 1934 1246 1983 D.

449 2037 496 2088 O
521 2037 746 2088 funesta
769 2034 904 2101 dies,
931 2053 961 2086 o
987 2035 1349 2087 lamentabile
1374 2039 1640 2104 tempus!

450 2122 497 2172 O
523 2122 692 2187 furor,
718 2139 748 2173 o
773 2123 979 2185 rabies,
1004 2138 1035 2172 o
1060 2119 1394 2170 detestabile
1419 2124 1611 2175 virus!

451 2206 498 2256 O
525 2206 696 2271 dolor,
721 2223 754 2257 o
781 2221 968 2269 regum
994 2207 1269 2270 impietae,
1297 2220 1329 2255 ο
1353 2210 1586 2258 mortua
1607 2211 1809 2262 virtus!

345 2291 676 2340 Exclamare
712 2305 822 2340 non
858 2290 1129 2342 immerito
1172 2304 1494 2356 possumus,
1551 2295 1631 2343 mi
1670 2297 1857 2346 suavis·

347 2377 482 2428 sime
517 2377 792 2442 Ioaehim,
841 2391 937 2426 eas
982 2376 1142 2426 nobis
1189 2375 1245 2424 in
1293 2375 1544 2426 tenebris
1581 2378 1857 2430 illusiones

339 2463 582 2526 oboriri,
641 2477 781 2526 quas
828 2461 1013 2511 insani
1060 2460 1305 2510 homines
1352 2459 1496 2508 ferre
1546 2466 1857 2528 neutiquam

347 2548 593 2606 possent.
664 2545 1013 2608 Quapropter
1056 2548 1120 2593 ut
1165 2543 1293 2592 huic
1327 2543 1408 2592 rei
1441 2546 1682 2609 propius
1722 2565 1857 2598 acee-

347 2625 500 2688 dam,
547 2626 738 2675 eadem
780 2628 888 2676 tibi
933 2626 1209 2676 audienda
1254 2631 1341 2676 est
1373 2626 1637 2684 historia.
1714 2635 1857 2685 Pero·

347 2707 498 2753 ranti
531 2708 664 2754 mihi
699 2723 874 2770 nuper
907 2709 1193 2775 Moguntie
1238 2709 1305 2758 de
1352 2708 1561 2760 litteris
1598 2717 1851 2778 politiori
