1942 3109
311 225 414 278 372
449 239 686 279 oarv1u1
713 239 910 279 saun
934 243 1228 284 urrsrona
1252 249 1315 286 ι).
1342 251 1402 287 n.
1430 240 1615 291 Locr.
1638 256 1691 294 A.
1712 245 1827 294 1518.

311 345 502 413 plures
547 361 766 412 quoque
817 347 1029 400 famam
1084 350 1175 416 (ut
1221 353 1455 409 Plinius
1504 359 1639 426 ait),
1694 365 1831 428 pauci

319 433 724 484 conscientiam
756 437 1037 499 verentur,
1074 450 1183 505 que
1222 443 1439 506 tamen,
1478 445 1536 494 si
1556 445 1829 514 Augustino

316 517 617 582 credimus,
665 524 754 571 est
797 518 952 570 mille
998 523 1201 588 testes,
1252 529 1319 574 ut
1368 525 1663 583 Obscuros
1694 535 1829 584 etiam

311 601 728 654 Reuchlinistas
743 641 758 668 ,
801 604 1315 670 impudentissimos
1350 610 1697 668 Antichristi
1734 635 1827 684 pre-

316 703 566 740 cursor-es
581 689 1001 755 levissimosque
1012 692 1401 758 sycophantas
1420 699 1665 752 suorum
1680 709 1839 768 quem-¹

319 787 425 837 que
459 774 711 842 peniteat
743 773 1090 829 delictorum.
1147 778 1389 830 Tor-rens
1424 780 1679 838 dicendi
1710 789 1812 850 ωρίε

313 858 538 924 multis,
587 863 646 911 et
687 873 790 910 sua
831 862 1125 914 mortifera
1170 867 1258 913 est
1300 865 1624 936 facundia,
1674 889 1760 939 que
1780 875 1813 919 a

314 944 582 1008 superbos
617 944 892 996 interdum
929 951 986 997 et
1018 948 1343 1011 pertinaces
1392 958 1577 1004 creat.
1653 958 1763 1008 Non
1786 957 1821 1004 it

315 1027 537 1093 ling-ua,
583 1028 681 1081 sed
713 1030 774 1079 in
811 1029 972 1082 corde
1019 1033 1362 1098 sapientiam
1400 1051 1532 1090 esse
1568 1041 1821 1092 Lactantiss

315 1113 586 1164 Firmiani
619 1115 820 1179 probat
857 1117 1182 1168 auctoritas.
1241 1119 1613 1188 Quapropter
1649 1129 1741 1191 qui
1768 1125 1839 1175 rel

319 1213 439 1248 rum
474 1197 764 1249 dumtaxat
800 1201 1005 1266 aspicit
1038 1200 1421 1268 superficiem,
1468 1206 1582 1258 hoc
1622 1216 1709 1261 est
1738 1210 1819 1262 sola

320 1283 612 1335 verborum
671 1275 894 1335 ducitur
957 1301 1187 1352 pompa,
1254 1293 1447 1356 preter
1521 1294 1745 1347 umbras
1787 1300 1819 1342 et

315 1368 529 1418 somnia
561 1367 720 1420 videt
751 1369 910 1420 nihil.
980 1369 1222 1421 Stultum
1258 1377 1347 1422 est
1382 1391 1584 1430 sacros
1622 1381 1819 1442 ecclesig

315 1451 570 1503 doctores
629 1453 712 1502 ita
773 1457 1053 1514 coartare,
1108 1459 1172 1506 ut
1230 1457 1593 1514 ethnicorum
1650 1477 1818 1527 semper

313 1551 464 1587 more
500 1535 655 1600 loqui
692 1551 784 1586 eos
822 1540 1093 1602 oporteat.
1130 1539 1421 1593 Marsilius
1456 1546 1667 1613 itaque,
1692 1547 1839 1593 asten

313 1621 374 1671 in
410 1621 572 1671 terris
605 1622 798 1680 Plato,
843 1622 995 1673 haud
1032 1623 1223 1676 eodem
1266 1626 1432 1679 oculo
1468 1631 1825 1698 theologorum

315 1706 526 1772 scripta
561 1706 800 1773 legenda
838 1709 1057 1758 censuit
1093 1724 1201 1773 quo
1236 1713 1543 1775 poetarum
1578 1723 1635 1766 et
1674 1721 1823 1768 orato-

315 1808 450 1854 rum,
492 1808 617 1843 cum
655 1791 810 1843 aliud
844 1793 917 1843 sit
951 1792 1199 1846 olfacere
1222 1795 1403 1856 flores,
1444 1799 1605 1850 aliud
1631 1815 1828 1868 carpere

318 1893 483 1943 poma
531 1881 588 1928 et
631 1893 830 1943 sugere
876 1890 1091 1928 succos.
1160 1879 1236 1928 At
1280 1894 1549 1943 quorsum
1594 1885 1709 1954 hec
1748 1891 1829 1935 tam

313 1962 492 2013 multa
551 1959 622 2026 (Ο
671 1965 727 2013 et
781 1961 1083 2031 presidium
1129 1967 1187 2014 et
1231 1961 1395 2014 dulce
1442 1965 1621 2019 decus
1656 1977 1838 2022 meum}

319 2048 431 2098 nisi
487 2050 550 2098 ut
591 2047 724 2098 boni
770 2062 955 2099 omnes
1008 2047 1359 2114 intelligant,
1420 2065 1537 2102 non
1600 2060 1831 2106 continu«-

314 2132 632 2184 barbariem
669 2147 806 2193 esse,
844 2147 1011 2196 quam
1044 2133 1207 2183 multi
1238 2133 1565 2187 barbariem
1591 2139 1827 2191 clamant.

323 2223 378 2269 et
437 2217 773 2268 familiarem
829 2217 932 2268 rite
979 2217 1493 2283 philosophantium
1548 2227 1831 2278 orationem

314 2302 540 2354 minime
576 2318 606 2353 e
644 2315 908 2353 consessu
944 2302 1319 2354 exibilandam
1353 2309 1665 2362 oratorum.
1720 2311 1829 2362 Sunt

321 2391 379 2440 et
413 2387 660 2440 eiusdem
694 2387 876 2455 farine
923 2387 1195 2449 homines,
1254 2390 1351 2452 qui
1396 2390 1465 2440 ob
1516 2408 1646 2444 eam
1698 2397 1838 2461 quant}

322 2474 438 2525 dixi
473 2473 740 2524 orationis
777 2471 1221 2524 familiaritatem
1257 2488 1477 2524 sacram
1514 2480 1699 2531 etiam
1738 2495 1833 2530 con-

322 2559 574 2606 temnunt
609 2554 972 2620 theologiam,
1028 2571 1194 2620 quam
1228 2573 1295 2608 ne
1332 2558 1401 2610 de
1435 2560 1593 2614 facie
1635 2566 1838 2630 quidem,

318 2641 642 2700 agnoscunt,
681 2636 995 2700 audentque
1034 2644 1091 2688 et
1124 2641 1421 2692 invectivis
1458 2649 1518 2694 et
1540 2649 1838 2700 mendaciis:

319 2721 378 2769 et
413 2717 869 2772 cavillationibus
894 2719 981 2786 (ut
1016 2720 1089 2772 ad
1123 2723 1385 2779 obscuros
1422 2726 1635 2784 iterum
1668 2746 1831 2787 rever·
