1942 3109
260 239 360 292 348
436 254 728 294 EPISTOLAE
751 257 1119 292 OBSCVBOBVM
1143 257 1394 292 vmonvu
1420 257 1601 294 Nova.

259 362 436 427 magis
479 362 584 412 hoc
628 363 896 412 facerent.
974 362 1117 412 Nam
1162 378 1261 427 ego
1304 361 1395 412 hic
1435 377 1559 412 sum
1606 366 1777 417 etiam

259 463 456 513 magne
492 448 856 510 famositatiS‚
902 447 977 495 Et
1023 462 1255 498 exerceo
1292 450 1466 498 artem
1500 465 1683 501 meam
1717 453 1775 502 in

258 533 495 582 maxima.
539 532 731 598 populi
772 532 1115 596 frequentia,
1164 535 1220 582 et
1260 532 1508 584 homines
1553 534 1776 587 faciunt

258 618 391 669 mihi
416 617 646 668 eundem
679 618 966 682 honorem,
1006 620 1063 667 et
1099 616 1315 681 quando
1352 633 1416 668 eo
1452 619 1513 668 in
1545 619 1775 687 plateIS,

261 704 428 754 etiam
471 706 779 754 monstrant
825 717 946 752 cum
990 700 1179 766 digitis
1234 717 1397 766 super
1454 719 1567 768 me,
1624 706 1773 756 sicut

257 789 476 838 faciunt
512 789 570 837 in
607 786 838 850 Colonia
875 802 1041 851 super
1073 801 1191 837 vos.
1254 789 1441 850 Quare
1478 805 1577 854 ego
1602 789 1767 842 valde

257 873 425 938 letor,
465 871 608 936 quod
641 871 889 922 homines
927 875 1152 923 servant
1188 871 1402 936 aliquid
1438 873 1502 923 de
1527 874 1684 924 vobis
1713 879 1770 924 et

257 973 359 1008 me.
419 956 595 1008 Audio
633 959 799 1008 etiam
835 957 977 1008 alios
1012 959 1160 1008 viros
1188 973 1309 1008 esse
1334 957 1391 1006 in
1419 958 1647 1009 Colonia
1674 961 1771 1024 qui

258 1046 388 1094 sunt
421 1044 596 1094 vestri
621 1044 824 1106 amici,
874 1047 930 1093 et
977 1043 1143 1092 etiam
1188 1043 1473 1092 vobiscum
1520 1044 1774 1095 scribunt

261 1132 452 1180 contra
496 1129 794 1179 Doctorem
837 1127 1135 1178 Reuchlin:
1192 1127 1459 1178 videlicet
1502 1128 1769 1180 Iacobum

167 1237 175 1243 -
259 1213 324 1264 de
363 1213 482 1264 alta
517 1213 708 1279 platea
744 1212 1111 1278 hereticorum
1156 1214 1505 1278 magistrum,
1554 1217 1611 1264 et
1655 1230 1771 1265 ma-

257 1300 486 1363 gistrum
509 1297 808 1349 Arnoldum
832 1297 898 1347 de
924 1297 1168 1361 Tungari
1192 1301 1471 1363 regentem
1507 1299 1565 1347 in
1602 1300 1771 1350 bursa

259 1385 440 1434 sancti
484 1383 793 1434 Laurentii.
874 1382 948 1431 Et
993 1397 1178 1432 omnes
1236 1382 1483 1433 homines
1540 1384 1774 1437 credunt

258 1468 402 1532 quod
436 1483 534 1519 vos
569 1471 682 1518 tres
719 1469 853 1517 estis
899 1482 1030 1518 vere
1076 1465 1377 1518 illuminati
1420 1469 1477 1518 in
1524 1467 1627 1518 fide
1674 1485 1765 1518 ca-

257 1552 499 1616 tholica,
557 1552 632 1602 Et
685 1555 912 1603 servant
954 1565 1052 1601 vos
1101 1555 1366 1616 tanquam
1410 1553 1516 1602 tria
1560 1568 1765 1618 magna

259 1637 596 1688 candelabra
655 1637 771 1688 sive
829 1636 1105 1688 lucernas.
1190 1637 1267 1686 Et
1324 1637 1501 1702 aliqui
1558 1637 1769 1690 addunt

258 1727 514 1786 quartum
564 1723 718 1774 velut
765 1736 932 1771 unam
983 1722 1293 1787 lampadem
1342 1724 1463 1775 eive
1521 1722 1766 1788 pendens

256 1808 440 1858 lumen
475 1807 619 1871 quod
651 1823 760 1858 non
783 1811 897 1858 tam
923 1806 1074 1857 clare
1099 1807 1378 1873 splendet,
1418 1810 1637 1860 scilicet
1671 1809 1767 1861 do-

254 1892 460 1942 minum
493 1892 792 1943 Iohannem
825 1891 1193 1943 Pfefferkorn.
1250 1893 1370 1959 Ego
1398 1895 1557 1946 credo
1584 1895 1635 1945 si
1665 1911 1767 1948 vos

257 1982 492 2042 quatuor
519 1993 637 2028 cum
661 1982 847 2030 vestra
875 1979 1139 2042 scientia,
1174 1978 1456 2029 mediante
1479 1979 1616 2030 forti
1635 1979 1766 2045 palo

255 2064 313 2113 in
351 2064 540 2130 aliquo
580 2063 802 2116 excelso
838 2064 961 2115 loco
1001 2063 1274 2115 aridorum
1318 2063 1592 2130 lignorum
1640 2080 1764 2114 con-

256 2151 410 2214 gerie
437 2148 788 2214 exedificat0‚
827 2149 1024 2200 essetis
1051 2147 1329 2214 colligati,
1364 2152 1553 2214 posset
1578 2151 1769 2200 statim

255 2249 422 2283 unum
457 2249 711 2298 magnum
746 2234 841 2283 lux
876 2232 1063 2282 mundi
1085 2232 1231 2298 fieri,
1268 2235 1341 2284 Et
1366 2235 1533 2284 etiam
1560 2235 1767 2286 clarius

256 2334 419 2383 quam
454 2319 562 2369 fuit
595 2318 733 2368 illud
767 2319 825 2369 in
859 2318 1059 2368 Berua.
1132 2317 1241 2368 Sed
1274 2319 1407 2385 hec,
1446 2320 1763 2370 charissime

257 2405 557 2469 avuncule,
594 2404 878 2456 vobiscum
912 2419 1010 2468 pro
1048 2419 1193 2454 nunc
1230 2405 1399 2457 iocor.
1472 2404 1637 2471 Spero
1676 2407 1762 2456 ta-

255 2505 379 2539 men
436 2493 590 2540 extra
643 2490 823 2539 iocum
879 2490 1125 2539 futurum
1170 2489 1313 2554 quod
1358 2507 1457 2542 vos
1506 2493 1765 2555 quattuor

257 2573 412 2623 eritis
449 2573 543 2622 lux
577 2573 763 2622 mundi
797 2573 942 2624 fierit
980 2575 1120 2625 Nam
1155 2591 1265 2625 non
1300 2578 1385 2624 est
1408 2575 1677 2639 possibile
1702 2580 1767 2626 ut

252 2657 354 2707 illa
399 2672 599 2722 magna
639 2657 875 2708 scientia
920 2673 1026 2725 quq
1076 2663 1161 2709 est
1204 2661 1261 2709 in
1304 2649 1491 2723 vobis}
1539 2660 1769 2711 deberet

255 2742 338 2792 sic
370 2741 428 2791 in
463 2740 684 2792 'merdro
725 2757 949 2794 manere
996 2746 1197 2794 iacere.
1267 2744 1371 2794 Est
1414 2744 1549 2795 mihi
1594 2747 1767 2796 etiam
