1942 3109
263 233 330 286 34
389 247 768 285 rnrnmconm
795 247 1035 284 narnus.
1056 247 1277 285 conum
1303 245 1506 284 naon.
1530 249 1779 288 0.v.nr1².

261 356 480 418 terium,
515 357 705 405 varias
739 353 1192 418 multIplicesque
1228 353 1453 422 hereses
1488 355 1547 404 in
1582 355 1783 408 eisdem

265 439 435 489 etiam
481 442 675 490 contra.
716 437 898 503 legem
942 452 1101 488 suam
1145 437 1671 505 disseminaverunt,
1726 447 1785 492 ut

263 523 491 576 tradunt
524 522 805 586 doctoreS,
852 523 1091 574 maxime
1125 523 1515 588 Innocentiu8‚
1551 524 1783 577 Ioannes

261 608 481 676 Andree
499 611 556 659 et
566 608 995 660 Panormitanue
1012 609 1072 658 in
1092 623 1217 673 cap.
1242 609 1329 659 De
1346 612 1476 659 voto
1496 613 1553 660 et
1566 611 1686 660 voti
1701 626 1778 662 re·

261 693 596 758 demptione,
617 708 804 742 omnes
823 692 995 742 libros
1013 707 1143 743 suos
1163 693 1587 758 quibuscunque
1610 695 1785 745 titulis

259 778 562 842 inscriptos
616 777 916 827 exhibeant
965 775 1302 842 tradentque
1339 777 1639 830 diocesano
1682 780 1779 830 sub

264 875 372 926 quo
396 863 588 925 agunt,
601 865 658 910 et
677 861 1000 924 inquisitori
1017 861 1265 930 heretice
1286 863 1583 927 pravitatis
1608 863 1683 914 Et
1704 877 1783 914 re-

263 945 621 1011 quisitionem
639 945 934 996 eorundem
954 945 1025 996 ad
1042 945 1433 1012 indagandum,
1450 962 1655 1013 cognos
1662 963 1783 998 cen-

263 1031 390 1082 dum
415 1047 488 1081 an
525 1027 610 1094 (ut
632 1036 719 1082 est
741 1029 971 1095 publica
1006 1045 1114 1082 vox
1150 1034 1206 1080 et
1239 1029 1413 1096 fama)
1442 1031 1683 1099 predicti
1716 1033 1786 1082 li-

261 1117 349 1166 bri
371 1114 666 1182 Iudeorum
687 1115 800 1164 sint
823 1115 968 1165 tales
1007 1113 1093 1177 (ut
1115 1114 1521 1181 prescribitur),
1560 1115 1713 1177 Quod
1736 1119 1792 1166 si

262 1200 478 1250 trutina
531 1202 892 1263 examineque
947 1199 1235 1262 utriusque
1280 1197 1473 1268 lingue
1530 1203 1642 1248 tam
1699 1199 1789 1250 la-

262 1284 381 1353 tine
427 1299 594 1349 quam
636 1284 842 1352 hebree
877 1285 1179 1348 peritorum
1222 1283 1466 1333 virorum
1501 1283 1789 1348 adhibitis,

263 1369 557 1434 depravati
591 1369 914 1434 heresisque
960 1367 1093 1418 labe
1142 1367 1532 1418 commaculati
1577 1371 1790 1432 reperti

265 1455 321 1504 et
358 1453 570 1516 cogniti
601 1452 839 1514 fuerint,
887 1450 1217 1502 ordinarius
1254 1451 1364 1502 sibi
1402 1450 1664 1502 adiuncto
1700 1455 1787 1502 in-

263 1535 530 1600 quisitore
588 1533 836 1601 heretice
895 1535 1193 1598 pravitatis
1252 1537 1575 1600 interponat
1626 1538 1789 1588 vices

263 1634 422 1684 suae,
459 1621 517 1668 et
554 1632 676 1668 cum
709 1617 1022 1670 huiusmodi
1059 1619 1220 1670 libris
1258 1623 1395 1684 agat
1430 1620 1792 1683 quemadmo-

263 1704 390 1753 dum
437 1718 558 1753 cum
602 1703 762 1754 libris
806 1703 1181 1770 hereticorum
1227 1705 1323 1769 agi
1359 1705 1680 1768 consuevit,
1732 1711 1797 1756 et

263 1789 433 1840 etiam
469 1787 922 1852 quemadmodum
969 1788 1102 1838 olim
1150 1803 1272 1838 cum
1320 1788 1527 1839 eisdem
1572 1788 1667 1839 vel
1708 1791 1796 1841 eie

263 1873 564 1937 similibuS,
602 1876 666 1924 ut
698 1872 892 1924 Ioann.
929 1873 989 1922 in
1022 1872 1212 1923 Innoc.
1252 1871 1302 1921 d.
1332 1887 1379 1922 c.
1419 1872 1580 1936 Quod
1615 1888 1799 1938 super

263 1963 320 2010 et
341 1957 571 2010 Felinus
595 1961 654 2010 in
691 1973 745 2008 ο(
766 1956 1051 2009 Canonum
1076 1960 1289 2008 statuta
1310 1957 1397 2008 De
1434 1958 1801 2009 constitutio-

260 2044 424 2096 nibus
453 2060 522 2094 .x.
552 2043 658 2094 col.
681 2043 948 2107 referunt,
984 2059 1085 2108 per
1118 2056 1355 2092 summos
1390 2041 1681 2105 pontifices
1706 2044 1803 2092 vi-

263 2128 469 2180 delicet
490 2127 817 2192 Gregorium
843 2131 898 2177 et
908 2126 1297 2178 Innocentium
1321 2130 1576 2191 quartum
1600 2129 1807 2177 actum

265 2216 374 2274 est,
414 2210 523 2272 Qui
558 2210 732 2261 libros
767 2209 1059 2276 Iudeorum
1096 2211 1343 2261 comburi
1376 2211 1650 2275 fecerunt,
1689 2227 1805 2276 pu·

262 2294 595 2357 nieruntque
631 2292 894 2344 docentes
941 2297 997 2344 et
1030 2297 1287 2346 tenentes
1321 2295 1546 2363 hereses
1580 2296 1641 2345 in
1682 2295 1808 2347 eis-

263 2379 388 2429 dem
425 2381 714 2429 contentas
733 2417 748 2444 ,
787 2376 1256 2442 Quemadmodum
1292 2381 1463 2430 etiam
1498 2378 1813 2445 eleganter

261 2461 691 2514 iurisconsultus
728 2465 787 2513 in
810 2463 875 2514 L.
903 2461 1103 2531 cetere
1129 2465 1411 2530 Digestor.
1436 2463 1635 2515 Famil.
1664 2463 1811 2514 her-

265 2545 398 2594 cisc.
425 2543 494 2594 de
529 2544 689 2596 libris
715 2549 1023 2615 improbate
1060 2540 1319 2599 lectionis
1354 2549 1497 2600 forte
1532 2549 1815 2613 magieiS,

265 2631 322 2677 et
373 2627 460 2678 his
513 2629 788 2680 similibus
835 2632 958 2683 fore
1011 2633 1278 2700 precipit,
1340 2631 1478 2682 Cum
1530 2634 1816 2696 protinus

264 2711 485 2764 eosdem
527 2713 660 2763 boni
703 2717 760 2764 et
802 2714 1119 2769 innocentis
1170 2716 1372 2768 iudicis
1426 2715 1609 2767 officio
1670 2732 1816 2768 cor-
