1942 3109
660 234 726 280 50.
747 237 965 276 Anonri
992 237 1328 278 cumesses.
1438 219 1446 224 ’
1655 223 1757 276 315

225 351 288 400 et
337 343 626 396 essentia'.
704 343 1007 409 Postquam
1062 342 1203 394 dixit
1256 343 1425 409 talia,
1477 343 1757 410 Respondi

231 447 338 498 ego
393 427 709 480 ‘Custodiat
763 445 846 480 me
895 429 1143 480 dominus
1178 428 1339 494 deus,
1388 430 1518 495 quid
1554 429 1753 480 audio?

233 517 355 568 Vos
396 513 462 565 do
507 513 662 564 facto
711 515 846 564 estis
893 517 1436 567 excommunicatus':
1496 519 1551 566 et
1601 515 1757 566 volui

242 601 398 650 abire
441 599 510 650 ab
561 615 646 650 eo.
717 603 848 649 tunc
894 601 1076 651 tenuit
1122 617 1207 650 me
1252 600 1442 650 dicens
1481 598 1753 650 ‘Audiatis

237 690 424 736 tamen
479 683 676 734 finem’.
763 684 1042 752 Respondi
1096 683 1255 737 ‘Nolo
1312 683 1503 736 audire
1560 682 1752 734 finem'.

229 773 392 822 Tunc
439 769 579 820 dixit
627 767 897 820 ‘Audiatis
945 786 1075 836 ergo
1123 770 1299 821 solum
1345 767 1613 834 quomodo
1660 783 1752 819 ex-

225 871 434 924 ponam
479 857 724 907 vestram
766 855 1148 920 prophetiam'.
1232 859 1291 906 et
1338 855 1585 920 cogitavi
1637 869 1753 904 me·

230 957 354 993 cum
389 939 540 1005 quod
571 938 700 990 volo
737 939 957 988 audire:
1008 940 1139 1002 quia
1182 938 1324 988 nihil
1356 943 1523 990 nocet
1559 938 1751 990 audire

233 1041 396 1078 unum
454 1022 1013 1086 excommunicatum,
1067 1021 1350 1073 dummodo
1396 1022 1600 1086 aliquis
1644 1038 1755 1072 non

233 1111 372 1162 bibit
423 1108 520 1162 vel
575 1105 814 1158 comedit
865 1121 1067 1158 secum.
1161 1107 1319 1157 Tunc
1376 1107 1589 1171 incepit
1644 1107 1754 1156 sict

229 1194 583 1258 “Attendite,
621 1209 652 1243 o
685 1207 786 1244 vos
821 1189 1139 1257 philosophi
1175 1191 1590 1244 Colonienses”:
1633 1192 1756 1242 Non

232 1280 372 1331 dixit
406 1277 776 1343 “Theologi”,
823 1276 921 1328 sed
965 1275 1375 1343 “philosophi’':
1424 1278 1556 1342 quia
1600 1276 1754 1326 theo·

225 1367 382 1430 logia
427 1362 840 1415 coloniensium
893 1363 1079 1428 potius
1136 1368 1222 1414 est
1275 1362 1625 1428 philosophia
1679 1359 1755 1411 ‘id

234 1453 326 1501 est
365 1449 464 1500 Ars
513 1448 857 1514 sophistica,
916 1462 1079 1512 quam
1137 1447 1443 1514 Theologia
1498 1446 1752 1511 dicenda,

232 1535 368 1601 quia
425 1534 567 1584 nihil
625 1531 778 1584 aliud
837 1538 922 1584 est
979 1549 1143 1598 quam
1201 1533 1505 1600 garrulitas
1560 1532 1750 1585 diabo-

219 1622 346 1672 lica
396 1624 453 1668 et
497 1619 676 1668 inanis
723 1619 1053 1683 loquacitas.
1127 1618 1245 1671 “Ne
1294 1620 1413 1685 lupi
1456 1620 1749 1685 rapaccs’',

223 1701 463 1755 scilicet
510 1700 740 1752 Iacobus
796 1701 862 1754 de
907 1703 1310 1768 Hochstraten,
1368 1702 1639 1754 Arnoldus
1684 1703 1750 1754 de

227 1786 488 1849 Tungari
532 1789 586 1848 et
629 1788 865 1852 similes,
913 1790 1010 1853 qui
1052 1788 1305 1838 falsitate
1359 1792 1414 1839 et
1464 1787 1752 1840 fraudibus

234 1871 360 1922 suis
412 1868 678 1921 violenter
743 1877 798 1924 et
851 1872 1115 1923 ferociter
1167 1871 1439 1924 invadunt
1488 1874 1751 1924 innocon-

231 1959 326 2005 tes
373 1968 529 2019 oves,
584 1955 776 2020 quales
821 1961 950 2008 sunt
1006 1961 1063 2007 et
1115 1957 1340 2008 fuerunt
1391 1958 1588 2008 Petrus
1641 1958 1750 2008 Ra-

226 2055 448 2096 vennas
485 2044 540 2090 et
573 2041 849 2092 Iohannes
883 2040 1184 2106 Reuchlin‚
1227 2041 1481 2092 volentes
1528 2057 1621 2091 eos
1656 2040 1750 2090 de-

233 2126 452 2178 clarare
498 2126 776 2194 hereticos
821 2130 1043 2192 propter
1086 2125 1391 2176 doctrinam
1434 2129 1490 2178 et
1534 2125 1751 2176 laudem

241 2224 392 2262 suam
440 2211 531 2260 cui
575 2211 684 2277 ipsi
739 2211 1007 2263 invident.
1078 2211 1152 2262 Et
1196 2213 1329 2277 quia
1371 2212 1563 2264 vident
1606 2211 1750 2276 quod

235 2294 340 2360 ipsi
383 2311 496 2346 non
540 2299 776 2361 possunt
817 2297 959 2348 talia
1006 2296 1225 2348 efficere
1274 2298 1469 2363 qualia
1512 2299 1610 2348 isti
1655 2298 1750 2349 do-

231 2380 472 2430 ctissimi
506 2380 642 2430 viris
687 2396 816 2446 ergo
852 2381 1064 2434 vellent
1097 2383 1337 2434 libenter
1370 2382 1599 2448 perdere
1636 2398 1748 2434 eos.

229 2463 310 2513 Hi
341 2467 476 2515 sunt
510 2462 681 2528 igitur
713 2463 830 2530 lupi
867 2480 1097 2531 rapaces
1125 2467 1220 2531 qui
1242 2466 1575 2517 insidiantur
1598 2469 1747 2533 famo

237 2562 304 2598 ac
337 2551 454 2616 vite
492 2549 862 2600 innocentum.
920 2551 1001 2600 Et
1030 2553 1111 2601 sic
1146 2567 1246 2616 per
1280 2555 1489 2616 septem
1513 2553 1623 2603 iam
1650 2567 1747 2604 an-

231 2647 332 2684 nos
368 2637 676 2699 rapuerunt
710 2639 766 2686 et
799 2639 1183 2686 tractaverunt
1205 2636 1463 2686 hincinde
1488 2638 1747 2686 miserum

230 2733 424 2772 senem
466 2717 770 2770 Iohannem
803 2717 1099 2768 Reuchlin:
1148 2723 1205 2768 et
1248 2719 1359 2768 nisi
1402 2718 1749 2778 omnipotens
