1942 3109
1045 4 1060 6 .,
1099 2 1324 12 ᾑἿ-.,,,.-.-.,
1399 2 1564 10 --..,--

233 263 618 311 reruniconu
642 261 718 299 An
741 261 918 299 nunu.
943 255 1657 299 con-ruxuc.nr.n.s.151e.
1727 242 1765 293 9

231 370 394 425 nulla
427 370 546 425 alia
581 382 757 421 causa.
789 366 1067 433 deponere
1090 339 1375 417 :nauci-m
1396 382 1508 417 non
1530 373 1765 433 possunt

235 472 418 522 neque
472 455 688 508 volunt.
761 452 1168 519 Comparantur
1223 452 1369 503 enim
1414 452 1535 518 igni
1581 456 1761 519 sopito

237 543 337 607 qni
377 546 442 591 ut
483 542 682 593 iterum
725 539 1125 601 inflammatur,
1184 537 1268 587 sic
1316 542 1372 587 et
1418 542 1615 589 contra
1660 553 1761 589 nos
1849 569 1854 574 ·

232 626 412 695 Iudei.
477 626 620 677 Nam
645 623 719 675 ad
741 628 956 688 tempus
982 626 1271 673 cessantes
1295 622 1567 687 paulatim
1600 624 1761 675 nobis

231 712 662 765 dormitantibus
707 709 874 759 falsis
921 708 1035 759 suis
1074 706 1359 759 codicibus
1395 708 1761 760 reincendun-

233 804 324 849 tur
369 801 427 847 et
469 795 527 847 id
573 793 794 861 quidem
835 793 1018 845 indies
1062 794 1241 859 magis
1291 809 1359 844 ac
1402 795 1581 860 mag-is
1616 794 1763 845 nulli

231 882 460 949 malicie
496 880 777 948 diabolice
812 881 1127 945 parcentes.
1204 870 1257 929 (I
1292 881 1559 947 Preterea
1580 880 1758 931 inter·

233 970 464 1031 rogatus
500 980 620 1017 sum
656 966 726 1017 ab
765 964 960 1016 eadem
1009 965 1187 1029 ipsius
1220 965 1559 1017 Reverentia
1594 969 1651 1017 et
1687 967 1759 1016 ab

237 1050 370 1101 aliis
427 1050 596 1101 etiam
650 1049 901 1101 honestis
958 1048 1101 1101 viris
1160 1064 1233 1099 an
1277 1049 1385 1101 hoc
1432 1053 1582 1099 esset
1626 1050 1761 1099 mihi

234 1139 574 1201 compertum
609 1137 666 1186 et
698 1150 908 1198 verum,
945 1133 1092 1199 quod
1113 1133 1273 1202 Iudei
1309 1137 1639 1200 cogerentur
1661 1134 1759 1185 ha-

231 1223 370 1273 bere
414 1220 740 1286 sanguinem
789 1220 1153 1271 christianum
1183 1218 1193 1285 Ι
1224 1236 1293 1269 ac
1338 1236 1405 1269 eo
1448 1220 1535 1269 uti
1580 1219 1651 1269 ad
1694 1215 1894 1280 li-gaiij

233 1304 496 1357 niendum
545 1320 668 1357 sese
715 1321 785 1357 ne
831 1306 1050 1356 feteant
1095 1312 1194 1357 aut
1236 1304 1445 1356 sordidi
1480 1308 1761 1369 notentur,

232 1393 323 1442 uti
367 1392 668 1442 communis
713 1394 800 1441 est
834 1391 1002 1441 fama.
1072 1388 1355 1456 Respondi
1390 1404 1493 1455 ego
1527 1405 1627 1455 per
1658 1392 1761 1441 im-

231 1464 526 1529 moitalem
580 1476 772 1527 iurans
828 1475 990 1527 deum
1044 1474 1190 1539 quod
1242 1475 1349 1542 hec
1384 1479 1583 1527 -essent
1624 1477 1763 1527 mihi

231 1576 460 1629 prorsus
484 1562 793 1627 incognita.
864 1560 1073 1611 Rursus
1098 1563 1472 1627 interrogatus
1497 1576 1635 1626 sum,
1671 1562 1759 1613 Ex

235 1663 346 1711 quo
395 1644 834 1696 Christianorum
885 1645 1055 1697 liberi
1098 1660 1265 1710 quam
1309 1647 1599 1713 sepissime
1644 1648 1761 1697 sint

232 1729 586 1795 martyrizati
621 1744 656 1779 a
678 1729 884 1798 Iudeis,
921 1735 979 1781 et
1012 1732 1125 1797 ipsi
1160 1746 1227 1781 ex
1262 1746 1553 1796 puerorum
1586 1747 1759 1783 venu-

230 1817 308 1867 lis
342 1815 672 1881 sanguinem
705 1816 976 1879 miserint,
1013 1821 1070 1867 et
1104 1815 1250 1866 hunc
1285 1830 1383 1880 per
1416 1830 1605 1867 omnes
1626 1832 1756 1882 syn-

235 1914 450 1965 agogas
494 1910 625 1951 suas
671 1900 984 1964 diviserint,
1031 1899 1101 1951 ad
1147 1900 1281 1964 quid
1316 1904 1503 1952 tamen
1536 1906 1759 1953 uteren-

233 1990 328 2035 tur
359 1984 634 2050 sanguine
668 1984 806 2037 illo?
841 1986 1001 2036 Tunc
1035 1984 1212 2037 denuo
1248 1984 1535 2049 respondi,
1582 1988 1634 2037 si
1666 1987 1759 2037 Iu·

229 2072 324 2139 dei
359 2074 589 2137 possent
624 2070 975 2123 Christianos
1007 2070 1159 2121 viros
1195 2069 1277 2120 ita
1312 2071 1580 2134 consequi
1612 2072 1762 2124 sicut.

230 2155 577 2217 infantulos,
635 2156 1001 2221 proculdubio
1059 2169 1223 2207 senes
1281 2170 1405 2207 cum
1448 2156 1759 2209 iunioribus

229 2239 626 2293 interficerent.
711 2240 869 2305 Quod
938 2245 1123 2292 autem
1189 2245 1420 2293 utantur
1488 2244 1759 2309 sanguine

233 2325 586 2389 Christiano,
643 2326 780 2377 mihi
833 2342 904 2377 ex
947 2330 1069 2377 toto
1114 2341 1226 2377 non
1270 2331 1359 2377 est
1402 2332 1757 2393 compertum.

228 2412 358 2465 Hoc
405 2414 593 2463 autem
636 2410 773 2461 mihi
817 2411 1167 2476 exploratum
1213 2414 1324 2474 est,
1382 2411 1528 2475 quod
1570 2413 1757 2481 Iudeis

229 2512 392 2552 suam
441 2511 636 2549 cenam
683 2495 1009 2561 paschalem
1066 2495 1483 2547 celebrantibus
1536 2497 1647 2563 ipsi
1698 2498 1759 2549 in

229 2596 482 2633 mensam
527 2583 802 2646 reponant
846 2585 961 2632 tres
1007 2595 1182 2644 panes
1230 2582 1327 2646 qui
1372 2597 1408 2632 a
1443 2578 1641 2649 Grecis
1674 2583 1757 2633 di-

233 2668 434 2717 cuntur
482 2665 676 2729 azimi,
724 2669 782 2717 et
826 2663 1045 2730 poculis
1090 2665 1280 2719 vinum
1322 2665 1623 2715 infundant
1668 2680 1757 2713 ru·

232 2750 417 2801 heum.
487 2749 690 2803 Manus
713 2749 884 2814 igitur
906 2761 1041 2799 suas
1061 2748 1193 2803 vino
1226 2749 1415 2799 decies
1446 2746 1759 2797 imbuentes
