1942 3109
340 167 406 210 40.
431 173 550 208 1011.
577 171 768 208 eurr.
805 167 868 210 41.
897 174 1128 210 smoms
1155 177 1477 230 rocoyonll.
1571 163 1671 214 287

155 281 288 330 bent
329 291 548 326 sacrum
593 276 778 326 oleum
821 277 878 325 in
915 276 1163 329 civitate
1208 282 1527 343 permittere
1570 297 1671 347 pro

157 361 420 414 communi
455 359 640 410 salute
667 360 958 410 hominum.
1019 361 1150 412 Alia
1172 378 1317 415 nova
1340 380 1450 415 non
1472 365 1671 417 habeo.

157 445 262 497 Sed
295 460 392 495 vos
428 445 601 494 etiam
637 444 779 494 nihil
813 447 1059 497 scribitis
1082 448 1234 497 mihi.
1300 447 1523 514 [Nescio
1548 465 1671 514 pro-

153 532 302 582 fecto
337 527 608 592 quomodo
643 527 888 579 demerui
921 529 991 580 de
1026 533 1343 583 reverentia
1376 531 1613 599 vestra]

219 611 548 664 Commendo
585 627 683 664 vos
719 611 935 663 domino
972 613 1106 678 deo,
1210 616 1306 678 qui
1341 631 1441 666 vos
1490 621 1676 666 custo-

622 696 740 746 diat
785 697 931 760 quod
976 701 1115 750 estis
1149 700 1313 750 fortis
1349 701 1497 750 sieut
1530 701 1675 763 Leo,

215 782 455 832 Pulcher
499 783 650 832 sicut
692 780 964 844 Absolon,
1068 783 1315 835 Prudens
1366 785 1516 836 sieut
1572 784 1674 834 Sa-

623 866 835 929 lomon‚

213 951 388 1000 Dives
431 951 582 1001 sicut
628 949 900 1013 Asnaus,
1005 950 1313 1000 Poetiealis
1371 952 1517 1000 sieut
1562 953 1675 1001 Ho-

621 1049 830 1098 merus,

213 1121 290 1168 Et
322 1123 554 1169 sanctus
590 1119 738 1168 sicut
771 1118 1047 1169 Iohannes
1084 1119 1364 1183 Baptista.
1470 1118 1675 1168 Moria-

623 1206 712 1252 tur
745 1203 1023 1252 Reuehlin
1057 1203 1291 1266 Iurista„

214 1288 334 1338 Nec
377 1303 487 1336 non
532 1291 712 1352 poetae
758 1287 1074 1354 seculares,
1180 1288 1278 1351 qui
1322 1287 1503 1338 adhue
1549 1303 1675 1352 pos-

624 1374 750 1420 sent
786 1383 908 1422 esse
942 1372 1118 1421 vestri
1152 1370 1454 1422 scholares.

142 1457 299 1506 Ecce
337 1470 447 1504 non
482 1455 634 1505 volui
671 1455 862 1507 faeere
900 1454 1163 1505 Carmina
1210 1459 1267 1506 et
1312 1459 1495 1506 tamen
1542 1458 1673 1520 feei,

142 1539 244 1590 sed
283 1539 476 1588 nese-io
512 1539 756 1602 qualiter
789 1540 944 1589 venit
980 1538 1125 1602 quod
1159 1540 1291 1590 feci.
1362 1541 1515 1590 Laus
1550 1540 1672 1590 deo.

141 1624 220 1672 Et
257 1623 344 1672 sic
379 1626 467 1672 est
500 1622 642 1672 finis·
711 1623 896 1673 Telos·
967 1621 1159 1672 Amen.
1232 1624 1675 1688 Tetragramma-

139 1711 262 1758 ton.
337 1706 542 1755 Datum
575 1706 820 1772 Romane
859 1705 1045 1770 Curio.

869 1956 954 2009 41.

229 2077 286 2134 ([
329 2073 732 2158 Magister
777 2071 1049 2136 Simon
1094 2069 1592 2156 Pocoporius

437 2177 778 2242 Magistro
817 2174 1105 2225 Ortvino
1142 2173 1384 2225 Gratio

534 2259 786 2310 Salutem
821 2259 1115 2324 plurimam
1150 2257 1308 2308 dicit.

241 2377 550 2430 ‘Mirabilis
575 2378 734 2429 facta
757 2379 842 2426 est
863 2375 1113 2426 Scientia
1132 2379 1316 2424 tua-ex
1337 2391 1444 2439 me,
1468 2376 1684 2428 confor-

124 2467 266 2514 tata
277 2466 388 2526 est,
404 2466 462 2512 et
481 2477 592 2511 non
609 2463 804 2523 potero
827 2459 898 2510 ad
917 2460 1077 2510 eam‘.
1098 2458 1415 2509 Psalmista.
1430 2459 1685 2526 Heever-

123 2547 208 2596 ba
237 2549 484 2611 possunt
504 2544 855 2608 appropriari
885 2543 1021 2591 mihi
1050 2541 1281 2602 directe,
1310 2541 1530 2604 quando
1556 2558 1683 2592 eon-

121 2630 334 2681 sidero
360 2630 693 2680 Doctrinam
717 2626 1113 2678 dominationis
1136 2627 1326 2688 vestre
1362 2637 1529 2684 quam
1562 2635 1685 2684 per-
