1942 3109
230 262 299 313 22
366 270 747 312 rsrnmeonm
772 266 1246 310 nursxsmowrm
1271 264 1749 307 FAMOSQNAEPP.

232 378 513 448 habitant)
550 379 887 448 provincias,
922 378 1125 442 quibus
1160 392 1274 428 rem
1309 392 1521 429 omnem
1555 392 1656 443 pro
1689 392 1755 428 se

236 467 306 519 ad
328 471 543 533 tempus
566 466 811 517 feliciter
835 467 1020 515 actam
1041 478 1252 515 summa
1286 462 1480 530 leticia
1515 477 1758 513 commu-

233 556 511 604 nicarunt.
578 552 737 602 Nunc
773 548 1108 613 auscultate,
1145 565 1176 599 o
1210 564 1310 600 vos
1335 546 1659 611 Christiani,
1695 549 1761 597 in

96 632 214 703 {aijb
232 652 343 693 uno
380 638 525 689 enim
548 637 655 702 ipsi
676 635 912 687 sabbato
947 634 1262 685 habuerunt
1291 631 1300 699 Ι
1329 648 1584 699 magnum
1619 648 1758 699 gau-

234 724 385 775 dium
420 722 722 775 secundum
754 734 961 770 morem
995 733 1155 770 suum
1191 734 1260 769 ac
1294 718 1499 769 malam
1525 732 1756 769 consue·

236 808 501 872 tudinem,
535 808 594 857 in
622 803 1019 857 contumeliam
1041 804 1203 855 nobis
1229 802 1560 853 Christianis
1584 802 1758 853 adau—

236 897 405 945 ctum.
480 892 599 955 Quo
648 891 817 941 etiam
860 894 1109 955 tempore
1158 889 1495 940 contumelia
1552 888 1760 939 affece-

235 984 367 1031 runt
422 976 745 1031 venerabile
804 977 1212 1027 sacramentum
1269 975 1331 1023 in
1383 974 1636 1038 Pei-lino,
1694 977 1761 1023 ut

238 1080 409 1131 supra
446 1064 651 1115 dictum
687 1066 791 1113 est.
862 1060 972 1112 Sed
1005 1064 1300 1125 postquam
1323 1059 1764 1124 gratiosissimus

240 1150 491 1201 dominus
525 1162 679 1199 meus
712 1146 1072 1211 Moguntinus
1111 1148 1168 1194 et
1203 1144 1304 1194 alii
1347 1144 1565 1195 honesti
1597 1140 1761 1193 chri-

242 1235 415 1287 stiani
450 1233 711 1285 audivere
751 1230 1142 1283 contumeliam
1177 1229 1388 1279 factam
1423 1230 1482 1279 in
1513 1226 1766 1293 Perlino‚

242 1329 301 1373 et
346 1320 493 1385 quod
532 1318 718 1386 Iudeis
764 1317 893 1368 libri
936 1317 1125 1367 essent
1167 1313 1439 1379 restituti,
1485 1313 1592 1363 fuit
1635 1328 1768 1363 eam

242 1406 313 1456 ob
362 1420 477 1455 rem
520 1403 860 1454 Reverentia
905 1400 1080 1466 ipsius
1123 1399 1360 1450 maxime
1414 1398 1766 1464 perturbata,

240 1488 490 1538 Putabat
522 1488 671 1536 enim
706 1487 885 1535 satius
922 1500 1044 1535 esse
1080 1484 1196 1536 tale
1231 1484 1522 1551 negocium
1544 1499 1654 1534 non
1677 1483 1770 1533 in-

242 1572 463 1637 cepisse
510 1582 675 1634 quam
718 1568 865 1619 male
909 1570 1258 1621 terminasse.
1324 1570 1634 1635 Propterea
1669 1584 1772 1620 co-

243 1657 469 1723 gitabat
510 1654 748 1719 optimus
792 1653 891 1704 ille
938 1654 1201 1721 princeps
1245 1655 1351 1706 hoc
1393 1654 1552 1705 nullo
1595 1659 1772 1720 pacto

246 1756 369 1792 esse
416 1738 828 1791 admittendum.
896 1739 1108 1790 Rursus
1151 1740 1324 1805 igitur
1364 1756 1450 1791 me
1495 1739 1648 1789 misit
1697 1740 1776 1789 ad

240 1825 595 1891 imperatoris
634 1826 843 1875 curiam
890 1824 962 1875 ad
1005 1824 1451 1888 sollicitandum,
1495 1828 1560 1875 ut
1595 1823 1776 1891 Cesa—

245 1926 344 1962 rea
378 1910 645 1961 maiestas
681 1910 852 1961 latius
890 1911 1044 1961 circa
1075 1908 1217 1961 illud
1250 1912 1542 1975 negocium
1577 1924 1779 1960 curam

244 1997 453 2048 habere
488 1996 827 2063 dignaretur.
898 1996 974 2046 Et
1005 1996 1090 2047 sic
1123 1996 1338 2061 ingenti
1373 1994 1563 2047 labore
1599 2010 1781 2045 unam

248 2083 689 2137 commissionem
721 2086 921 2133 nactus
956 2096 1076 2133 sum
1109 2080 1178 2132 de
1211 2081 1382 2133 verbo
1428 2079 1500 2131 ad
1539 2080 1786 2133 verbum

246 2170 327 2219 sic
364 2170 669 2219 sonantem.

350 2252 481 2302 Nos
504 2248 1026 2301 Maximilianus
1061 2249 1252 2301 divina
1275 2252 1502 2303 favente
1531 2250 1786 2303 clemen—

247 2338 330 2387 tia
366 2335 581 2387 electus
616 2334 987 2385 Romanorum
1029 2335 1328 2401 imperator
1365 2340 1442 2387 .et
1465 2352 1513 2387 c.
1584 2337 1784 2389 Vene-

247 2419 447 2473 rabilis
496 2418 660 2471 chare
708 2435 880 2485 nepos
928 2424 984 2471 et
1019 2421 1236 2487 imperii
1270 2421 1482 2473 elector
1514 2420 1638 2473 Non
1671 2421 1788 2472 du—

248 2505 494 2555 bitamus
536 2506 677 2569 quin
721 2510 820 2556 tus.
854 2506 1100 2557 charitas
1134 2506 1344 2567 habeat
1377 2506 1556 2557 adhuc
1590 2508 1650 2555 in
1687 2522 1788 2557 re-

252 2590 402 2637 centi
436 2588 700 2639 memoria
732 2591 1024 2654 negocium
1067 2590 1192 2654 hoc,
1241 2589 1386 2655 quod
1419 2590 1792 2641 Iudaicorum

248 2671 513 2723 librorum
560 2687 733 2722 causa
766 2676 1012 2737 tempore
1047 2678 1246 2725 exacto
1293 2675 1666 2739 suscepimus,
1723 2680 1794 2727 et

252 2755 399 2821 quod
438 2772 605 2825 super
639 2756 745 2806 hoc
780 2772 881 2807 nos
914 2761 974 2807 te
1010 2772 1133 2807 cum
1179 2757 1466 2808 nonnullis
1499 2759 1794 2811 universi—
