1942 3109
444 225 508 271 63.
535 221 621 277 [1.]
647 232 874 269 munus
897 232 1449 271 nn-scawmronms.
1604 218 1700 271 351

190 338 332 389 nihil
369 336 596 389 deberet
629 337 806 402 magis
850 337 1122 402 seribere,
1172 336 1259 389 ‘ne
1309 338 1547 389 deterius
1596 339 1705 389 sibi

193 422 408 487 aliquid
465 422 788 486 contingat',
835 424 896 471 ut
939 420 1079 471 dicit
1123 421 1369 473 dominus
1415 427 1604 473 noster
1646 423 1705 473 111

192 508 507 573 evangelio,
577 506 739 557 Prius
786 507 928 556 enim
974 508 1031 556 in
1068 506 1305 571 Speculo
1352 507 1582 558 Oculari
1620 510 1703 557 sic

191 594 416 658 scripsit
467 592 798 642 mirabiliter
849 590 996 655 quod
1050 592 1306 656 magistri
1362 593 1536 643 nostri
1596 609 1705 643 non

191 681 488 743 potuerunt
530 676 873 741 intelligere:
927 680 985 726 et
1029 679 1215 727 tamen
1260 675 1517 727 dixerunt
1562 678 1705 741 quod

193 766 279 813 est
323 763 630 828 hereticus:
677 760 798 812 ideo
846 762 977 825 quia
1022 776 1131 811 non
1174 761 1382 813 habent
1424 762 1509 813 sic
1543 763 1601 813 in
1636 762 1702 812 li-

189 850 306 898 bris
346 848 488 910 suis,
524 848 670 897 sieut
701 846 798 897 ille
824 847 1079 911 scripsit,
1114 862 1293 911 neque
1318 863 1491 898 novus
1516 863 1702 899 eorum

189 932 482 996 theologus
538 946 697 995 quem
751 930 886 981 deus
941 931 1239 981 suscitavit
1293 948 1359 981 ex
1404 931 1703 997 lapidibus,

193 1020 259 1065 ut
306 1019 454 1064 esset
495 1029 679 1065 semen
723 1014 971 1080 Abrahq,
1030 1015 1175 1065 sicut
1232 1015 1505 1079 scriptura
1552 1016 1705 1079 dicit,

190 1098 458 1151 videlicet
489 1100 727 1151 Ioannes
749 1098 1127 1163 Pfefferkorn,
1164 1098 1334 1149 habet
1369 1099 1450 1148 sic
1486 1115 1554 1149 ex
1589 1098 1701 1150 dei·

191 1186 298 1235 fica
321 1185 534 1249 visione
561 1201 659 1235 seu
683 1185 1165 1247 manifestatione,
1201 1181 1294 1233 vel
1318 1199 1385 1234 ex
1408 1183 1513 1238 fide
1536 1184 1705 1249 digna

192 1269 464 1320 relatione
502 1270 686 1321 uxoris
721 1284 841 1335 sue:
893 1283 1057 1332 quam
1096 1266 1283 1317 audivi
1308 1268 1475 1317 etiam
1500 1267 1704 1319 habere

193 1355 448 1419 spiritum
487 1354 796 1421 prophetie.
877 1352 945 1404 110
993 1368 1100 1417 quo
1145 1368 1245 1403 vos
1290 1352 1486 1402 melius
1546 1354 1706 1403 scitis

196 1452 360 1501 quam
397 1453 525 1503 ego:
563 1439 694 1503 quia
729 1453 862 1504 sepe
900 1453 1023 1489 cum
1060 1452 1128 1489 ea
1164 1437 1351 1487 fuistis
1379 1436 1703 1501 1111011110Ιο-

195 1539 368 1575 annes
393 1523 742 1575 Pfefferkorn
764 1539 875 1573 non
899 1524 1008 1575 fuit
1042 1524 1100 1572 in
1135 1521 1309 1573 domo.
1374 1521 1482 1573 Sed
1516 1523 1703 1573 nescio

193 1624 290 1674 per
333 1609 517 1672 deum,
567 1606 836 1672 quomodo
869 1598 1145 1659 Reuehlin
1192 1608 1267 1656 sit
1308 1622 1408 1673 per
1440 1624 1539 1659 vos
1577 1624 1703 1658 con·

195 1693 352 1742 fusus
390 1695 486 1741 aut
527 1705 626 1755 per
667 1706 888 1756 papam.
960 1691 1107 1753 Quia
1153 1691 1265 1740 iam
1310 1692 1565 1743 fecerunt
1607 1708 1705 1743 no-

193 1793 320 1829 vam
355 1774 686 1827 facultatem
721 1774 870 1825 ultra
905 1774 1050 1826 alias
1087 1779 1343 1839 quattuor
1377 1777 1703 1841 facultates,

199 1876 338 1925 quas
363 1861 473 1909 iam
496 1859 814 1910 habuimus:
840 1863 895 1909 et
920 1875 1105 1911 omnes
1131 1860 1216 1910 illi
1241 1846 1473 1911 laudant
1490 1860 1707 1912 Reueh-

198 1946 280 1995 lin
317 1947 372 1994 et
407 1942 596 1993 dicunt
639 1940 783 2005 quod
831 1946 957 1991 sunt
1004 1944 1121 1993 eius
1167 1944 1451 2009 discipuli:
1499 1950 1553 1995 et
1596 1962 1705 1997 11011

200 2031 398 2079 curant
434 2026 670 2091 amplius
705 2024 1037 2076 facultatem
1073 2024 1423 2091 Artisticam,
1462 2044 1526 2079 00
1563 2030 1707 2093 quod

197 2115 393 2177 artistq
439 2114 570 2169 sunt
612 2110 694 2160 ita
739 2110 927 2177 magni
971 2113 1027 2161 et
1070 2111 1293 2177 superbi
1345 2113 1515 2163 asini:
1574 2116 1705 2178 quia

197 2210 306 2244 non
331 2196 514 2244 sciant
538 2195 645 2244 tria
683 2198 780 2247 aut
815 2197 1078 2261 quattuor
1109 2196 1281 2249 verba
1318 2196 1492 2249 latine
1530 2199 1701 2265 loqui,

198 2283 254 2330 et
286 2279 396 2330 vah
431 2279 527 2346 ille
562 2280 736 2347 bestie
773 2279 1045 2331 seducunt
1064 2282 1251 2347 plures
1274 2283 1595 2335 innocentes
1620 2286 1702 2337 iu·

192 2380 362 2417 venes
410 2366 505 2429 qui
545 2369 840 2431 postquam
883 2366 1103 2433 longam
1150 2371 1357 2433 etatem
1394 2371 1701 2421 contrivere

193 2453 249 2501 et
274 2450 436 2514 quasi
459 2450 698 2501 immersi
719 2451 776 2500 111
797 2450 905 2501 hac
941 2452 1115 2502 omnis
1150 2451 1432 2509 barbariei
1466 2466 1701 2517 nequam

191 2535 435 2599 sentina,
472 2535 762 2587 redeuntes
797 2538 856 2585 in
891 2540 1155 2603 paternas
1191 2534 1321 2600 edes
1356 2535 1495 2587 nihil
1518 2542 1703 2605 preter
1762 2546 1767 2553 ’

190 2618 497 2684 ‘Arguitur,
522 2620 930 2687 Respondetur,
959 2619 1237 2684 Queritur‘
1262 2618 1529 2691 didicere,
1566 2636 1699 2684 quo-

189 2718 308 2752 rum
353 2700 431 2753 dii
465 2704 789 2768 Tateretus,
825 2704 1057 2767 Ver-sor,
1101 2704 1421 2767 Perversor‚
1468 2702 1697 2752 Burida-
