1942 3109
365 197 495 232 VOL.
536 187 578 230 1'.
649 191 690 230 5·
717 195 950 229 romnus
980 191 1477 230 annuarum-:mn
1618 181 1681 232 15

154 305 304 354 alias
353 318 476 353 sum
523 301 782 349 inimicus
817 300 1168 362 iuristarum,
1216 301 1348 363 quia
1381 301 1588 352 vadunt
1622 304 1679 351 in

151 390 347 439 rubeis
397 386 629 451 caligis,
676 389 736 435 et
776 385 834 432 in
873 383 1146 434 max-daris
1182 385 1433 448 schubis‚
1460 391 1537 452 ‘et
1570 403 1679 438 non

153 475 386 524 faciunt
419 471 668 522 debitam
703 470 1069 520 reverentiam
1096 470 1393 534 magistris,
1430 476 1487 522 et
1508 473 1677 536 magi-

153 561 292 608 stris
314 558 540 608 nostris.
578 556 694 620 Ego
720 556 886 604 etiam
903 558 1033 619 peto
1052 570 1149 605 vos
1170 555 1449 605 humiliter
1466 572 1679 608 necnon

153 642 566 704 affectualiter,
605 643 876 704 quatenus
913 639 1363 706 significaveritis
1390 641 1521 691 mihi
1544 657 1677 706 quo·

151 729 316 780 modo
377 731 496 777 stat
549 727 610 775 in
655 725 937 774 Parthisia
996 735 1117 774 cum
1166 724 1403 789 Speculo
1448 727 1676 777 oculari.

149 817 316 865 Deus
351 813 568 861 tribuat
602 810 745 874 quod
780 810 927 859 811118
959 813 1139 860 mater
1172 811 1507 861 universitas
1540 813 1679 861 Par-

155 898 453 950 rhisiensis
497 896 636 946 velit
681 900 873 944 tenere
908 895 1221 959 vobiscum,
1270 901 1327 946 et
1362 898 1679 948 comburere

150 986 316 1034 illum
350 982 662 1049 hereticum
699 980 915 1043 librum,
953 980 1087 1042 quia
1121 980 1289 1030 habet
1323 981 1494 1032 multa
1518 988 1677 1032 scan-

151 1070 321 1132 dala,
369 1069 520 1117 sicut
561 1065 790 1130 scripsit
828 1065 1095 1129 mgister
1136 1069 1326 1116 noster
1370 1067 1676 1131 Tunger-us.

155 1154 284 1218 Ego
310 1150 497 1201 audivi
523 1149 666 1214 quod
689 1151 956 1215 magister
981 1154 1167 1199 noster
1191 1150 1402 1215 Sotphi,
1428 1151 1485 1200 in
1510 1153 1675 1202 bursa

157 1237 389 1299 Kneck,
436 1237 533 1299 qui
581 1235 888 1300 composuit
931 1234 1144 1300 glosam
1178 1236 1479 1287 notabilem
1512 1253 1679 1302 super

155 1327 427 1387 quattuor
477 1324 666 1384 partes
711 1320 1037 1383 Alexandri,
1097 1325 1183 1370 est
1227 1324 1485 1371 mortuus.
1568 1321 1677 1371 Sed

157 1423 326 1472 spero
371 1404 516 1468 quod
559 1420 667 1455 non
703 1411 790 1455 est
820 1421 1038 1470 verum,
1086 1407 1221 1469 quia
1256 1406 1363 1455 fuit
1398 1407 1677 1456 excellens

159 1492 260 1555 vir,
300 1496 356 1542 et
389 1492 501 1541 fuit
535 1489 838 1554 profundus
875 1491 1282 1555 grammaticus,
1322 1495 1376 1542 et
1405 1492 1513 1541 fuit
1537 1492 1675 1542 bene

153 1579 350 1628 melior
388 1591 556 1640 quam
589 1575 686 1625 isti
719 1577 847 1624 novi
880 1577 1227 1640 grammatici
1261 1576 1526 1640 poetales.
1576 1577 1677 1626 Sa·

153 1663 342 1711 lutare
372 1661 542 1710 etiam
578 1659 873 1724 dignemini
907 1661 1041 1709 mihi
1072 1662 1391 1724 magistrum
1430 1666 1677 1712 nostrum

153 1746 497 1811 Remigium,
535 1745 667 1809 quia
689 1745 817 1795 olim
842 1745 952 1794 fuit
975 1751 1266 1813 preceptor
1302 1763 1453 1797 meus
1488 1748 1677 1812 singu—

155 1832 500 1893 larissimus,
559 1834 615 1880 et
671 1845 802 1896 sepe
860 1827 1009 1878 dedit
1065 1831 1197 1880 mihi
1252 1831 1427 1880 bonas
1485 1847 1675 1895 vexas,

155 1915 378 1980 quando
405 1915 548 1964 dixit
569 1914 730 1964 mihi:
769 1913 870 1963 ‘Tu
907 1931 966 1964 es
1004 1917 1147 1965 sicut
1173 1931 1332 1979 auca,
1372 1921 1427 1966 et
1452 1933 1559 1967 non
1583 1917 1671 1968 vis

155 2001 378 2052 studere
405 2000 549 2064 quod
572 1999 672 2049 fias
707 2004 946 2062 magnus
976 2003 1418 2064 argumentator'.
1464 2001 1537 2051 Et
1572 2019 1675 2067 ego

157 2086 295 2134 dixit
343 2083 580 2134 ‘Eximie
612 2083 828 2135 domine
862 2085 1127 2150 magister
1160 2089 1375 2149 noster,
1414 2101 1513 2152 ego
1548 2087 1674 2136 volo

163 2185 246 2219 me
272 2168 560 2220 emendare
586 2171 644 2218 in
668 2173 993 2234 posterum’:
1028 2175 1161 2220 tunc
1196 2171 1495 2234 aliquando
1519 2172 1676 2221 dimi-

159 2255 232 2304 sit
275 2269 390 2317 me,
439 2254 738 2318 aliquando
788 2253 939 2304 dedit
984 2255 1117 2304 mihi
1171 2256 1371 2305 bonam
1428 2255 1674 2322 discipli-

161 2355 300 2390 nam.
357 2343 415 2390 et
458 2344 694 2404 protunc
730 2355 830 2404 ego
867 2340 950 2388 fui
984 2339 1064 2390 ita
1099 2339 1386 2404 discretus,
1424 2343 1568 2405 quod
1605 2343 1669 2391 li-

161 2425 354 2474 benter
378 2426 574 2489 accepi
605 2424 972 2474 correctiones
996 2441 1093 2489 pro
1126 2425 1481 2490 negligentiis
1516 2427 1671 2477 meis.

165 2507 268 2558 Sed
309 2509 451 2559 nihil
488 2510 724 2573 amplius
760 2508 936 2559 habeo
992 2511 1151 2561 vobis
1186 2510 1453 2575 scribere,
1490 2514 1677 2578 preter

169 2593 304 2655 quod
327 2595 518 2645 velitis
552 2595 741 2646 vivere
781 2597 998 2644 centum
1034 2609 1224 2644 annos.
1296 2593 1367 2642 Et
1398 2597 1581 2646 valete
1618 2595 1707 2641 in·

168 2678 368 2741 requie.
427 2680 634 2729 Datum
668 2679 975 2744 Moguntie.
