1942 3109
213 204 316 255 416
443 216 838 255 ums‘romnvx
877 188 1246 254 onscunonvn
1281 212 1536 249 vmonvu

285 323 513 389 Semper
545 322 844 386 debebunt,
914 318 1137 385 quando
1175 318 1399 371 chartae
1433 318 1732 387 implebunt

287 408 470 461 Sueeo
505 412 691 460 atrato
796 412 893 459 aut
926 406 1093 457 rubro
1132 404 1493 470 condensato,

287 496 367 547 Te
401 508 662 561 magnum
695 494 876 545 virum
981 492 1312 543 convincere
1346 491 1619 545 Perlirum

287 580 425 644 Quis
461 579 778 632 dubitabit?
881 580 1143 631 iuventus
1180 582 1238 629 te
1274 577 1505 642 amabit,

283 666 358 718 Et
387 669 722 719 venerentur
823 664 1141 729 quicunque
1176 664 1232 715 te
1268 667 1591 729 sequentur,

283 752 425 803 Nam
460 767 572 803 non
609 755 696 803 est
729 765 900 817 grave
1005 746 1104 817 aed
1141 747 1392 799 amodum
1427 762 1695 815 persuave

286 837 464 887 Tuum
497 836 780 901 Latinum,
885 832 1033 898 quod
1066 831 1316 903 loquitur
1352 833 1661 899 Ortvinum‚
1702 865 1711 879 ,

283 921 359 973 Et
391 936 502 973 non
535 921 716 975 invito
819 919 1159 986 intelligitur
1196 920 1325 971 cito.

289 1006 376 1059 Tu
409 1020 470 1059 es
505 1006 793 1059 Atlantem
893 1005 1175 1059 basimina
1210 1003 1536 1055 fundantem

284 1092 518 1158 Linguae
555 1092 796 1157 Latinae,
900 1095 959 1142 et
993 1089 1107 1142 scis
1143 1088 1478 1155 loquendum
1512 1090 1637 1143 fine.

285 1178 370 1229 Tu
391 1180 584 1243 portas
605 1176 833 1229 fundum
888 1177 1192 1228 Doctorum
1216 1176 1275 1225 in
1298 1175 1445 1227 hune
1466 1174 1744 1242 muudum,

285 1261 362 1313 Et
397 1262 543 1327 quod
579 1262 786 1315 cecidit
887 1265 944 1313 et
976 1262 1253 1328 pessimus
1291 1260 1469 1326 elidit,

285 1348 372 1399 Tu
403 1348 605 1399 iterum
637 1349 756 1400 fera
859 1351 918 1399 et
949 1363 1062 1398 non
1098 1362 1157 1397 es
1191 1348 1404 1398 Doetor
1437 1347 1605 1399 inere.

285 1434 366 1483 Te
403 1449 534 1499 ergo
568 1432 736 1485 laudo
840 1435 898 1485 et
931 1432 1187 1484 manibus
1224 1430 1504 1499 applaudo

281 1517 360 1569 Et
393 1530 610 1583 semper
645 1520 855 1583 grator,
957 1520 1022 1569 ut
1056 1518 1134 1569 eis
1168 1518 1347 1570 bonus
1384 1521 1595 1571 amator

287 1603 498 1653 Horum
532 1601 818 1665 librorum,
924 1602 1020 1665 qui
1055 1617 1165 1653 non
1201 1607 1330 1654 sunt
1352 1604 1707 1655 Dominorum

287 1688 399 1753 Qui
433 1702 496 1739 se
530 1685 889 1753 persuadent,
995 1687 1235 1739 seientia
1270 1687 1415 1753 quod
1446 1686 1689 1752 madent,

281 1771 395 1825 Sed
429 1776 525 1838 qui
557 1772 764 1839 puellis
865 1772 1181 1824 inserviunt
1213 1773 1457 1837 tenellis,

282 1858 359 1911 Et
394 1858 494 1923 qui
525 1856 815 1925 detergent
919 1872 1043 1923 quae
1078 1856 1304 1911 sordida
1338 1858 1637 1923 inhaerent3

281 1942 384 1997 810
415 1948 573 1997 tuum
606 1958 804 1997 nomen
907 1943 1139 1995 sortitur
1172 1944 1377 2015 bonum
1412 1958 1589 2010 omen,

281 2028 358 2081 Et
391 2031 504 2083 eris
542 2044 726 2094 carue,
831 2030 1101 2082 obscurus
1138 2032 1197 2081 et
1230 2044 1510 2096 perrarus,

281 2113 356 2166 Et
390 2116 488 2166 lux
523 2130 622 2180 per
657 2118 859 2166 totum:
964 2114 1058 2164 hic
1092 2112 1217 2163 finit
1252 2128 1433 2165 meum
1466 2117 1675 2167 votum.

213 2200 334 2265 Ego
383 2200 556 2251 etiam
600 2198 858 2251 volebam
906 2198 1135 2264 aliquod
1180 2197 1560 2251 doctissimum
1604 2200 1757 2251 scri-

211 2286 371 2351 ptum
407 2281 635 2348 addere,
681 2282 778 2334 aed
811 2282 987 2335 multo
1022 2298 1282 2351 magnum
1318 2287 1405 2335 est
1422 2321 1436 2347 ‚
1474 2288 1537 2335 ut
1570 2285 1759 2335 intret

215 2385 250 2420 a
307 2368 456 2419 hune
490 2367 709 2432 librum,
748 2370 804 2419 et
839 2368 1010 2421 etiam
1035 2368 1203 2421 valde
1238 2369 1425 2433 timeo,
1463 2367 1609 2434 quod
1642 2368 1755 2421 ho-

214 2454 388 2505 mines
425 2453 514 2504 illi
547 2468 634 2505 me
668 2452 983 2517 exrideant,
1018 2453 1239 2518 quando
1276 2453 1494 2519 aliquid
1526 2453 1753 2506 omitto.

212 2538 402 2605 Nuper
447 2538 592 2588 enim
636 2539 862 2605 scripsit
907 2537 979 2589 ad
1013 2554 1100 2589 me
1147 2538 1333 2591 affinis
1366 2554 1549 2603 meus,
1594 2538 1759 2603 quod

212 2622 328 2673 sint
357 2622 508 2673 talea
540 2622 787 2674 homines
809 2621 1270 2689 Philosophistiei
1304 2625 1403 2689 qui
1434 2624 1619 2677 omnia
1640 2638 1761 2688 per

213 2706 494 2773 pectinem
537 2706 674 2757 linei
707 2707 937 2759 trahunt
984 2712 1041 2759 et
1074 2707 1147 2759 ad
1180 2723 1467 2761 scamnum
1503 2706 1757 2773 caedunt,
