1942 3109
272 242 340 284 66.
365 235 451 292 [4.]
473 246 702 282 Annua
725 246 892 283 rum
911 247 985 282 nn
1008 247 1209 284 summ
1232 247 1544 286 ammons.
1604 233 1707 286 369

173 369 340 418 quam
374 352 514 403 mihi
548 352 720 402 semel
755 351 1082 403 ostendistis
1106 353 1167 401 in
1192 352 1385 404 libello
1410 369 1585 419 parvo
1611 356 1707 418 qui

171 440 282 490 fuit
317 441 464 488 retro
503 438 764 502 scriptus.
823 437 985 487 Nunc
1022 436 1269 499 audiatis
1297 435 1429 502 quid
1454 439 1705 504 postilla

171 524 385 574 factum
429 526 533 573 est.
605 522 722 586 Ipsi
764 537 876 571 una
919 524 1045 572 vice
1092 522 1242 588 apud
1284 525 1474 574 vinum
1520 525 1706 592 quesi-

171 612 375 661 verunt
417 623 506 658 me
557 604 716 670 (quia
761 606 846 656 fui
893 605 1245 672 Curtisanus)
1305 607 1575 672 quomodo
1619 623 1707 658 res

173 697 352 744 staret
406 695 465 742 in
513 706 688 741 causa
734 689 862 741 fidei
909 706 1033 740 cum
1074 691 1287 742 Ioanne
1330 691 1605 744 Reuchlin
1652 697 1709 744 et

174 777 623 830 coloniensibus.
682 775 991 840 Respondi:
1030 775 1155 827 ‘Per
1178 776 1367 842 deum,
1406 793 1511 843 ego
1537 778 1704 828 timeo

171 862 408 914 multum
441 861 509 912 de
545 861 645 911 illo
680 860 826 910 bono
861 860 983 910 viro
1017 860 1227 912 Ioanne
1250 861 1523 913 Reuchlin
1560 863 1707 927 quod

175 953 264 999 est
307 946 472 996 nimis
519 943 732 1011 pauper
781 943 852 994 ad
891 943 1057 994 finem
1103 945 1512 1010 perducendum
1547 948 1707 999 illam

177 1047 424 1082 eausam.
505 1031 652 1094 Quia
690 1028 1083 1096 'predicatores
1136 1030 1393 1080 monachi
1444 1033 1708 1082 remotius

175 1117 410 1169 veniunt
445 1129 568 1165 cum
605 1129 793 1166 eorum
831 1127 1119 1164 caseorum
1156 1115 1339 1165 saccis
1386 1130 1551 1180 quam
1595 1131 1707 1168 una

175 1205 350 1255 unica
385 1215 622 1266 persona
661 1215 786 1250 cum
821 1199 1097 1264 pecunia’.
1167 1199 1326 1249 Tunc
1360 1216 1503 1250 unus
1538 1201 1707 1252 dixit:

175 1288 248 1339 *Ο
284 1290 484 1338 sancte
519 1284 680 1349 deus,
730 1299 895 1348 quam
929 1285 1121 1350 mag-ni
1162 1299 1401 1348 nequam
1443 1290 1571 1335 sunt
1612 1286 1712 1336 isti

175 1372 438 1424 monachi
483 1369 704 1434 quando
752 1369 1028 1436 colligunt
1074 1383 1285 1420 caseos.
1367 1370 1555 1436 Nuper
1598 1371 1707 1421 fuit

176 1460 380 1509 Frater
418 1455 502 1506 .N.
537 1455 704 1504 huius
741 1454 1070 1506 monasterii
1102 1454 1195 1505 hic
1229 1454 1288 1503 in
1322 1453 1465 1506 villa
1494 1471 1622 1508 mea
1646 1459 1703 1512 ct

177 1545 360 1596 voluit
403 1540 538 1590 mihi
579 1554 760 1590 meam
803 1554 1045 1591 sororem
1092 1554 1212 1590 cum
1257 1543 1537 1606 potestate
1594 1543 1703 1592 lar-

179 1629 364 1681 dasse.
435 1625 561 1690 Ipse
607 1625 830 1689 fugavit
877 1641 999 1676 eam
1044 1640 1144 1688 per
1178 1622 1407 1690 gradum
1440 1641 1611 1691 supra
1644 1627 1726 1675 in-

177 1715 424 1774 domum,
463 1712 522 1758 et
557 1708 802 1758 cucurrit
838 1711 889 1760 ei
924 1714 1079 1776 post,
1118 1713 1175 1761 et
1208 1710 1346 1760 iecit
1382 1725 1506 1760 eam
1530 1709 1601 1760 ad
1625 1711 1706 1760 le-

181 1804 355 1861 ctum,
393 1799 452 1846 et
483 1791 664 1844 voluit
696 1792 887 1846 levare
927 1795 1207 1846 cucullam
1242 1798 1299 1845 et
1336 1809 1461 1848 cum
1493 1795 1703 1846 Datulo

175 1881 414 1934 inferius
450 1876 538 1928 ad.
595 1881 732 1928 tune
765 1893 920 1931 soror
965 1880 1235 1932 clamavit
1279 1880 1436 1944 „Her
1466 1879 1553 1943 N„
1590 1881 1706 1930 Her

176 1969 266 2032 N„
305 1965 553 2016 cessate:
599 1975 702 2027 ego
740 1963 920 2017 clamo
957 1965 1103 2030 quod
1139 1965 1315 2016 omnis
1350 1965 1510 2014 homo
1546 1963 1705 2024 audit

179 2060 238 2106 et
283 2056 417 2102 tunc
461 2045 718 2098 diabolus
760 2063 860 2100 vos
895 2047 1325 2115 permerdabit'’.
1392 2049 1549 2098 Tune
1582 2049 1703 2112 ipse

179 2138 326 2188 dixit
359 2133 504 2184 “Per
541 2145 738 2197 corpus
773 2138 930 2186 tuum
965 2134 1083 2185 noli
1121 2133 1394 2184 clamare:
1430 2132 1551 2198 Ego
1574 2132 1703 2184 volo

179 2223 288 2273 tibi
330 2235 428 2287 pro
461 2214 834 2282 Dedicatione
883 2219 1100 2286 aliquid
1145 2235 1323 2270 emere
1361 2219 1506 2283 quod
1538 2218 1705 2270 debet

176 2307 412 2360 medium
459 2310 727 2364 florenum
754 2307 1001 2358 valere''.
1059 2304 1275 2356 Deinde
1309 2305 1465 2356 venit
1496 2309 1705 2355 mater:

174 2399 310 2446 tunc
355 2395 478 2459 ipse
523 2393 816 2446 descendit
849 2394 910 2442 et
939 2390 1187 2441 Datulus
1224 2390 1278 2440 ei
1312 2388 1494 2440 adhue
1529 2390 1704 2452 stetit,

175 2479 324 2545 quod
369 2478 588 2530 levavit
631 2477 742 2528 sibi
787 2476 1066 2528 cucullam
1110 2474 1273 2539 quasi
1304 2472 1539 2524 haberet
1572 2472 1702 2524 den-

173 2568 288 2616 tem
332 2563 525 2614 Rastri
577 2561 831 2613 inferius.
922 2561 1083 2609 Tunc
1127 2573 1271 2609 unus
1316 2557 1461 2608 alius
1516 2549 1741 2608 socius»
1788 2563 1793 2566 '

173 2649 322 2699 dixit
372 2647 455 2698 ‘Si
497 2649 606 2699 iste
649 2661 891 2710 nequam
934 2645 1043 2693 hoc
1077 2641 1311 2693 fecisset
1344 2641 1521 2692 sorori
1561 2655 1703 2713 mee,

175 2735 300 2802 Ego
332 2733 538 2785 vellem
574 2733 629 2785 ei
670 2727 966 2796 testiculos
1004 2724 1299 2775 excindere
1336 2729 1393 2775 et
1426 2723 1559 2773 aliis
1591 2735 1704 2770 mo-

1332 2807 1403 2858 24
