1942 3109
217 221 318 275 206
393 237 678 275 ammons
703 238 1073 276 oaecvaoavu
1098 236 1350 275 vizonvn
1374 240 1551 276 novat.

216 342 447 395 busdam
495 342 908 395 referendariis.
976 345 1051 395 Et
1096 344 1180 395 sic
1226 343 1443 409 quando
1489 347 1601 395 iam
1634 361 1741 398 va-

217 427 356 480 dunt
399 431 532 481 ante
581 444 731 493 eum,
777 432 912 479 tunc
945 429 1167 479 faciunt
1200 430 1255 481 ei
1282 430 1547 484 maiorem
1580 446 1743 485 reve·

218 513 455 565 rentiam
491 517 548 565 et
580 513 880 577 loquuntur
903 514 1277 565 amicabiliter
1302 530 1423 567 cum
1446 532 1530 567 eo.
1587 516 1742 583 Ergo
1812 582 1817 587 ,

219 614 370 651 nunc
405 614 624 663 semper
655 598 940 649 meliorem
963 615 1118 666 spem
1141 600 1423 652 habemns.
1484 600 1545 651 Si
1568 602 1743 667 perdo

217 683 360 735 illud
401 683 758 748 beneficium,
810 687 944 734 tune
994 684 1175 735 adhuc
1226 685 1353 736 volo
1407 686 1739 739 contendere

219 784 316 835 pro
351 768 456 821 illa
488 769 706 819 vicaria
729 770 788 819 in
811 770 1014 820 Nuesia
1038 771 1184 821 sicut
1206 770 1383 821 scitis.
1444 771 1590 835 Quia
1612 786 1739 837 pro-

222 858 448 905 curator
483 869 642 905 meua
677 854 1003 905 informavit
1036 870 1125 906 me
1156 855 1303 919 quod
1332 855 1515 908 habeo
1538 857 1740 907 bonum

217 939 332 991 Ius,
403 937 510 991 Sed
545 939 659 989 iam
695 938 954 995 recordor
990 940 1135 1005 quod
1182 956 1357 1007 nuper
1400 942 1555 993 venit
1594 956 1739 991 unus

219 1025 328 1076 huc
363 1025 462 1088 qui
493 1022 660 1089 dixit,
697 1024 843 1089 quod
865 1026 1200 1077 universitas
1222 1024 1595 1078 Erfordiensie
1616 1023 1743 1075 vult

219 1124 486 1162 revocare
545 1111 882 1161 sententiam
939 1126 1097 1161 suam
1164 1126 1261 1162 seu
1328 1109 1740 1163 determinatio-

220 1210 344 1247 nem
404 1198 598 1245 contra
645 1195 946 1247 Iohannem
991 1195 1283 1247 Reuchlin.
1361 1197 1437 1245 Et
1492 1197 1543 1246 si
1596 1196 1743 1245 facit

222 1282 358 1334 tuno
415 1278 544 1330 volo
603 1278 816 1342 dicere,
873 1277 1020 1341 quod
1078 1294 1265 1329 omnes
1320 1280 1591 1343 Theologi
1646 1282 1745 1343 qui

222 1368 352 1417 sunt
387 1364 492 1429 ibi,
531 1366 661 1415 sunt
697 1360 890 1428 perfidi
925 1366 983 1412 et
1004 1362 1327 1425 mendaces,
1365 1366 1425 1412 et
1444 1362 1573 1413 volo
1598 1378 1742 1415 sem-

220 1464 318 1515 per
369 1448 436 1499 de
491 1449 572 1499 eis
629 1448 812 1497 dicere
865 1445 970 1497 hoc
1022 1446 1375 1510 scandalum,
1430 1447 1576 1511 quod
1629 1462 1743 1499 non

221 1534 446 1583 manent
481 1546 604 1583 cum
641 1531 916 1581 facultate
953 1545 1055 1580 sua
1092 1534 1150 1580 et
1182 1528 1483 1581 defendunt
1506 1530 1738 1602 zeloeie-

223 1619 417 1669 simum
449 1617 628 1668 virum
663 1614 937 1666 dominum
972 1614 1235 1666 Iacobum
1269 1614 1337 1666 de
1360 1615 1739 1669 Hochetraten

222 1703 318 1767 qui
353 1704 442 1753 est
477 1700 572 1751 lux
608 1700 1037 1767 Theologorum,
1086 1704 1141 1751 et
1184 1700 1337 1751 lucet
1379 1702 1527 1751 sicut
1570 1702 1740 1753 stella

223 1803 322 1853 per
355 1800 488 1837 suae
523 1786 808 1837 doctrinas
844 1791 902 1837 et
934 1786 1459 1852 Argumentationes
1495 1802 1594 1853 pro
1636 1785 1740 1837 fide

223 1872 537 1923 Catholica.
607 1872 683 1921 Et
717 1872 880 1923 credo
917 1871 1062 1936 quod
1097 1872 1147 1921 si
1180 1872 1414 1939 heretici
1448 1872 1539 1923 vel
1574 1870 1743 1923 Turci

222 1957 504 2022 venirent,
551 1958 670 2023 ipse
707 1956 1019 2023 disputaret
1054 1959 1248 2008 contra
1285 1972 1379 2009 eos
1416 1960 1475 2007 et
1512 1958 1740 2007 confun-

223 2042 381 2095 deret
423 2058 518 2095 eos
569 2058 691 2093 cum
737 2042 1053 2094 subtilitate
1098 2058 1228 2108 sua,
1284 2047 1340 2094 et
1397 2044 1743 2095 converteret

227 2144 320 2180 eos
358 2128 428 2177 ad
461 2127 622 2179 fidem
659 2126 1049 2179 Christianam.
1112 2128 1259 2191 Quia
1293 2127 1395 2179 ille
1426 2127 1742 2193 Theologus

225 2228 335 2265 non
370 2212 544 2263 habet
577 2211 849 2278 equalem.
909 2215 968 2261 et
1002 2227 1181 2276 nuper
1214 2212 1526 2287 disputavit
1556 2212 1649 2263 hic
1682 2214 1741 2263 in

227 2296 518 2361 Sapientia
550 2294 715 2346 valde
760 2294 1166 2346 doctrinaliter.
1236 2296 1392 2347 Tunc
1436 2296 1579 2346 dixit
1622 2296 1741 2358 qui·

227 2383 352 2434 dam
387 2380 564 2433 Italus
601 2378 740 2446 ‘Ego
773 2396 883 2431 non
919 2379 1127 2431 credidi
1160 2381 1340 2445 prius,
1377 2380 1523 2446 quod
1556 2379 1741 2429 Alma-

226 2469 322 2519 nia
367 2467 540 2519 habet
580 2466 724 2517 tales
758 2464 1103 2531 Theologos'.
1175 2464 1295 2517 Sed·
1328 2464 1549 2530 quidam
1595 2463 1741 2515 alius

229 2552 398 2616 dixit,
435 2550 580 2617 quod
613 2567 724 2601 non
759 2554 846 2601 est
865 2550 1009 2603 bene
1034 2550 1395 2616 profundatus
1420 2551 1476 2599 in
1500 2548 1743 2599 textibus

226 2638 428 2705 biblige,
477 2640 533 2688 et
567 2652 675 2689 non
708 2636 851 2687 bene
886 2636 1229 2703 intelligeret
1260 2634 1651 2699 Hieronymum
1689 2639 1745 2686 et

229 2723 614 2795 Augustinum.
671 2721 981 2790 Respondi:
1018 2720 1083 2775 ‘O
1120 2723 1263 2775 boue
1298 2720 1458 2787 deus,
1496 2720 1629 2788 quid
1662 2720 1744 2773 di·
