1942 3109
476 257 766 295 nunoovs
791 258 975 294 uovrs
998 256 1073 294 ιιι·
1096 258 1235 295 uum
1262 259 1554 299 raswxvvs.
1679 245 1781 297 387

351 380 410 414 ιι.
458 377 840 415 cmconrnvs.
908 364 995 415 De
1040 364 1195 415 facto
1239 380 1338 416 vos
1384 364 1525 416 bene
1560 365 1775 430 dicitis,

246 449 518 515 magister
551 452 760 501 noster.

347 549 407 587 ιι.
457 549 754 587 οιιτπιινε.
834 534 944 585 Per
987 534 1150 586 deum
1195 539 1477 601 sanctum,
1528 536 1623 588 vel
1678 552 1777 602 per
1803 539 1896 591 §.fn

246 634 434 672 omnes
469 619 603 671 deos
639 619 946 684 loquendo,
990 620 1134 671 bene
1180 625 1331 671 esset
1376 621 1591 670 factum
1624 622 1675 671 si
1709 621 1779 671 il-

243 706 678 757 luminatissima
699 705 1021 771 Theologiae
1056 704 1304 755 facultas
1342 708 1609 769 avisaret,
1646 705 1791 769 quirl

241 794 524 858 oporteret
570 791 761 842 facere
807 790 876 841 (le
923 789 1039 841 illis
1086 791 1435 842 rabientibus
1482 794 1541 841 et
1584 789 1775 841 truffa-

239 878 472 928 toribus.

343 961 403 999 ιι.
427 960 740 997 Lvronnvs.
775 942 1013 997 Videtur
1036 945 1117 995 eis
1131 982 1145 1008 ,
1172 946 1433 1009 quoniam
1454 945 1565 1010 ipsi
1588 947 1777 996 sciunt

244 1028 518 1079 modicum
553 1029 879 1095 latinizare,
924 1028 1073 1093 quod
1116 1044 1275 1079 nemo
1322 1034 1408 1081 est
1443 1029 1643 1094 dignus
1680 1044 1774 1081 eos

243 1115 526 1181 aspicere,
572 1131 755 1181 neque
801 1114 1025 1167 solvere
1074 1114 1371 1179 corrigiam
1418 1114 1779 1171 calciamenti

241 1216 446 1252 eorum.

343 1301 402 1336 ιι.
443 1300 820 1338 cmeonrnvs.
869 1285 988 1351 Ipsi
1018 1284 1237 1335 faciunt
1270 1283 1547 1349 miranda,
1584 1282 1772 1336 dicen·

237 1370 308 1421 do
343 1387 537 1437 grossa
567 1372 759 1424 verba.

339 1471 399 1507 ιι.
438 1472 740 1509 οιιτνιιῐνε.
790 1455 911 1521 Ipsi
929 1454 1142 1507 vadunt
1173 1471 1273 1521 per
1305 1456 1527 1521 plateas
1564 1456 1767 1508 armati
1790 1464 1886 1513 §.c.

235 1543 384 1594 sicut
419 1542 692 1595 buffones.

335 1645 394 1681 ιι.
443 1642 755 1682 LvroLDVS.
811 1628 1039 1681 Vadunt
1070 1644 1171 1694 per
1198 1629 1353 1680 vicos
1396 1629 1579 1681 inflati
1621 1629 1771 1679 sicut

232 1729 505 1779 pavones.

335 1815 394 1853 ιι.
433 1812 813 1851 amconrnvs.
861 1799 981 1867 Ipsi
1016 1801 1301 1868 aspiciunt
1334 1815 1394 1851 se
1428 1798 1496 1851 de
1530 1803 1765 1863 utroque

233 1882 432 1949 latere.
495 1883 632 1948 Sed,
653 1885 1097 1938 viscerosissime
1122 1886 1390 1952 magister
1412 1889 1619 1948 noster,
1647 1899 1765 1935 cre-

233 1967 366 2019 ditis
403 1968 550 2033 quod
583 1969 694 2035 ipsi
729 1972 918 2022 sciunt
954 1970 1171 2036 aliquid
1205 1970 1271 2021 de
1308 1969 1521 2021 biblia?

334 2069 390 2106 ιι.
429 2070 731 2107 onwvmvs.
791 2054 1005 2107 Sancta
1050 2055 1261 2120 Maria,
1317 2069 1420 2118 ego
1453 2055 1595 2103 bene
1634 2053 1773 2116 scio,
1804 2062 1897 2112 §.2

270 2139 380 2190 uod
413 2155 543 2193 non.

231 2155 268 2204 q
337 2223 393 2262 ιι.
432 2223 736 2260 ινΡοιονε.
796 2208 858 2260 Si
901 2209 1130 2261 daretur
1164 2209 1247 2260 eis
1283 2223 1395 2259 una
1430 2206 1635 2273 positio
1669 2206 1762 2259 vel

233 2292 300 2344 de
355 2295 582 2363 premiis
639 2299 987 2359 sanctorum,
1054 2294 1147 2347 vel
1197 2297 1381 2345 utrum
1426 2293 1560 2344 deus
1614 2294 1759 2345 sciat

227 2394 416 2430 omnes
440 2379 678 2443 pulices,
705 2383 762 2428 et
795 2394 985 2430 omnes
1020 2378 1329 2445 pediculos,
1366 2380 1463 2443 qui
1501 2381 1760 2429 creantur

228 2462 476 2528 quotidie
502 2462 781 2527 Parisius,
819 2463 1045 2515 creditis
1084 2462 1229 2528 quod
1262 2464 1373 2529 ipsi
1407 2466 1635 2530 possent
1670 2477 1758 2512 ar-

227 2563 393 2613 guere
430 2565 529 2615 pro
568 2552 625 2599 et
661 2552 890 2600 contra?

330 2650 386 2685 ιι.
433 2650 813 2690 maurontum.
904 2636 1025 2700 Ipsi
1076 2635 1331 2686 facerent
1384 2651 1515 2687 suas
1567 2632 1754 2683 febres

228 2724 547 2782 quaternas.

1348 2798 1453 2849 25*
