1942 3109
343 236 468 270 vor..
507 239 545 272 1.
621 235 688 276 15.
732 243 948 278 evan.
994 239 1579 276 scnssnscnmrrssn.
1668 227 1735 277 41

903 393 1009 452 15.

273 493 800 560 Guilhelmus
848 494 1653 562 Scherscleifferius

751 615 1017 668 Salutem
1052 616 1196 666 dicit

595 717 957 784 Magistro
999 719 1314 769 Ortvino.

275 856 458 906 Valde
495 857 692 918 miror,
728 853 1079 904 venerabilis
1114 855 1222 917 vir,
1260 869 1433 919 quare
1468 857 1603 908 mihi
1626 875 1736 909 non

177 941 450 1006 scribitis,
489 944 548 990 et
571 944 772 990 tamen
797 939 1055 989 scribitis
1082 939 1209 989 aliis
1234 941 1332 1004 qui
1354 957 1463 991 non
1486 944 1738 993 scribunt

177 1027 338 1076 vobis
381 1027 468 1076 ita
513 1015 658 1092 sefie
706 1025 858 1074 sicut
893 1039 997 1090 ego
1032 1024 1218 1074 scribo
1251 1025 1431 1076 vobis.
1502 1026 1563 1076 Si
1596 1029 1735 1078 estis

181 1111 446 1160 'mimicus
480 1124 640 1160 meus
667 1109 818 1173 quod
839 1123 953 1159 non
976 1109 1153 1160 vultis
1178 1110 1316 1158 mihi
1338 1110 1573 1175 amplius
1598 1114 1737 1162 scri-

184 1197 334 1258 bere,
372 1199 510 1244 tunc
547 1194 820 1244 scribatis
855 1193 995 1243 mihi
1018 1197 1207 1244 tamen
1232 1207 1401 1258 quare
1426 1209 1537 1246 non
1560 1198 1731 1248 vultis

179 1280 315 1330 mihi
354 1279 604 1344 amplius
641 1279 907 1342 scribere,
943 1283 1011 1327 ut
1044 1279 1219 1328 sciam
1256 1293 1429 1343 quare
1464 1283 1598 1332 mihi
1620 1298 1732 1334 non

180 1365 470 1427 scribitis,
535 1377 662 1411 cum
708 1379 812 1428 ego
858 1379 1076 1429 semper
1122 1364 1305 1414 scribo
1348 1365 1537 1428 vobis,
1584 1368 1733 1417 sicut

185 1450 362 1499 etiam
397 1462 553 1497 nunc
589 1449 773 1499 scribo
808 1448 989 1510 vobis,
1028 1449 1284 1511 quamvis
1309 1450 1427 1499 scio
1452 1450 1597 1512 quod
1620 1465 1733 1502 non

185 1535 348 1585 eritis
385 1533 527 1582 mihi
559 1533 884 1583 rescribere.
945 1533 1339 1584 Verumtamen
1362 1551 1459 1585 oro
1482 1551 1581 1586 vos
1606 1553 1731 1604 pre-

187 1616 522 1670 cordialiter
567 1616 712 1681 quod
743 1617 936 1668 velitis
974 1617 1111 1667 mihi
1146 1621 1333 1669 tamen
1367 1621 1635 1684 scribere,
1674 1625 1731 1670 et

187 1700 420 1768 quando
476 1702 646 1751 semel
699 1703 1006 1766 scripsistis
1050 1701 1211 1766 mihi,
1274 1706 1407 1753 tunc
1452 1721 1555 1770 ego
1600 1705 1731 1756 volo

183 1787 356 1838 vobis
389 1785 578 1836 decies
613 1787 882 1851 scribere,
923 1788 1059 1851 quia
1095 1787 1335 1838 libenter
1368 1789 1553 1840 scribo
1592 1792 1729 1840 ami-

189 1874 278 1921 cis
313 1871 470 1934 meiS,
509 1875 566 1920 et
598 1869 726 1921 volo
762 1887 846 1921 me
873 1872 1187 1922 exercitare
1212 1873 1269 1922 in
1294 1874 1607 1938 scribendo,
1642 1876 1729 1924 ita

191 1954 342 2019 quod
393 1971 615 2020 possum
672 1956 962 2022 eleganter
1004 1955 1306 2006 dictamina
1352 1961 1409 2008 et
1454 1959 1727 2024 epistolas

191 2041 455 2091 scribere.
529 2057 633 2106 ego
679 2055 790 2091 non
823 2055 1051 2106 possum
1089 2041 1341 2105 cogitare
1378 2043 1510 2105 quid
1546 2048 1633 2093 est
1668 2045 1727 2092 in

197 2139 367 2173 causa
413 2124 557 2188 quod
601 2139 714 2175 non
760 2125 1011 2175 scribitis
1056 2126 1207 2174 mihi.
1279 2125 1355 2174 Et
1390 2131 1727 2190 conquestus

195 2223 309 2258 sum
354 2225 532 2274 nuper
565 2209 788 2273 quando
827 2208 920 2258 hic
953 2209 1179 2258 fuerunt
1214 2210 1394 2274 aliqui
1432 2210 1728 2262 Colonien-

193 2309 298 2356 ses,
335 2298 390 2344 et
422 2295 799 2359 interrogavit
848 2291 1015 2356 ‘Quid
1058 2294 1203 2344 facit
1236 2298 1425 2344 tamen
1458 2297 1731 2360 magister

195 2378 475 2442 Ortvinus,
515 2379 662 2442 quod
696 2393 809 2428 non
844 2377 1043 2427 scribit
1064 2378 1235 2428 mihi?
1270 2379 1391 2443 ipse
1414 2393 1525 2430 non
1548 2381 1725 2444 scrip-

191 2465 266 2512 sit
297 2463 432 2513 mihi
467 2465 528 2512 in
563 2463 782 2513 duobus
819 2462 1009 2523 annis;
1048 2461 1253 2513 dicatis
1288 2466 1477 2513 tamen
1502 2465 1553 2514 ei
1577 2463 1727 2530 quod

189 2549 399 2598 scribat
433 2547 591 2611 mihi,
629 2547 764 2612 quia
800 2546 1069 2596 libentius
1101 2545 1305 2596 vellem
1344 2562 1477 2596 suas
1502 2548 1725 2598 litteras

191 2631 404 2698 legere,
453 2646 623 2696 quam
665 2631 778 2681 mel
823 2629 1135 2690 comedere;
1182 2634 1239 2679 et
1282 2632 1401 2694 ipse
1446 2631 1557 2678 fuit
1590 2631 1727 2680 olim

192 2719 404 2768 amicus
451 2715 823 2782 principalis’.
891 2713 969 2762 Et
1010 2713 1356 2775 interrogavi
1390 2710 1561 2757 etiam
1596 2719 1735 2767 quo‘
