1942 3109
299 197 398 250 178
433 199 811 248 Partalconm
831 207 1071 246 DBPEHS.
1094 206 1313 244 vonum
1336 204 1551 244 Panos,
1570 210 1629 245 0.
1647 209 1711 246 V.
1726 211 1851 248 RPP.

299 317 720 370 communicata.
800 315 866 366 In
921 329 1035 380 qua
1090 328 1257 379 supra
1312 312 1505 362 datam
1556 309 1741 367 fidem
1770 318 1851 380 sac

298 407 492 454 contra
525 403 822 454 veritatem
859 405 1030 452 antea
1064 399 1284 450 cuidam
1318 398 1501 449 nobili
1543 415 1581 450 a
1620 416 1691 452 se
1730 418 1845 468 pro-

297 490 506 540 fessam
541 505 628 539 me
661 488 1093 554 Pepericornum
1130 483 1277 551 apud
1313 482 1630 552 cesaream
1670 486 1843 537 Maie-

300 578 502 641 statem
537 572 840 639 proditorie
875 570 1257 637 redarguendo
1292 567 1649 635 diffamavit,
1690 577 1755 624 ut
1788 575 1839 624 iu

297 657 724 728 precedentibus
761 662 848 709 est
882 659 1217 708 enarratum.

405 735 458 793 Ἰ
513 742 778 808 Sequitur
827 740 1114 807 speculum
1168 755 1347 791 meum
1400 744 1675 794 manuale
1717 743 1835 792 Mo-

299 829 492 896 guntie
530 844 564 879 a
611 843 696 878 me
743 827 1103 893 compositum
1146 829 1203 877 et
1234 825 1445 876 ibidem
1481 827 1833 894 impressum,

298 916 358 964 in
404 928 512 978 quo
558 914 760 978 scripsi
805 915 1000 963 contra
1044 911 1309 962 Ioannem
1352 911 1646 964 Reuchlin
1692 917 1833 966 iusta

299 1000 598 1050 occasione
642 1002 822 1048 motus
869 1000 926 1047 et
979 996 1207 1064 indigna
1259 996 1415 1063 lesus
1470 1000 1839 1064 contumelia,

298 1101 408 1135 non
444 1086 731 1135 nominata
767 1086 955 1133 tamen
989 1083 1165 1146 ipsius
1202 1097 1235 1130 a
1270 1097 1357 1133 me
1395 1085 1841 1138 consultatione.

405 1159 458 1218 (I
496 1167 704 1220 Contra
737 1166 878 1218 illud
913 1167 1152 1232 imprimi
1186 1167 1327 1216 fecit
1349 1167 1589 1218 loannes
1611 1168 1841 1220 Reueh-

296 1255 380 1306 lin
417 1269 574 1305 suam
611 1253 1082 1305 consultationem
1120 1267 1241 1302 cum
1278 1252 1455 1302 irritis
1501 1255 1841 1318 quibusdam

299 1339 780 1391 declarationibus
839 1342 895 1388 et
953 1337 1453 1402 impudentissimis
1508 1339 1863 1404 invectiviS‚·

303 1426 503 1491 quibus
539 1439 738 1476 nomen
771 1424 1035 1488 imposuit
1071 1421 1357 1488 speculum
1393 1423 1653 1477 oculare.

409 1500 460 1557 Gt
490 1508 626 1559 Viso
647 1506 876 1572 speculo
899 1507 1145 1572 oculari,
1178 1506 1367 1558 multis
1400 1523 1633 1574 quoque
1664 1511 1723 1562 in
1756 1528 1840 1562 me

305 1591 576 1644 conviciis
625 1593 797 1654 atque
834 1592 894 1640 in
930 1607 1133 1658 genere
1168 1591 1478 1644 mendaciis
1514 1610 1594 1646 ex
1628 1597 1843 1664 integro

300 1678 610 1744 perspectis
653 1674 951 1742 Speculum
996 1693 1099 1743 ego
1142 1677 1577 1734 flammivomum
1629 1679 1845 1746 (Theu-

301 1767 486 1818 tonice
533 1761 681 1815 ‘dien
724 1761 1155 1829 brantspiegel’)
1202 1762 1273 1813 ad
1308 1761 1714 1819 defensionem
1748 1769 1848 1820 mei

303 1850 527 1906 honoris
562 1851 621 1900 in
654 1849 834 1899 lucem
873 1849 1057 1911 emisi,
1106 1863 1203 1914 pro
1250 1863 1374 1899 mea
1418 1851 1729 1914 parvitate
1776 1859 1844 1906 in-

303 1934 544 1989 sultanti
576 1933 844 1984 renitens.

410 2011 463 2074 (ἷ
497 2020 712 2074 Deinde
735 2019 977 2071 Ioannes
1000 2018 1275 2070 Reuehlin
1310 2033 1413 2070 sua
1446 2019 1695 2077 minime
1728 2041 1843 2078 con-

305 2113 492 2160 tentus
527 2106 781 2170 malicia,
821 2105 917 2157 sed
952 2104 1158 2156 malum
1192 2105 1338 2155 malo
1364 2119 1739 2174 exaggerans
1763 2110 1843 2162 de-

303 2192 616 2244 fensionem
660 2189 938 2253 quandam
984 2205 1094 2241 non
1138 2190 1297 2242 modo
1342 2191 1401 2240 in
1452 2205 1544 2241 me
1608 2197 1844 2263 turpem,

307 2276 404 2328 sed
449 2275 509 2326 in
541 2271 790 2339 ¹'optimos
839 2288 1088 2340 quosque
1133 2274 1513 2342 turpissimam
1563 2293 1641 2329 ac
1680 2281 1845 2346 plane

307 2359 628 2414 mendacem
657 2358 1006 2428 dimulgavit,
1033 2374 1143 2423 qua
1168 2362 1336 2411 etiam
1364 2360 1690 2415 innumeris
1722 2381 1842 2432 quo-

307 2445 592 2498 dammodo
626 2445 934 2497 mendaciis
972 2449 1031 2496 et
1053 2446 1295 2496 sinistris
1322 2442 1405 2509 (ut
1426 2457 1607 2510 supra
1632 2447 1845 2502 dictum

309 2530 416 2595 est)
463 2531 922 2594 persuasionibus
967 2535 1142 2582 totam
1187 2529 1305 2580 fere
1340 2528 1843 2588 Christianitatem

311 2613 677 2664 obumbravit.

409 2687 468 2752 ss
499 2697 640 2749 Item
663 2713 772 2749 non
800 2703 1094 2750 contentus
1118 2715 1219 2751 sua
1252 2699 1510 2765 malicia,
1549 2703 1847 2758 silentium
