1942 3109
485 263 552 306 63.
579 256 663 315 [1.]
689 269 921 305 mmmm
949 270 1021 303 nn
1050 268 1507 309 scnwmronnu.
1654 253 1754 305 357

225 374 399 425 semel
424 374 730 424 solenniter
754 374 1065 442 predicavit
1090 375 1147 422 in
1174 374 1408 423 ambone
1426 372 1573 437 quod
1594 372 1751 421 Chri-

225 464 344 509 stus
391 459 644 509 dominus
690 462 880 508 noster
924 459 1037 509 fuit
1082 458 1413 508 monachus:
1470 462 1528 508 et
1586 458 1755 507 scivit

225 547 397 595 etiam
430 543 666 594 realiter
711 542 1029 593 defendere.
1100 542 1211 593 Sed
1252 557 1399 592 unus
1444 541 1753 605 discipulus

225 628 650 693 Wimphelingii
685 627 868 678 noluit
895 625 1118 677 eredere
1142 627 1201 677 in
1228 626 1505 676 Christum
1530 626 1579 674 si
1604 629 1753 675 esset

222 713 527 763 monachus
566 716 626 762 et
660 712 800 761 fecit
835 711 964 763 illos
1000 726 1195 763 versus
1232 711 1497 776 desuper:

289 798 414 848 Non
449 813 552 862 ego
589 795 790 846 fallaci
823 800 977 847 tecto
1012 796 1167 860 Tibi,
1207 794 1444 859 Christe,
1484 794 1683 844 cuculo

429 880 796 931 Crediderim:
853 884 1009 932 veste
1062 881 1170 931 hac
1222 881 1377 930 fraus
1430 880 1749 945 tegiturque

692 963 700 971 ’
1037 963 1215 1013 dolus.

292 1048 474 1112 Atque
499 1049 701 1115 probat
724 1064 900 1099 novus
926 1065 955 1098 e
978 1048 1164 1098 Berua
1184 1048 1454 1115 quesitus,
1472 1045 1751 1109 habenda,

426 1134 793 1196 FranciscuS,
850 1133 1136 1183 monachis
1194 1136 1407 1195 quanta
1454 1132 1554 1196 sit,
1611 1131 1749 1195 ipse,

1032 1216 1185 1267 fides,

222 1303 331 1353 Sed
378 1302 511 1366 quid
557 1301 628 1352 ad
674 1302 778 1352 hoc
826 1301 970 1365 quod
1007 1318 1118 1351 non
1152 1301 1275 1351 vult
1312 1299 1571 1351 eredere?
1617 1304 1749 1349 tunc

223 1390 333 1437 erit
375 1388 683 1455 hereticus,
739 1388 888 1436 sieut
933 1387 1035 1437 alii
1081 1387 1178 1449 qui
1224 1384 1576 1435 condemnati
1620 1389 1751 1433 sunt

223 1487 344 1521 eum
370 1471 646 1522 Reuchlin
670 1471 728 1520 in
752 1470 1040 1521 Parrhisia
1078 1474 1135 1521 et
1162 1469 1399 1521 Colonia
1434 1475 1491 1519 et
1524 1470 1583 1518 in
1620 1469 1750 1519 aliis

221 1556 717 1607 Universitatibus.
780 1555 890 1605 Oro
929 1557 1099 1606 etiam
1136 1570 1237 1607 vos
1275 1558 1340 1604 ut
1362 1554 1553 1605 velitis
1580 1554 1748 1604 etiam

221 1655 390 1703 supra
439 1641 641 1690 librum
675 1656 894 1706 ponere
939 1640 1071 1690 illos
1116 1655 1311 1691 versus
1358 1654 1495 1702 quos
1542 1654 1645 1703 ego
1690 1640 1749 1686 in

225 1722 445 1774 laudem
485 1724 613 1773 libri
651 1729 708 1773 et
744 1722 1027 1787 authoris,
1063 1722 1329 1773 videlicet
1352 1722 1520 1771 Pauli
1542 1721 1748 1786 Langii

221 1809 505 1871 monaehi,
543 1824 668 1856 cum
703 1821 910 1871 magna
943 1806 1237 1873 diligentia
1266 1808 1545 1872 composui
1570 1812 1627 1857 et
1650 1822 1747 1871 pro

221 1892 420 1940 maiori
461 1895 621 1954 parte
669 1890 890 1953 quando
926 1890 993 1940 de
1029 1895 1191 1941 noete
1229 1891 1381 1940 iacui
1416 1892 1472 1940 in
1508 1891 1655 1941 lecto
1694 1896 1749 1940 et

221 1976 306 2025 sic
341 1974 662 2039 speculavi,
700 1976 835 2022 tunc
873 1974 1037 2035 quasi
1071 1975 1129 2023 in
1164 1975 1367 2023 somnis
1404 1975 1592 2023 faetus
1629 1990 1747 2023 sum

220 2057 572 2110 versificator
605 2061 666 2107 ut
701 2057 971 2121 sequitur.

359 2142 470 2191 Hic
506 2141 649 2191 liber
684 2140 968 2206 indignum
1074 2146 1241 2192 vexat
1276 2141 1538 2193 Iacobum
1574 2144 1745 2195 wim-

1033 2227 1382 2293 phelingum‚

461 2310 710 2376 Langius
748 2326 910 2375 quem
934 2312 1145 2363 Paulus
1248 2313 1466 2363 fecerat
1500 2313 1745 2376 mirifice,

355 2394 590 2445 Metrice
637 2397 733 2459 qui
777 2397 1033 2461 scripsit,
1141 2397 1311 2448 etiam
1357 2412 1577 2460 quoque
1623 2398 1745 2448 rhe-

1030 2482 1324 2546 toricavit‚

459 2566 620 2629 Quod
639 2582 828 2617 omnes
846 2566 1011 2616 Artes
1114 2569 1246 2615 sunt
1268 2566 1326 2614 in
1353 2564 1746 2615 cucullatulis.

311 2660 336 2699 5
362 2648 456 2699 Sic
495 2666 712 2715 quoque
750 2652 1055 2700 Tritemius
1158 2650 1324 2713 dixit,
1362 2650 1443 2697 sic
1483 2654 1539 2697 et
1574 2648 1744 2696 Eber-

1034 2732 1239 2782 hardus
