<?xml version="1.0" encoding="UTF-8"?>
<!DOCTYPE html PUBLIC "-//W3C//DTD XHTML 1.0 Transitional//EN"
    "http://www.w3.org/TR/xhtml1/DTD/xhtml1-transitional.dtd">
<html xmlns="http://www.w3.org/1999/xhtml" xml:lang="en" lang="en">
 <head>
  <title>
</title>
<meta http-equiv="Content-Type" content="text/html;charset=utf-8" />
  <meta name='ocr-system' content='tesseract 3.04.00' />
  <meta name='ocr-capabilities' content='ocr_page ocr_carea ocr_par ocr_line ocrx_word'/>
</head>
<body>
  <div class='ocr_page' id='page_1' title='image "./epistolaeobscur00huttgoog_0777.png"; bbox 0 0 1942 3109; ppageno 0'>
   <div class='ocr_carea' id='block_1_1' title="bbox 383 235 1837 288">
    <p class='ocr_par' dir='ltr' id='par_1_1' title="bbox 383 235 1837 288">
     <span class='ocr_line' id='line_1_1' title="bbox 383 235 1837 288; baseline -0.005 0"><span class='ocrx_word' id='word_1_1' title='bbox 383 235 485 288; x_wconf 74' lang='lat'><strong>316</strong></span> <span class='ocrx_word' id='word_1_2' title='bbox 551 247 1019 287; x_wconf 61' lang='lat' dir='ltr'><strong>naun-rancus</strong></span> <span class='ocrx_word' id='word_1_3' title='bbox 1056 249 1375 286; x_wconf 74' lang='lat' dir='ltr'><strong>oascvaon.</strong></span> <span class='ocrx_word' id='word_1_4' title='bbox 1404 251 1729 288; x_wconf 66' lang='lat' dir='ltr'><strong>Btvcnmn.</strong></span> <span class='ocrx_word' id='word_1_5' title='bbox 1750 247 1837 285; x_wconf 70' lang='lat' dir='ltr'><strong>nou</strong></span> 
     </span>
    </p>
   </div>
   <div class='ocr_carea' id='block_1_2' title="bbox 321 353 1837 2780">
    <p class='ocr_par' dir='ltr' id='par_1_2' title="bbox 321 353 1837 2780">
     <span class='ocr_line' id='line_1_2' title="bbox 383 353 1836 419; baseline -0.004 -13"><span class='ocrx_word' id='word_1_6' title='bbox 383 355 837 418; x_wconf 80' lang='lat' dir='ltr'><strong>Iurisconsultus,</strong></span> <span class='ocrx_word' id='word_1_7' title='bbox 873 357 1159 405; x_wconf 75' lang='lat' dir='ltr'><strong>emunctae</strong></span> <span class='ocrx_word' id='word_1_8' title='bbox 1194 359 1606 419; x_wconf 80' lang='lat' dir='ltr'><strong>purgatasque</strong></span> <span class='ocrx_word' id='word_1_9' title='bbox 1642 371 1787 405; x_wconf 82' lang='lat' dir='ltr'><strong>nares</strong></span> <span class='ocrx_word' id='word_1_10' title='bbox 1808 353 1836 400; x_wconf 69' lang='lat' dir='ltr'>h</span> 
     </span>
     <span class='ocr_line' id='line_1_3' title="bbox 383 437 1837 505; baseline -0.001 -13"><span class='ocrx_word' id='word_1_11' title='bbox 383 442 552 505; x_wconf 85' lang='lat' dir='ltr'><strong>bens,</strong></span> <span class='ocrx_word' id='word_1_12' title='bbox 599 444 848 492; x_wconf 85' lang='lat' dir='ltr'><strong>tortuoso</strong></span> <span class='ocrx_word' id='word_1_13' title='bbox 881 438 1167 504; x_wconf 84' lang='lat' dir='ltr'><strong>respondit</strong></span> <span class='ocrx_word' id='word_1_14' title='bbox 1198 437 1395 503; x_wconf 85' lang='lat' dir='ltr'><strong>vultu,</strong></span> <span class='ocrx_word' id='word_1_15' title='bbox 1446 438 1605 490; x_wconf 84' lang='lat' dir='ltr'><strong>‘Non</strong></span> <span class='ocrx_word' id='word_1_16' title='bbox 1638 441 1837 491; x_wconf 62' lang='lat' dir='ltr'><strong>Falerna</strong></span> 
     </span>
     <span class='ocr_line' id='line_1_4' title="bbox 389 525 1836 588; baseline -0.005 -12"><span class='ocrx_word' id='word_1_17' title='bbox 389 528 595 578; x_wconf 82' lang='lat' dir='ltr'><strong>canes‘.</strong></span> <span class='ocrx_word' id='word_1_18' title='bbox 665 525 886 576; x_wconf 79' lang='lat' dir='ltr'>Adiecit</span> <span class='ocrx_word' id='word_1_19' title='bbox 929 538 1149 588; x_wconf 88' lang='lat' dir='ltr'><strong>quoque</strong></span> <span class='ocrx_word' id='word_1_20' title='bbox 1197 537 1322 573; x_wconf 86' lang='lat' dir='ltr'><strong>eum</strong></span> <span class='ocrx_word' id='word_1_21' title='bbox 1370 525 1615 588; x_wconf 81' lang='lat' dir='ltr'><strong>penitus</strong></span> <span class='ocrx_word' id='word_1_22' title='bbox 1664 535 1836 574; x_wconf 74' lang='lat' dir='ltr'><strong>amente:</strong></span> 
     </span>
     <span class='ocr_line' id='line_1_5' title="bbox 389 607 1836 675; baseline -0.004 -13"><span class='ocrx_word' id='word_1_23' title='bbox 389 625 532 675; x_wconf 81' lang='lat' dir='ltr'><strong>esse,</strong></span> <span class='ocrx_word' id='word_1_24' title='bbox 569 610 666 674; x_wconf 86' lang='lat' dir='ltr'><strong>qui</strong></span> <span class='ocrx_word' id='word_1_25' title='bbox 701 612 955 660; x_wconf 86' lang='lat' dir='ltr'><strong>sanctum</strong></span> <span class='ocrx_word' id='word_1_26' title='bbox 993 609 1119 658; x_wconf 87' lang='lat' dir='ltr'><strong>cani</strong></span> <span class='ocrx_word' id='word_1_27' title='bbox 1152 607 1267 670; x_wconf 82' lang='lat' dir='ltr'><strong>det,</strong></span> <span class='ocrx_word' id='word_1_28' title='bbox 1304 611 1365 658; x_wconf 85' lang='lat' dir='ltr'><strong>et</strong></span> <span class='ocrx_word' id='word_1_29' title='bbox 1403 611 1549 659; x_wconf 83' lang='lat' dir='ltr'><strong>ante</strong></span> <span class='ocrx_word' id='word_1_30' title='bbox 1586 624 1739 660; x_wconf 85' lang='lat' dir='ltr'><strong>suem</strong></span> <span class='ocrx_word' id='word_1_31' title='bbox 1766 619 1836 656; x_wconf 65' lang='lat' dir='ltr'><strong>msa</strong></span> 
     </span>
     <span class='ocr_line' id='line_1_6' title="bbox 387 691 1836 762; baseline -0.006 -16"><span class='ocrx_word' id='word_1_32' title='bbox 387 695 829 762; x_wconf 76' lang='lat' dir='ltr'><strong>margaritasque</strong></span> <span class='ocrx_word' id='word_1_33' title='bbox 865 693 1179 758; x_wconf 79' lang='lat' dir='ltr'><strong>dispergat,</strong></span> <span class='ocrx_word' id='word_1_34' title='bbox 1214 707 1313 742; x_wconf 87' lang='lat' dir='ltr'><strong>nos</strong></span> <span class='ocrx_word' id='word_1_35' title='bbox 1352 707 1568 758; x_wconf 86' lang='lat' dir='ltr'><strong>porcos</strong></span> <span class='ocrx_word' id='word_1_36' title='bbox 1604 694 1741 758; x_wconf 82' lang='lat' dir='ltr'><strong>proh</strong></span> <span class='ocrx_word' id='word_1_37' title='bbox 1765 691 1836 740; x_wconf 12' lang='lat' dir='ltr'><strong>devia</strong></span> 
     </span>
     <span class='ocr_line' id='line_1_7' title="bbox 389 774 1837 846; baseline -0.005 -15"><span class='ocrx_word' id='word_1_38' title='bbox 389 778 738 846; x_wconf 83' lang='lat' dir='ltr'><strong>significans,</strong></span> <span class='ocrx_word' id='word_1_39' title='bbox 798 779 894 843; x_wconf 88' lang='lat' dir='ltr'><strong>qui</strong></span> <span class='ocrx_word' id='word_1_40' title='bbox 937 781 1163 828; x_wconf 87' lang='lat' dir='ltr'><strong>terrena</strong></span> <span class='ocrx_word' id='word_1_41' title='bbox 1218 776 1400 841; x_wconf 86' lang='lat' dir='ltr'><strong>pluris</strong></span> <span class='ocrx_word' id='word_1_42' title='bbox 1464 791 1647 841; x_wconf 83' lang='lat' dir='ltr'><strong>quam</strong></span> <span class='ocrx_word' id='word_1_43' title='bbox 1704 774 1837 844; x_wconf 53' lang='lat' dir='ltr'><strong>celestis</strong></span> 
     </span>
     <span class='ocr_line' id='line_1_8' title="bbox 391 859 1836 928; baseline -0.003 -12"><span class='ocrx_word' id='word_1_44' title='bbox 391 865 694 928; x_wconf 78' lang='lat' dir='ltr'><strong>faciamus,</strong></span> <span class='ocrx_word' id='word_1_45' title='bbox 741 878 810 914; x_wconf 86' lang='lat' dir='ltr'><strong>ac</strong></span> <span class='ocrx_word' id='word_1_46' title='bbox 854 863 904 914; x_wconf 87' lang='lat' dir='ltr'><strong>si</strong></span> <span class='ocrx_word' id='word_1_47' title='bbox 940 866 1133 928; x_wconf 83' lang='lat' dir='ltr'><strong>aperte</strong></span> <span class='ocrx_word' id='word_1_48' title='bbox 1171 876 1293 911; x_wconf 89' lang='lat' dir='ltr'><strong>cum</strong></span> <span class='ocrx_word' id='word_1_49' title='bbox 1324 859 1652 914; x_wconf 75' lang='lat' dir='ltr'><strong>Hermolao</strong></span> <span class='ocrx_word' id='word_1_50' title='bbox 1686 862 1836 913; x_wconf 61' lang='lat' dir='ltr'><strong>Barbas:</strong></span> 
     </span>
     <span class='ocr_line' id='line_1_9' title="bbox 392 947 1836 1014; baseline -0.006 -14"><span class='ocrx_word' id='word_1_51' title='bbox 392 950 654 1013; x_wconf 79' lang='lat' dir='ltr'>dixisset,</span> <span class='ocrx_word' id='word_1_52' title='bbox 713 947 794 998; x_wconf 89' lang='lat' dir='ltr'><strong>nil</strong></span> <span class='ocrx_word' id='word_1_53' title='bbox 845 961 987 1014; x_wconf 73' lang='lat' dir='ltr'><strong>opus</strong></span> <span class='ocrx_word' id='word_1_54' title='bbox 1044 961 1169 997; x_wconf 83' lang='lat' dir='ltr'><strong>esse</strong></span> <span class='ocrx_word' id='word_1_55' title='bbox 1226 947 1407 995; x_wconf 83' lang='lat' dir='ltr'><strong>tantis</strong></span> <span class='ocrx_word' id='word_1_56' title='bbox 1468 947 1755 1008; x_wconf 67' lang='lat' dir='ltr'><strong>rhetoriiS,</strong></span> <span class='ocrx_word' id='word_1_57' title='bbox 1794 957 1836 991; x_wconf 61' lang='lat' dir='ltr'><strong>ns</strong></span> 
     </span>
     <span class='ocr_line' id='line_1_10' title="bbox 391 1030 1836 1097; baseline -0.004 -12"><span class='ocrx_word' id='word_1_58' title='bbox 391 1035 544 1085; x_wconf 83' lang='lat' dir='ltr'><strong>ranis</strong></span> <span class='ocrx_word' id='word_1_59' title='bbox 589 1037 648 1084; x_wconf 82' lang='lat' dir='ltr'><strong>et</strong></span> <span class='ocrx_word' id='word_1_60' title='bbox 691 1032 911 1097; x_wconf 84' lang='lat' dir='ltr'><strong>quidem</strong></span> <span class='ocrx_word' id='word_1_61' title='bbox 953 1030 1210 1096; x_wconf 84' lang='lat' dir='ltr'><strong>seriphiis</strong></span> <span class='ocrx_word' id='word_1_62' title='bbox 1256 1030 1573 1094; x_wconf 82' lang='lat' dir='ltr'><strong>quicquam</strong></span> <span class='ocrx_word' id='word_1_63' title='bbox 1616 1033 1836 1097; x_wconf 64' lang='lat' dir='ltr'><strong>propium</strong></span> 
     </span>
     <span class='ocr_line' id='line_1_11' title="bbox 394 1115 1837 1186; baseline -0.008 -17"><span class='ocrx_word' id='word_1_64' title='bbox 394 1119 488 1170; x_wconf 87' lang='lat' dir='ltr'><strong>Sic</strong></span> <span class='ocrx_word' id='word_1_65' title='bbox 521 1119 655 1186; x_wconf 71' lang='lat' dir='ltr'><strong>letis</strong></span> <span class='ocrx_word' id='word_1_66' title='bbox 689 1117 1066 1168; x_wconf 84' lang='lat' dir='ltr'><strong>interveniunt</strong></span> <span class='ocrx_word' id='word_1_67' title='bbox 1097 1115 1313 1179; x_wconf 84' lang='lat' dir='ltr'><strong>tristia,</strong></span> <span class='ocrx_word' id='word_1_68' title='bbox 1350 1115 1431 1164; x_wconf 88' lang='lat' dir='ltr'><strong>mi</strong></span> <span class='ocrx_word' id='word_1_69' title='bbox 1468 1116 1695 1181; x_wconf 77' lang='lat' dir='ltr'><strong>Lyrice‚</strong></span> <span class='ocrx_word' id='word_1_70' title='bbox 1724 1119 1769 1163; x_wconf 76' lang='lat' dir='ltr'><strong>et</strong></span> <span class='ocrx_word' id='word_1_71' title='bbox 1796 1125 1837 1160; x_wconf 69' lang='lat' dir='ltr'><strong>ex</strong></span> 
     </span>
     <span class='ocr_line' id='line_1_12' title="bbox 391 1197 1837 1268; baseline -0.009 -14"><span class='ocrx_word' id='word_1_72' title='bbox 391 1208 568 1255; x_wconf 90' lang='lat' dir='ltr'><strong>trema</strong></span> <span class='ocrx_word' id='word_1_73' title='bbox 604 1200 798 1268; x_wconf 83' lang='lat' dir='ltr'><strong>gaudii</strong></span> <span class='ocrx_word' id='word_1_74' title='bbox 832 1197 917 1265; x_wconf 89' lang='lat' dir='ltr'><strong>(ut</strong></span> <span class='ocrx_word' id='word_1_75' title='bbox 949 1201 1010 1249; x_wconf 89' lang='lat' dir='ltr'><strong>in</strong></span> <span class='ocrx_word' id='word_1_76' title='bbox 1042 1199 1224 1250; x_wconf 86' lang='lat' dir='ltr'><strong>veteri</strong></span> <span class='ocrx_word' id='word_1_77' title='bbox 1258 1201 1345 1248; x_wconf 92' lang='lat' dir='ltr'><strong>est</strong></span> <span class='ocrx_word' id='word_1_78' title='bbox 1380 1200 1697 1263; x_wconf 63' lang='lat' dir='ltr'><strong>proverbio]</strong></span> <span class='ocrx_word' id='word_1_79' title='bbox 1719 1197 1837 1246; x_wconf 75' lang='lat' dir='ltr'><strong>luctu</strong></span> 
     </span>
     <span class='ocr_line' id='line_1_13' title="bbox 395 1281 1836 1353; baseline -0.006 -14"><span class='ocrx_word' id='word_1_80' title='bbox 395 1303 670 1353; x_wconf 86' lang='lat' dir='ltr'><strong>occupare</strong></span> <span class='ocrx_word' id='word_1_81' title='bbox 697 1285 1009 1336; x_wconf 84' lang='lat' dir='ltr'><strong>consuevit.</strong></span> <span class='ocrx_word' id='word_1_82' title='bbox 1040 1284 1241 1334; x_wconf 87' lang='lat' dir='ltr'><strong>Verum</strong></span> <span class='ocrx_word' id='word_1_83' title='bbox 1266 1283 1375 1332; x_wconf 90' lang='lat' dir='ltr'><strong>hac</strong></span> <span class='ocrx_word' id='word_1_84' title='bbox 1400 1283 1473 1334; x_wconf 85' lang='lat' dir='ltr'><strong>de</strong></span> <span class='ocrx_word' id='word_1_85' title='bbox 1502 1301 1567 1336; x_wconf 90' lang='lat' dir='ltr'><strong>re</strong></span> <span class='ocrx_word' id='word_1_86' title='bbox 1591 1289 1736 1336; x_wconf 66' lang='lat' dir='ltr'><strong>satia</strong></span> <span class='ocrx_word' id='word_1_87' title='bbox 1764 1281 1836 1343; x_wconf 52' lang='lat' dir='ltr'><strong>Qu]</strong></span> 
     </span>
     <span class='ocr_line' id='line_1_14' title="bbox 397 1366 1837 1433; baseline -0.007 -10"><span class='ocrx_word' id='word_1_88' title='bbox 397 1377 582 1423; x_wconf 85' lang='lat' dir='ltr'><strong>autem</strong></span> <span class='ocrx_word' id='word_1_89' title='bbox 617 1371 683 1421; x_wconf 84' lang='lat' dir='ltr'><strong>de</strong></span> <span class='ocrx_word' id='word_1_90' title='bbox 719 1369 926 1420; x_wconf 86' lang='lat' dir='ltr'><strong>litteris</strong></span> <span class='ocrx_word' id='word_1_91' title='bbox 961 1367 1199 1419; x_wconf 86' lang='lat' dir='ltr'><strong>sentiam</strong></span> <span class='ocrx_word' id='word_1_92' title='bbox 1233 1366 1455 1430; x_wconf 82' lang='lat' dir='ltr'><strong>divinis,</strong></span> <span class='ocrx_word' id='word_1_93' title='bbox 1484 1371 1689 1433; x_wconf 82' lang='lat' dir='ltr'><strong>paucis</strong></span> <span class='ocrx_word' id='word_1_94' title='bbox 1710 1366 1837 1427; x_wconf 63' lang='lat' dir='ltr'><strong>accis·</strong></span> 
     </span>
     <span class='ocr_line' id='line_1_15' title="bbox 394 1452 1827 1521; baseline -0.006 -15"><span class='ocrx_word' id='word_1_95' title='bbox 394 1458 514 1521; x_wconf 88' lang='lat' dir='ltr'><strong>Ego</strong></span> <span class='ocrx_word' id='word_1_96' title='bbox 549 1460 700 1504; x_wconf 85' lang='lat' dir='ltr'><strong>tuam</strong></span> <span class='ocrx_word' id='word_1_97' title='bbox 737 1453 1027 1504; x_wconf 75' lang='lat' dir='ltr'><strong>subscribo</strong></span> <span class='ocrx_word' id='word_1_98' title='bbox 1056 1452 1413 1516; x_wconf 85' lang='lat' dir='ltr'><strong>sententiam,</strong></span> <span class='ocrx_word' id='word_1_99' title='bbox 1449 1452 1545 1503; x_wconf 87' lang='lat' dir='ltr'><strong>illi</strong></span> <span class='ocrx_word' id='word_1_100' title='bbox 1580 1452 1827 1505; x_wconf 58' lang='lat' dir='ltr'><strong>immersi*</strong></span> 
     </span>
     <span class='ocr_line' id='line_1_16' title="bbox 323 1534 1834 1606; baseline -0.009 -15"><span class='ocrx_word' id='word_1_101' title='bbox 323 1555 330 1562; x_wconf 87' lang='lat'><strong>·</strong></span> <span class='ocrx_word' id='word_1_102' title='bbox 393 1541 479 1591; x_wconf 90' lang='lat' dir='ltr'><strong>illi</strong></span> <span class='ocrx_word' id='word_1_103' title='bbox 498 1539 605 1588; x_wconf 87' lang='lat' dir='ltr'><strong>soli</strong></span> <span class='ocrx_word' id='word_1_104' title='bbox 629 1536 883 1587; x_wconf 82' lang='lat' dir='ltr'><strong>serviam.</strong></span> <span class='ocrx_word' id='word_1_105' title='bbox 909 1534 1200 1606; x_wconf 85' lang='lat' dir='ltr'><strong>Aperienti</strong></span> <span class='ocrx_word' id='word_1_106' title='bbox 1222 1536 1393 1586; x_wconf 83' lang='lat' dir='ltr'><strong>etiam</strong></span> <span class='ocrx_word' id='word_1_107' title='bbox 1417 1537 1561 1587; x_wconf 90' lang='lat' dir='ltr'><strong>mihi</strong></span> <span class='ocrx_word' id='word_1_108' title='bbox 1582 1537 1834 1604; x_wconf 62' lang='lat' dir='ltr'><strong>psalteriu-</strong></span> 
     </span>
     <span class='ocr_line' id='line_1_17' title="bbox 394 1619 1835 1688; baseline -0.003 -15"><span class='ocrx_word' id='word_1_109' title='bbox 394 1623 570 1676; x_wconf 87' lang='lat' dir='ltr'><strong>multa</strong></span> <span class='ocrx_word' id='word_1_110' title='bbox 617 1636 750 1688; x_wconf 75' lang='lat' dir='ltr'><strong>sepe</strong></span> <span class='ocrx_word' id='word_1_111' title='bbox 791 1619 1003 1683; x_wconf 89' lang='lat' dir='ltr'><strong>(nescio</strong></span> <span class='ocrx_word' id='word_1_112' title='bbox 1040 1633 1147 1683; x_wconf 88' lang='lat' dir='ltr'><strong>quo</strong></span> <span class='ocrx_word' id='word_1_113' title='bbox 1182 1619 1240 1670; x_wconf 85' lang='lat' dir='ltr'><strong>id</strong></span> <span class='ocrx_word' id='word_1_114' title='bbox 1274 1619 1372 1670; x_wconf 86' lang='lat' dir='ltr'><strong>fiat</strong></span> <span class='ocrx_word' id='word_1_115' title='bbox 1408 1621 1645 1688; x_wconf 86' lang='lat' dir='ltr'><strong>spiritu)</strong></span> <span class='ocrx_word' id='word_1_116' title='bbox 1694 1637 1771 1687; x_wconf 64' lang='lat' dir='ltr'><strong>qup</strong></span> <span class='ocrx_word' id='word_1_117' title='bbox 1788 1629 1835 1662; x_wconf 61' lang='grc' dir='ltr'><strong>Δί’·</strong></span> 
     </span>
     <span class='ocr_line' id='line_1_18' title="bbox 394 1702 1833 1772; baseline -0.009 -13"><span class='ocrx_word' id='word_1_118' title='bbox 394 1709 491 1759; x_wconf 90' lang='lat' dir='ltr'><strong>lim</strong></span> <span class='ocrx_word' id='word_1_119' title='bbox 536 1704 767 1758; x_wconf 85' lang='lat' dir='ltr'><strong>offend0.</strong></span> <span class='ocrx_word' id='word_1_120' title='bbox 837 1704 960 1772; x_wconf 80' lang='lat' dir='ltr'><strong>Hec</strong></span> <span class='ocrx_word' id='word_1_121' title='bbox 1006 1704 1065 1753; x_wconf 89' lang='lat' dir='ltr'><strong>in</strong></span> <span class='ocrx_word' id='word_1_122' title='bbox 1111 1705 1330 1768; x_wconf 84' lang='lat' dir='ltr'><strong>primis:</strong></span> <span class='ocrx_word' id='word_1_123' title='bbox 1390 1702 1567 1758; x_wconf 88' lang='lat' dir='ltr'><strong>‘Ecce</strong></span> <span class='ocrx_word' id='word_1_124' title='bbox 1602 1708 1833 1772; x_wconf 60' lang='lat' dir='ltr'><strong>peccaveris</strong></span> 
     </span>
     <span class='ocr_line' id='line_1_19' title="bbox 396 1784 1835 1856; baseline -0.006 -12"><span class='ocrx_word' id='word_1_125' title='bbox 396 1792 751 1844; x_wconf 85' lang='lat' dir='ltr'><strong>intenderunt</strong></span> <span class='ocrx_word' id='word_1_126' title='bbox 785 1805 1002 1854; x_wconf 88' lang='lat' dir='ltr'><strong>arcum,</strong></span> <span class='ocrx_word' id='word_1_127' title='bbox 1038 1793 1383 1854; x_wconf 82' lang='lat' dir='ltr'><strong>paraverunt</strong></span> <span class='ocrx_word' id='word_1_128' title='bbox 1419 1792 1671 1856; x_wconf 80' lang='lat' dir='ltr'><strong>sagittas</strong></span> <span class='ocrx_word' id='word_1_129' title='bbox 1702 1784 1835 1841; x_wconf 65' lang='lat' dir='ltr'><strong>suasii</strong></span> 
     </span>
     <span class='ocr_line' id='line_1_20' title="bbox 399 1867 1834 1946; baseline -0.007 -17"><span class='ocrx_word' id='word_1_130' title='bbox 399 1880 690 1946; x_wconf 85' lang='lat' dir='ltr'><strong>pharetra,</strong></span> <span class='ocrx_word' id='word_1_131' title='bbox 727 1880 790 1925; x_wconf 88' lang='lat' dir='ltr'><strong>ut</strong></span> <span class='ocrx_word' id='word_1_132' title='bbox 825 1876 1099 1940; x_wconf 78' lang='lat' dir='ltr'><strong>sagittent</strong></span> <span class='ocrx_word' id='word_1_133' title='bbox 1131 1874 1190 1922; x_wconf 90' lang='lat' dir='ltr'><strong>in</strong></span> <span class='ocrx_word' id='word_1_134' title='bbox 1226 1874 1463 1927; x_wconf 87' lang='lat' dir='ltr'><strong>obscuro</strong></span> <span class='ocrx_word' id='word_1_135' title='bbox 1501 1879 1693 1927; x_wconf 83' lang='lat' dir='ltr'><strong>rectos</strong></span> <span class='ocrx_word' id='word_1_136' title='bbox 1724 1867 1834 1922; x_wconf 63' lang='lat' dir='ltr'><strong>corde*</strong></span> 
     </span>
     <span class='ocr_line' id='line_1_21' title="bbox 398 1957 1835 2026; baseline -0.006 -11"><span class='ocrx_word' id='word_1_137' title='bbox 398 1965 510 2014; x_wconf 86' lang='lat' dir='ltr'><strong>Hic</strong></span> <span class='ocrx_word' id='word_1_138' title='bbox 545 1961 688 2013; x_wconf 87' lang='lat' dir='ltr'><strong>enim</strong></span> <span class='ocrx_word' id='word_1_139' title='bbox 732 1975 832 2026; x_wconf 88' lang='lat' dir='ltr'><strong>per</strong></span> <span class='ocrx_word' id='word_1_140' title='bbox 871 1960 1025 2025; x_wconf 83' lang='lat' dir='ltr'><strong>ipsos</strong></span> <span class='ocrx_word' id='word_1_141' title='bbox 1060 1961 1387 2023; x_wconf 77' lang='lat' dir='ltr'><strong>peccatores</strong></span> <span class='ocrx_word' id='word_1_142' title='bbox 1426 1957 1513 2022; x_wconf 91' lang='lat' dir='ltr'><strong>(ut</strong></span> <span class='ocrx_word' id='word_1_143' title='bbox 1550 1961 1621 2010; x_wconf 86' lang='lat' dir='ltr'><strong>ab</strong></span> <span class='ocrx_word' id='word_1_144' title='bbox 1670 1959 1779 2009; x_wconf 81' lang='lat' dir='ltr'><strong>aliis</strong></span> <span class='ocrx_word' id='word_1_145' title='bbox 1802 1967 1835 2000; x_wconf 70' lang='lat'><strong>¹³³</strong></span> 
     </span>
     <span class='ocr_line' id='line_1_22' title="bbox 403 2041 1835 2114; baseline -0.009 -15"><span class='ocrx_word' id='word_1_146' title='bbox 403 2043 672 2114; x_wconf 86' lang='lat' dir='ltr'><strong>cepimus)</strong></span> <span class='ocrx_word' id='word_1_147' title='bbox 725 2060 827 2096; x_wconf 89' lang='lat' dir='ltr'><strong>nos</strong></span> <span class='ocrx_word' id='word_1_148' title='bbox 877 2043 1104 2095; x_wconf 86' lang='lat' dir='ltr'><strong>obscuri</strong></span> <span class='ocrx_word' id='word_1_149' title='bbox 1144 2041 1541 2108; x_wconf 80' lang='lat' dir='ltr'><strong>intelligimur,</strong></span> <span class='ocrx_word' id='word_1_150' title='bbox 1600 2059 1699 2109; x_wconf 82' lang='lat' dir='ltr'><strong>per</strong></span> <span class='ocrx_word' id='word_1_151' title='bbox 1736 2046 1835 2090; x_wconf 68' lang='lat' dir='ltr'><strong>rect*</strong></span> 
     </span>
     <span class='ocr_line' id='line_1_23' title="bbox 321 2115 1835 2198; baseline -0.009 -10"><span class='ocrx_word' id='word_1_152' title='bbox 321 2134 375 2198; x_wconf 71' lang='lat' dir='ltr'><strong>ej</strong></span> <span class='ocrx_word' id='word_1_153' title='bbox 401 2150 533 2186; x_wconf 83' lang='lat' dir='ltr'><strong>vero</strong></span> <span class='ocrx_word' id='word_1_154' title='bbox 567 2131 732 2182; x_wconf 89' lang='lat' dir='ltr'><strong>corde</strong></span> <span class='ocrx_word' id='word_1_155' title='bbox 766 2128 1057 2194; x_wconf 68' lang='lat' dir='ltr'><strong>&#39;l&#39;heologL</strong></span> <span class='ocrx_word' id='word_1_156' title='bbox 1100 2123 1127 2194; x_wconf 80' lang='lat' dir='ltr'>ss</span> <span class='ocrx_word' id='word_1_157' title='bbox 1178 2127 1320 2178; x_wconf 88' lang='lat' dir='ltr'><strong>Item</strong></span> <span class='ocrx_word' id='word_1_158' title='bbox 1365 2125 1479 2177; x_wconf 86' lang='lat' dir='ltr'><strong>alio</strong></span> <span class='ocrx_word' id='word_1_159' title='bbox 1524 2130 1589 2178; x_wconf 88' lang='lat' dir='ltr'><strong>in</strong></span> <span class='ocrx_word' id='word_1_160' title='bbox 1620 2129 1739 2180; x_wconf 86' lang='lat' dir='ltr'><strong>loeo</strong></span> <span class='ocrx_word' id='word_1_161' title='bbox 1766 2115 1835 2188; x_wconf 61' lang='lat' dir='ltr'><strong>pv]</strong></span> 
     </span>
     <span class='ocr_line' id='line_1_24' title="bbox 403 2199 1835 2279; baseline -0.009 -11"><span class='ocrx_word' id='word_1_162' title='bbox 403 2218 568 2269; x_wconf 81' lang='lat' dir='ltr'><strong>mista</strong></span> <span class='ocrx_word' id='word_1_163' title='bbox 603 2215 810 2279; x_wconf 84' lang='lat' dir='ltr'><strong>inquit:</strong></span> <span class='ocrx_word' id='word_1_164' title='bbox 851 2213 1130 2278; x_wconf 86' lang='lat' dir='ltr'><strong>‘Corrupti</strong></span> <span class='ocrx_word' id='word_1_165' title='bbox 1163 2215 1309 2276; x_wconf 88' lang='lat' dir='ltr'><strong>sunt,</strong></span> <span class='ocrx_word' id='word_1_166' title='bbox 1338 2211 1743 2264; x_wconf 85' lang='lat' dir='ltr'><strong>abominabiles</strong></span> <span class='ocrx_word' id='word_1_167' title='bbox 1770 2199 1835 2258; x_wconf 64' lang='lat' dir='ltr'><strong>faci</strong></span> 
     </span>
     <span class='ocr_line' id='line_1_25' title="bbox 403 2296 1832 2359; baseline -0.008 -6"><span class='ocrx_word' id='word_1_168' title='bbox 403 2305 530 2353; x_wconf 86' lang='lat' dir='ltr'><strong>sunt</strong></span> <span class='ocrx_word' id='word_1_169' title='bbox 563 2300 621 2350; x_wconf 89' lang='lat' dir='ltr'><strong>in</strong></span> <span class='ocrx_word' id='word_1_170' title='bbox 656 2297 854 2350; x_wconf 76' lang='lat' dir='ltr'><strong>studiis</strong></span> <span class='ocrx_word' id='word_1_171' title='bbox 889 2297 1023 2348; x_wconf 87' lang='lat' dir='ltr'><strong>suis.</strong></span> <span class='ocrx_word' id='word_1_172' title='bbox 1091 2312 1203 2347; x_wconf 81' lang='lat' dir='ltr'><strong>non</strong></span> <span class='ocrx_word' id='word_1_173' title='bbox 1237 2298 1323 2346; x_wconf 84' lang='lat' dir='ltr'><strong>est</strong></span> <span class='ocrx_word' id='word_1_174' title='bbox 1355 2296 1453 2359; x_wconf 88' lang='lat' dir='ltr'><strong>qui</strong></span> <span class='ocrx_word' id='word_1_175' title='bbox 1488 2296 1679 2347; x_wconf 82' lang='lat' dir='ltr'><strong>faciat</strong></span> <span class='ocrx_word' id='word_1_176' title='bbox 1708 2297 1832 2346; x_wconf 66' lang='lat' dir='ltr'><strong>bonus</strong></span> 
     </span>
     <span class='ocr_line' id='line_1_26' title="bbox 403 2369 1832 2448; baseline -0.007 -11"><span class='ocrx_word' id='word_1_177' title='bbox 403 2403 511 2440; x_wconf 87' lang='lat' dir='ltr'><strong>non</strong></span> <span class='ocrx_word' id='word_1_178' title='bbox 558 2389 644 2437; x_wconf 87' lang='lat' dir='ltr'><strong>est</strong></span> <span class='ocrx_word' id='word_1_179' title='bbox 686 2399 862 2448; x_wconf 87' lang='lat' dir='ltr'><strong>usque</strong></span> <span class='ocrx_word' id='word_1_180' title='bbox 909 2382 983 2432; x_wconf 87' lang='lat' dir='ltr'><strong>ad</strong></span> <span class='ocrx_word' id='word_1_181' title='bbox 1027 2382 1229 2432; x_wconf 83' lang='lat' dir='ltr'><strong>unum&#39;.</strong></span> <span class='ocrx_word' id='word_1_182' title='bbox 1298 2380 1373 2430; x_wconf 88' lang='lat' dir='ltr'><strong>Et</strong></span> <span class='ocrx_word' id='word_1_183' title='bbox 1414 2381 1652 2432; x_wconf 85' lang='lat' dir='ltr'><strong>iterum:</strong></span> <span class='ocrx_word' id='word_1_184' title='bbox 1714 2369 1832 2440; x_wconf 63' lang='lat' dir='ltr'><strong>‘Sep-‘J&#39;</strong></span> 
     </span>
     <span class='ocr_line' id='line_1_27' title="bbox 405 2457 1832 2534; baseline -0.008 -12"><span class='ocrx_word' id='word_1_185' title='bbox 405 2473 592 2522; x_wconf 86' lang='lat' dir='ltr'><strong>chrum</strong></span> <span class='ocrx_word' id='word_1_186' title='bbox 626 2473 824 2534; x_wconf 86' lang='lat' dir='ltr'><strong>patens</strong></span> <span class='ocrx_word' id='word_1_187' title='bbox 861 2470 948 2518; x_wconf 84' lang='lat' dir='ltr'><strong>est</strong></span> <span class='ocrx_word' id='word_1_188' title='bbox 982 2469 1172 2531; x_wconf 80' lang='lat' dir='ltr'><strong>guttur</strong></span> <span class='ocrx_word' id='word_1_189' title='bbox 1206 2480 1409 2528; x_wconf 88' lang='lat' dir='ltr'><strong>eorum,</strong></span> <span class='ocrx_word' id='word_1_190' title='bbox 1434 2464 1653 2530; x_wconf 86' lang='lat' dir='ltr'><strong>ling-nis</strong></span> <span class='ocrx_word' id='word_1_191' title='bbox 1688 2466 1784 2517; x_wconf 80' lang='lat' dir='ltr'><strong>suis</strong></span> <span class='ocrx_word' id='word_1_192' title='bbox 1806 2457 1832 2504; x_wconf 50' lang='grc' dir='ltr'><strong>ἐῢ</strong></span> 
     </span>
     <span class='ocr_line' id='line_1_28' title="bbox 403 2541 1832 2614; baseline -0.001 -14"><span class='ocrx_word' id='word_1_193' title='bbox 403 2555 522 2601; x_wconf 84' lang='lat' dir='ltr'><strong>lose</strong></span> <span class='ocrx_word' id='word_1_194' title='bbox 559 2553 750 2614; x_wconf 82' lang='lat' dir='ltr'><strong>agunt,</strong></span> <span class='ocrx_word' id='word_1_195' title='bbox 783 2565 1057 2599; x_wconf 82' lang='lat' dir='ltr'><strong>venenum</strong></span> <span class='ocrx_word' id='word_1_196' title='bbox 1093 2548 1345 2611; x_wconf 78' lang='lat' dir='ltr'><strong>aspidum</strong></span> <span class='ocrx_word' id='word_1_197' title='bbox 1377 2550 1480 2599; x_wconf 85' lang='lat' dir='ltr'><strong>sub</strong></span> <span class='ocrx_word' id='word_1_198' title='bbox 1506 2550 1683 2602; x_wconf 83' lang='lat' dir='ltr'><strong>labiis</strong></span> <span class='ocrx_word' id='word_1_199' title='bbox 1708 2541 1832 2601; x_wconf 55' lang='lat' dir='ltr'><strong>eorm¹³</strong></span> 
     </span>
     <span class='ocr_line' id='line_1_29' title="bbox 401 2630 1833 2699; baseline -0.002 -18"><span class='ocrx_word' id='word_1_200' title='bbox 401 2634 690 2680; x_wconf 85' lang='lat' dir='ltr'><strong>Postremo</strong></span> <span class='ocrx_word' id='word_1_201' title='bbox 723 2631 835 2678; x_wconf 86' lang='lat' dir='ltr'><strong>sic:</strong></span> <span class='ocrx_word' id='word_1_202' title='bbox 905 2630 1005 2679; x_wconf 84' lang='lat' dir='ltr'><strong>‘Os</strong></span> <span class='ocrx_word' id='word_1_203' title='bbox 1042 2646 1227 2680; x_wconf 89' lang='lat' dir='ltr'><strong>eorum</strong></span> <span class='ocrx_word' id='word_1_204' title='bbox 1268 2630 1674 2686; x_wconf 81' lang='lat' dir='ltr'><strong>maledictione</strong></span> <span class='ocrx_word' id='word_1_205' title='bbox 1710 2635 1833 2699; x_wconf 64' lang='lat' dir='ltr'><strong>plenu</strong></span> 
     </span>
     <span class='ocr_line' id='line_1_30' title="bbox 405 2710 1833 2780; baseline 0.003 -21"><span class='ocrx_word' id='word_1_206' title='bbox 405 2715 508 2773; x_wconf 84' lang='lat' dir='ltr'><strong>est,</strong></span> <span class='ocrx_word' id='word_1_207' title='bbox 541 2715 600 2760; x_wconf 86' lang='lat' dir='ltr'><strong>et</strong></span> <span class='ocrx_word' id='word_1_208' title='bbox 620 2710 844 2760; x_wconf 82' lang='lat' dir='ltr'><strong>veloces</strong></span> <span class='ocrx_word' id='word_1_209' title='bbox 879 2726 1065 2760; x_wconf 85' lang='lat' dir='ltr'><strong>eorum</strong></span> <span class='ocrx_word' id='word_1_210' title='bbox 1088 2712 1257 2775; x_wconf 79' lang='lat' dir='ltr'><strong>pedes</strong></span> <span class='ocrx_word' id='word_1_211' title='bbox 1290 2713 1362 2762; x_wconf 82' lang='lat' dir='ltr'><strong>ad</strong></span> <span class='ocrx_word' id='word_1_212' title='bbox 1393 2719 1735 2780; x_wconf 82' lang='lat' dir='ltr'><strong>sanguinem</strong></span> <span class='ocrx_word' id='word_1_213' title='bbox 1756 2713 1833 2766; x_wconf 62' lang='lat' dir='ltr'><strong>effu!</strong></span> 
     </span>
    </p>
   </div>
  </div>
 </body>
</html>
