1942 3109
505 398 557 458 (Ι
589 407 740 475 HEC
777 408 1047 459 INSVNT
1080 408 1259 457 HVIC
1298 408 1534 458 OPERI.

258 533 310 593 (Ι
344 543 598 611 Epistole
647 543 719 593 ad
753 559 1020 593 summum
1056 542 1401 607 pontificem,
1452 544 1787 601 Cardinales

457 632 514 678 et
548 628 1040 693 Archiepiscopum
1079 628 1487 677 coloniensem.

256 703 310 762 (Ι
346 714 602 776 Quinque
651 712 914 761 mandata
961 713 1305 761 serenissimi
1359 712 1567 763 domini
1608 719 1790 767 nostri

455 797 842 859 ImperatoriS‚
904 797 964 845 in
1014 796 1169 845 cuius
1217 798 1388 845 etiam
1433 796 1650 849 laudem
1692 800 1790 851 hic

456 880 600 930 liber
637 882 724 929 est
759 879 959 931 editus.

256 956 310 1015 (Ι
346 963 598 1015 Consilia
635 964 1069 1015 clarissimarum
1109 964 1324 1027 aliquot
1358 968 1789 1019 universitatum

457 1049 805 1113 aliorumque
843 1049 1125 1101 doctorum
1162 1050 1228 1099 de
1254 1051 1517 1101 mandato
1544 1051 1790 1121 cesaree

456 1134 775 1183 Maiestatis
826 1138 1021 1184 contra
1068 1132 1307 1184 Oculare
1367 1136 1649 1200 speculum
1692 1136 1785 1185 Io—

463 1218 623 1267 annis
659 1217 935 1268 Reuchlin
969 1218 1322 1271 Phorcensis.

258 1294 312 1353 (Ι
345 1304 557 1369 Regum
605 1306 662 1352 et
704 1304 1018 1367 principum
1064 1303 1603 1367 clarissimorumque
1640 1306 1795 1355 viro·

459 1403 578 1435 rum
614 1388 673 1436 in
711 1401 886 1436 causa
921 1386 1050 1437 fidei
1084 1392 1277 1437 'contra
1322 1389 1466 1439 idem
1501 1388 1797 1453 speculum

461 1470 530 1520 ad
568 1485 834 1519 summum
869 1471 1184 1536 pontificem
1222 1475 1473 1539 epistole.

261 1546 315 1605 (Ι
351 1553 716 1605 Summarium
751 1556 925 1604 totius
961 1556 1180 1621 negocii
1227 1572 1349 1606 cum
1383 1558 1799 1623 protestatione

459 1639 784 1704 principali,
849 1644 904 1689 et
955 1644 1085 1689 utra
1136 1643 1380 1705 partium
1420 1639 1705 1689 silentium
1758 1656 1799 1691 a

463 1739 670 1774 summo
737 1723 1009 1773 Pontifice
1070 1723 1426 1792 Cesareaque
1484 1725 1803 1775 Maiestate

461 1809 780 1873 impositum
815 1808 1127 1873 infregerit.

263 1884 314 1945 (Ι
359 1892 506 1945 Novi
561 1892 1069 1943 Reuchlinistarum
1138 1892 1365 1943 articuli
1426 1892 1805 1956 execrabileS,

461 1978 598 2028 mihi
643 1982 811 2042 atque
859 1979 987 2028 aliis
1032 1979 1219 2028 iniurii
1274 1982 1329 2028 et
1380 1978 1440 2028 in
1497 1978 1811 2031 ecclesiam

464 2062 554 2114 dei
600 2063 950 2129 apertissime
996 2063 1452 2128 blasphemantes
1488 2064 1573 2112 Ex
1616 2062 1813 2115 male-

464 2147 628 2197 dictis
676 2147 1033 2197 obscurorum
1074 2148 1318 2198 virorum
1355 2147 1608 2213 epistolis
1648 2161 1814 2197 sum-

465 2231 656 2279 matim
695 2230 971 2294 excerpti,
1011 2234 1073 2278 ut
1107 2230 1257 2279 infra
1292 2234 1529 2295 patebit.

266 2358 320 2421 (Ι
352 2364 546 2417 Finis
581 2364 780 2415 huius
816 2364 990 2415 libri
1026 2365 1521 2416 terminabitur
1558 2366 1821 2418 catho-

433 2449 565 2500 lice
606 2450 784 2501 citra
822 2450 1287 2513 cuiuscunque
1314 2451 1825 2503 offensionem.
