1942 3109
244 209 345 260 204
418 223 705 260 81’18101212
728 223 1097 260 OBSCVBOBVH
1120 224 1374 260 vmonvn
1398 223 1574 260 NOVAE.

242 328 436 380 volant
487 331 545 378 in
597 331 863 395 tenebriS‚
930 333 988 380 et
1037 333 1284 380 tractant
1338 329 1744 380 Obscuritates.

244 413 400 462 Tunc
448 429 547 480 ego
592 414 707 464 dixi
752 414 1040 464 ‘Audiatur
1080 429 1210 480 pars
1255 415 1468 478 altera),
1515 417 1572 464 et
1614 413 1744 464 alli-

174 542 185 562 ,
244 500 375 564 gavi
406 500 599 550 Flores
632 499 831 565 legum.
898 499 975 550 Et
1007 500 1117 565 ipsi
1149 501 1472 566 inceperunt
1503 515 1588 550 me
1625 500 1743 549 irris-

244 587 363 634 tare
400 584 587 635 multis
620 585 783 634 malis
816 585 1031 648 verbis,
1069 585 1214 650 quod
1247 585 1390 635 dixi:
1427 583 1592 648 ‘Quid
1613 585 1748 635 mihi

248 683 369 718 cum
412 669 717 721 Reuchlin‘?
773 669 1116 720 Pei-mittatis
1173 685 1258 721 me
1313 669 1594 720 comedere
1645 685 1742 734 pro

244 755 483 820 pecunia
516 756 673 805 mea’.
742 755 816 804 Et
848 755 1084 820 potestis
1119 754 1302 806 dicere
1337 753 1570 806 ‘domine
1603 755 1746 806 Wil-

243 839 448 903 helme,
484 855 580 891 vos
616 840 947 891 debuissetis
982 855 1368 906 perseverasse
1405 845 1460 890 et
1483 838 1748 890 audacter

243 923 591 990 respondisse
613 925 789 990 ipbis‘.
850 925 1058 976 Sciatis
1093 925 1238 989 quod
1272 940 1379 976 nou
1417 929 1501 974 est
1534 924 1743 976 facien-

245 1007 369 1059 dum
405 1011 463 1059 in
499 1011 607 1061 isto
641 1011 779 1062 loco.
839 1011 913 1060 Et
946 1009 1134 1061 audivi
1159 1009 1304 1074 quod
1325 1025 1499 1075 nuper
1523 1025 1660 1060 unus
1683 1009 1742 1058 in

242 1094 351 1145 isto
393 1096 634 1162 hospitio
678 1096 787 1146 fuit
830 1110 1123 1162 percussus
1170 1111 1290 1146 cum
1341 1110 1450 1152 uno
1505 1109 1745 1158 scamno,

246 1179 388 1244 quod
432 1180 679 1232 defendit
720 1181 1044 1247 Magistrum
1085 1183 1330 1232 nostrum
1373 1179 1634 1231 Iacobum
1679 1180 1747 1230 de
1848 1171 1852 1174 ’

242 1264 635 1316 Hochstraten.
708 1267 852 1328 Quia
887 1267 1002 1329 isti,
1018 1267 1158 1316 socii
1193 1266 1286 1329 qui
1319 1264 1528 1316 vadunt
1559 1265 1640 1316 ibi
1677 1263 1748 1314 ad

244 1364 514 1414 mensam,
560 1353 689 1400 sunt
720 1349 883 1402 valde
916 1350 1224 1414 terribiles,
1273 1354 1330 1400 et
1373 1350 1580 1400 habent
1625 1348 1745 1415 gla-

244 1433 365 1485 dios
400 1439 457 1486 et
490 1434 717 1501 spadost
752 1439 810 1485 et
842 1450 986 1485 unus
1024 1452 1090 1486 ex
1127 1437 1205 1506 eis
1243 1439 1328 1486 est
1353 1434 1546 1486 Comes
1583 1439 1642 1485 et
1665 1438 1750 1485 est

242 1519 439 1584 longus
484 1521 571 1570 vir
616 1524 673 1571 et
716 1521 887 1570 habet
932 1521 1088 1571 albos
1127 1519 1340 1571 Orines,
1407 1518 1522 1585 Ipsi
1556 1518 1748 1569 dicunt

162 1617 165 1621 ·
244 1604 387 1668 quod
424 1605 633 1670 accipit
666 1619 787 1654 cum
822 1606 1076 1656 manibus
1111 1605 1227 1656 suis
1259 1620 1425 1655 unum
1457 1605 1636 1656 virum
1659 1621 1750 1656 ar·

241 1696 446 1740 matum
483 1693 539 1740 et
573 1689 752 1740 iactat
786 1705 907 1740 eum
944 1689 1014 1742 ad
1037 1694 1258 1740 terram.
1316 1690 1390 1738 Et
1424 1689 1592 1740 habet
1627 1689 1748 1756 glu-

242 1773 391 1825 dium
426 1775 507 1824 ita
540 1774 763 1840 longum
800 1776 947 1826 sicut
969 1776 1146 1840 gig-as.
1211 1773 1442 1838 Quando
1467 1774 1582 1825 vidi
1605 1789 1746 1836 eum,

243 1863 376 1910 tunc
422 1861 577 1910 tacui
623 1864 679 1910 et
719 1861 943 1925 permisi
988 1875 1082 1910 eos
1116 1859 1289 1924 loqui.
1361 1858 1470 1910 Sed
1505 1859 1754 1924 cogitavi

242 1943 389 2008 quod
430 1944 631 1994 vellem
674 1945 831 2016 vobis
876 1945 1144 2010 scribere,
1203 1943 1300 1996 scd
1358 1948 1588 2009 protunc
1635 1958 1752 1994 non

242 2029 433 2078 statim
484 2029 655 2080 habui
706 2030 981 2080 nuncium.
1065 2029 1172 2082 Sed
1227 2029 1448 2094 quando
1499 2030 1628 2081 veni
1677 2029 1753 2079 ad

242 2115 619 2180 Wormatiam,
654 2115 982 2167 intravimus
1018 2114 1090 2166 ad
1109 2131 1277 2166 unum
1299 2115 1614 2181 hospitium,
1651 2115 1756 2165 ubi

240 2203 369 2250 sunt
402 2199 559 2250 multi
592 2199 869 2264 doctores,
917 2200 1013 2264 qui
1057 2205 1188 2251 sunt
1219 2215 1529 2252 assessores
1565 2201 1626 2249 iu
1657 2201 1754 2250 Iu·

242 2283 386 2336 dicio
430 2283 674 2351 Camere.
752 2284 841 2336 Ibi
894 2284 1158 2336 dicebant
1208 2285 1494 2336 mirabilia
1553 2288 1752 2336 contra

242 2369 567 2434 Theologos.
616 2373 673 2420 et
706 2369 895 2421 audivi
928 2369 1072 2434 quod
1109 2372 1422 2422 citaverunt
1446 2369 1756 2420 Iohannem

240 2453 586 2504 Pfefferkorn
619 2460 838 2522 propter
874 2454 1236 2520 Stormglock.
1294 2456 1368 2505 Et
1401 2455 1544 2506 dixit
1573 2471 1756 2506 unum

241 2537 358 2590 ‘vos
380 2539 641 2592 videbitis
675 2540 820 2603 quod
854 2540 1034 2591 adhuc
1067 2543 1124 2591 in
1158 2541 1352 2607 paucis
1389 2541 1552 2590 annis
1589 2541 1758 2592 aufe·

240 2628 429 2676 rentur
450 2625 548 2674 isti
570 2625 827 2691 Magistri
848 2627 1024 2676 nostri
1049 2631 1106 2676 et
1127 2641 1238 2676 non
1273 2628 1434 2677 erunt
1469 2625 1756 2690 amplitls'.

242 2710 397 2761 Tunc
441 2708 578 2760 dixi:
634 2709 787 2775 ‘Quis
831 2715 961 2761 tunc
1006 2710 1318 2776 predicabit
1359 2711 1520 2762 vobis
1557 2714 1614 2760 et
1649 2711 1686 2761 d
