1942 3109
301 233 370 284 50
437 250 818 288 rm’mucomu
844 252 1084 288 Burnus.
1098 254 1319 292 colun
1344 257 1545 294 nuos.
1562 261 1613 294 Ο.
1627 261 1681 296 V.
1693 262 1819 304 EPP.

301 355 534 406 maxime
571 355 902 410 confidebat.
971 357 1030 408 hi
1074 357 1327 412 doctores
1370 363 1729 428 inspexerunt
1761 376 1823 420 et

301 443 765 492 examinaverunt
810 442 883 492 ad
918 444 1180 494 amussim
1228 459 1413 498 omnes
1460 451 1819 504 consultatio-

299 541 421 590 nes,
457 531 514 578 et
549 527 972 592 archiepiscopo
999 531 1169 592 atque
1194 529 1333 594 ipsis
1358 533 1819 590 universitatibus

303 614 359 660 et
404 611 649 680 heretice
718 613 1015 677 pravitatis
1068 614 1389 677 inquisitori
1448 618 1669 680 penitus
1724 623 1818 672 ad-

299 695 587 762 heserunt,
624 701 688 746 ut
721 698 812 746 hic
847 699 908 748 in
945 699 1307 762 sequentibus
1342 702 1520 763 patet.

437 865 798 916 Serenissime
864 867 1235 918 invictissime
1300 869 1631 934 imperator,
1692 871 1822 922 illu-

299 939 569 1003 athesime
605 951 862 1016 princeps
900 966 968 1001 ac
1007 952 1433 1003 clementissime
1468 952 1701 1005 domine.
1754 957 1827 1006 In

296 1036 530 1101 negocio
565 1035 739 1087 libros
773 1035 1065 1088 Iudeorum
1100 1043 1383 1104 tangente,
1419 1038 1616 1088 Utrum
1650 1039 1825 1091 libros

302 1121 502 1184 quibus
559 1121 766 1172 nostris
833 1125 1066 1172 utuntur
1134 1123 1503 1188 temporibus,
1572 1128 1826 1188 exceptis

299 1204 458 1255 librIs
481 1203 680 1270 Moysi,
717 1205 1111 1272 prophetarum
1146 1221 1216 1258 ac
1249 1208 1459 1258 veteris
1484 1210 1829 1273 testamenti,

301 1291 372 1340 ab
413 1291 494 1342 eis
530 1289 730 1342 tollere
769 1292 843 1342 sit
877 1290 1156 1354 deificum,
1210 1291 1521 1355 laudabile,
1580 1307 1651 1342 ac
1694 1292 1827 1344 fidei

297 1379 488 1442 nostre
525 1389 685 1442 sacre
722 1373 1053 1439 proficuum,
1096 1375 1332 1440 Insuper
1372 1375 1571 1440 quibus
1607 1378 1717 1427 viis
1754 1393 1825 1427 ac

295 1459 495 1510 mediis
521 1459 580 1508 in
603 1461 838 1523 negocio
862 1459 967 1510 hoc
992 1459 1397 1524 procedendum
1420 1460 1513 1523 sit,
1547 1465 1613 1512 ut
1636 1461 1709 1512 ad
1734 1477 1825 1512 sa-

294 1543 531 1594 lutarem
564 1542 727 1592 finem
761 1544 1149 1607 perveniatur:
1182 1543 1269 1596 Ex
1304 1545 1689 1596 commissione
1722 1547 1827 1596 im-

293 1630 574 1695 peratorie
599 1626 913 1678 maiestatis
935 1631 1123 1696 vestre
1142 1644 1244 1679 nos
1262 1630 1347 1680 uti
1360 1629 1483 1680 veri
1501 1629 1827 1682 obedientes

297 1727 365 1764 ac
389 1711 598 1764 subditi
621 1711 866 1763 eiusdem
889 1713 1111 1778 imperii
1130 1714 1444 1764 maiestatis
1466 1719 1675 1782 vestre,
1712 1717 1829 1766 sin·

294 1797 479 1863 gulari
493 1797 808 1863 diligentia,
827 1796 1009 1848 studio
1030 1799 1425 1849 ruminavimus
1445 1801 1615 1863 atque
1635 1801 1829 1862 pensi-

294 1883 602 1934 culavimus
620 1882 912 1948 negocium
928 1881 1055 1946 hoc,
1076 1881 1545 1934 consideravimus
1563 1887 1831 1950 preterea

294 1967 536 2018 consilia
557 1966 1031 2020 Reverendissimi
1063 1969 1123 2018 in
1150 1967 1368 2017 Christo
1403 1967 1581 2031 patris
1618 1982 1691 2018 ac
1732 1968 1833 2020 do·

291 2055 427 2107 mini
471 2053 680 2106 Urielis
724 2053 1151 2118 Archiepiscopi
1192 2051 1640 2115 Moguntinensis
1678 2057 1769 2100 .et
1786 2069 1833 2103 c.

289 2138 548 2188 similiter
581 2139 1010 2188 universitatum
1048 2135 1397 2187 coloniensis
1434 2150 1502 2185 ac
1536 2135 1833 2200 Mogunti-

291 2221 480 2270 nensis
507 2225 584 2268 ,et
607 2235 654 2267 c.
681 2233 900 2270 necnon
945 2221 1183 2270 aliorum
1226 2219 1509 2270 doctorum
1554 2233 1627 2268 ac
1676 2223 1835 2284 peri·

289 2309 469 2357 torum
505 2302 744 2354 consilia
781 2306 837 2351 et
871 2303 1085 2367 scripta
1122 2301 1193 2352 ad
1226 2305 1519 2369 negocium
1552 2302 1666 2354 hoc
1694 2319 1835 2356 con·

287 2389 554 2440 ducentia
619 2387 919 2453 diligenter
1000 2389 1411 2452 conspeximus,
1491 2387 1682 2450 Atque
1766 2407 1839 2440 ex

292 2475 544 2524 omnibus
579 2473 666 2524 his
703 2472 836 2537 quid
870 2473 1031 2524 nobis
1065 2471 1326 2522 videatur
1357 2472 1606 2523 breviter
1642 2487 1839 2524 anno·

153 2553 269 2620 &iij
291 2557 562 2618 tavimus,
621 2558 829 2607 saniori
861 2557 870 2622 Ι
901 2557 1138 2608 consilio
1197 2571 1266 2606 ac
1324 2555 1482 2606 finali
1526 2555 1841 2608 decisione

288 2643 474 2705 vestre
519 2641 870 2706 imperatorie
905 2641 1225 2690 Maiestatis
1269 2641 1327 2690 in
1374 2641 1629 2692 omnibus
1676 2655 1845 2692 sem·

289 2738 388 2786 per
425 2722 620 2772 salvis.
