1942 3109
351 173 454 230 364
523 189 760 230 onrvnu
797 189 1000 230 eust-11
1032 189 1323 229 nnsronA
1358 190 1783 230 aretoas-nei.

421 296 527 348 Cui
569 296 651 348 nil
688 295 815 363 (ceu
858 299 1049 350 notum
1094 295 1203 362 est)
1242 295 1387 348 deus
1428 301 1535 348 aut
1569 301 1775 348 natura
1800 310 1833 343 na

895 384 1073 450 gavit,

494 469 798 534 Quominus
835 473 892 521 et
924 468 1085 520 foelix
1118 471 1305 520 mente
1340 469 1653 534 animoque
1688 468 1827 518 foret

422 552 624 607 Mollia
661 558 1017 607 contemnens
1050 554 1259 620 vitiose
1294 553 1519 622 gaudia.
1562 554 1745 605 carnis

493 639 756 692 Calcavit
791 640 980 707 Ciprie
1018 638 1165 691 colla
1198 639 1509 706 nephanda.
1550 639 1679 706 dee.

427 723 692 778 Sonthus
717 726 812 777 hic
836 739 1051 792 semper
1072 723 1297 790 grandis
1324 739 1537 789 pavor,
1569 729 1632 776 et
1652 724 1833 776 vitiorum

390 859 399 866 ,
495 810 724 876 Censor,
759 810 1075 862 honestatis
1111 809 1457 874 iusticieque
1492 824 1720 875 parens.

429 895 596 948 Hunc
614 895 778 947 simul
801 896 1021 960 integra
1047 898 1105 947 et
1126 909 1238 945 non
1259 892 1395 945 ficta
1420 899 1621 947 mente
1648 891 1833 945 colebam

496 981 736 1048 Ingenui
769 981 999 1032 iuvenes
1034 979 1421 1054 ‹lecrepitique
1459 995 1652 1033 senes.

393 1095 400 1098 -
431 1066 594 1132 Ocia,
630 1064 889 1130 delicias,
925 1079 1165 1130 somnos,
1204 1065 1473 1116 convivia
1506 1079 1775 1132 spernens

497 1151 764 1203 Servarat
795 1149 1013 1201 modico
1047 1149 1291 1201 membra
1327 1150 1555 1202 tenella
1589 1167 1753 1203 mero.

429 1233 678 1287 Moribus
707 1235 984 1302 expressit
1010 1235 1315 1299 Socratem,
1338 1235 1625 1301 vultuque
1639 1234 1833 1286 Catones

496 1319 772 1372 Doctrina
806 1321 1115 1384 Albertum‚
1150 1319 1455 1386 relligione
1490 1319 1744 1386 Numam,

434 1403 852 1472 consessusque
885 1406 1067 1457 virum
1101 1409 1326 1456 sanctos
1360 1405 1675 1460 virtutibus
1697 1417 1833 1456 ornans

499 1489 728 1541 Gemma
763 1487 1114 1542 sacerdotum
1148 1490 1352 1555 luxque
1387 1489 1668 1558 decorque
1694 1487 1790 1538 fuit-

430 1573 548 1627 Nec
581 1575 765 1628 minus
801 1575 1123 1640 ostendens,
1174 1589 1412 1643 qaenam
1447 1576 1554 1628 via
1603 1577 1760 1644 prima
1786 1585 1833 1620 sa

904 1659 1063 1726 lutis,

499 1743 741 1813 Eloquio
776 1745 922 1799 fudit
959 1745 1261 1798 chrismata
1296 1761 1467 1798 sacra
1504 1762 1628 1800 suo.

435 1827 572 1886 Tres
609 1833 837 1884 comites
869 1832 1001 1884 huic
1034 1843 1249 1900 semper
1274 1835 1457 1897 erant,
1482 1831 1647 1898 Eros,
1666 1830 1833 1897 Elpora

905 1917 1099 1983 Pistis,

433 1999 440 2006 ’
505 2002 642 2071 Quis
673 2019 838 2072 mage
875 2018 1040 2070 quam
1078 2001 1271 2055 credas
1310 2003 1451 2054 arsIt
1488 2018 1671 2057 amore
1704 2001 1803 2053 dei.

434 2087 608 2158 Iunge
632 2089 719 2142 his
742 2089 1044 2141 Metrioten
1064 2086 1630 2154 Phrenandreamque
1662 2097 1833 2140 sorores

505 2174 752 2241 Cumque
786 2174 1117 2226 Promethea
1152 2189 1305 2226 sume
1338 2174 1739 2242 Dicaspoliam.

438 2261 531 2313 Sic
565 2261 662 2328 pia
693 2273 880 2324 mens,
916 2259 1169 2325 rectique
1203 2261 1401 2323 tenax,
1439 2261 1497 2310 et
1532 2261 1724 2312 nescia
1756 2256 1833 2311 fals

507 2345 708 2400 Servat
743 2345 1055 2413 olympiace
1091 2359 1265 2412 regna
1298 2344 1469 2396 beata
1506 2344 1710 2400 domus.

436 2431 654 2486 Nobilis
691 2434 883 2497 optato
918 2431 1080 2482 nobis
1114 2433 1231 2480 tam
1264 2428 1453 2481 fertile
1488 2445 1711 2496 germen

505 2515 729 2578 Suevia,
764 2514 1034 2565 virtutum
1069 2500 1179 2565 non
1215 2517 1337 2565 sine
1372 2515 1555 2580 fruge,
1590 2515 1751 2569 dedit.

371 2638 376 2642 .
433 2594 508 2644 Et
531 2595 783 2658 quamvis
809 2595 960 2661 celos
986 2601 1178 2647 teneat
1196 2595 1366 2662 (quod
1390 2597 1661 2651 credimus
1679 2591 1832 2662 omnes}

500 2677 764 2728 Attamen
799 2682 1065 2744 acceptat
1096 2682 1230 2732 vota
1264 2697 1579 2748 precesque
1612 2683 1755 2737 deus.
