1942 3109
655 256 925 294 vonvxmz
963 255 1233 295 manvu.
1601 240 1703 291 421

191 362 410 413 cumire.
480 360 658 413 Multo
701 361 880 427 magis
923 359 993 412 de
1035 359 1151 413 illo·
1181 360 1425 413 scribere
1470 376 1704 425 possem,

189 445 283 498 sed
316 446 438 497 haec
473 449 688 497 tantum
710 446 868 498 vobis
903 447 964 497 in
1000 461 1190 497 aurem
1224 444 1429 509 scrib0‚
1466 448 1523 497 ct
1556 450 1704 512 pet0,

189 547 256 582 ne
292 530 461 581 felem
497 534 594 583 aut
617 531 888 598 gallinam
911 531 1243 596 relinquatis
1270 546 1339 581 ex
1364 546 1431 582 ea
1457 530 1704 581 eradere.

189 616 307 667 Non
355 616 500 667 enim
533 617 712 669 multa
747 610 1047 681 humorem,
1094 614 1240 680 quod
1281 615 1403 665 haec
1440 615 1709 681 experiat.

189 700 252 751 In
295 702 482 753 futuro
527 702 690 769 plura
724 702 884 755 vobis
928 702 1187 753 scribam.
1256 700 1483 751 Interea
1520 703 1579 750 et
1610 713 1710 750 vos

188 786 326 837 mihi
369 788 631 852 scribite,
678 786 810 853 quid
843 788 1103 851 faciatis,
1152 789 1207 837 et
1252 785 1471 850 quando
1504 799 1605 837 vos
1650 784 1711 835 in

185 872 440 923 itinerem
474 871 608 923 dare
631 872 826 935 vultis,
863 872 1011 921 sicut
1043 870 1249 921 dicitur
1285 869 1450 923 ‘Tota
1473 869 1709 923 hominia

186 957 306 1007 vita
340 956 424 1005 nil
455 957 570 1005 nisi
601 954 977 1020 peregrinatio
1014 956 1136 1004 est'.
1180 954 1380 1006 Valete
1417 957 1475 1003 et
1497 968 1712 1020 semper

190 1039 366 1105 magis
401 1038 607 1091 valete.

928 1380 983 1435 4.

491 1494 983 1563 Lambonius
1023 1496 1446 1579 ForestUS‚

242 1604 412 1667 poeta
449 1601 850 1655 carminativus
884 1604 1031 1653 bene
1069 1604 1405 1654 constitutus
1443 1606 1499 1651 et
1533 1618 1658 1653 mox

811 1687 1070 1737 emeritus
1085 1724 1099 1750 ‚

547 1767 795 1823 Salutem
829 1770 1198 1822 Poeticanam
1233 1769 1371 1821 dicit

415 1852 696 1904 Domino
735 1854 1003 1905 Citrino
1041 1854 1216 1906 Schn
1232 1856 1309 1905 ab
1325 1853 1490 1917 elic,

393 1935 708 1987 Poetistriae
737 1937 877 1987 artis
905 1940 961 1987 et
986 1950 1107 1999 quae
1130 1937 1220 1988 illi
1244 1935 1527 1987 adhaerent

601 2019 912 2072 candidato
940 2020 1315 2087 meritissima

262 2140 494 2206 Citrine‚
534 2141 629 2204 qui
666 2139 835 2191 claris
873 2138 1147 2205 quondam
1181 2138 1385 2191 fiducia
1420 2154 1599 2192 rerum

331 2224 496 2291 Spem
531 2224 748 2277 fructus
785 2224 966 2277 avidae
1001 2226 1121 2278 vita
1156 2224 1412 2292 pudenda
1447 2229 1558 2277 tuae

265 2309 464 2361 Gratia
497 2324 699 2377 magna
733 2310 854 2363 Iovi
888 2311 1077 2376 rapias
1112 2315 1227 2363 tam
1264 2312 1434 2363 chara
1468 2310 1665 2363 licebit

333 2394 564 2460 Oscula,
599 2410 708 2447 nec
740 2396 985 2448 tenebris
1020 2412 1166 2449 mors
1192 2395 1459 2462 adoperta
1496 2401 1683 2463 caput,

266 2480 405 2532 Cum
440 2480 545 2532 tibi
581 2482 857 2531 succurrit
890 2482 1208 2533 meritorum
1244 2480 1456 2533 oblivia
1488 2484 1677 2534 nostro

329 2567 583 2633 Amplius
620 2568 680 2615 in
714 2566 872 2617 lucro
907 2566 1083 2618 verba
1117 2568 1315 2616 notata
1349 2582 1515 2619 mero.

263 2649 658 2716 Quadrupedes
693 2651 841 2701 inter
874 2649 1075 2714 rapidi,
1112 2654 1248 2715 quot
1270 2652 1329 2700 in
1360 2651 1495 2701 urbe
1532 2649 1721 2713 figurae

334 2733 512 2787 Casus
546 2737 696 2787 inest
730 2736 848 2785 ilus
883 2748 988 2784 nec
1024 2748 1125 2784 sua
1159 2735 1333 2787 verba
1368 2732 1493 2796 fide,
