1942 3109
201 217 439 258 omvrm
479 215 677 260 annu
714 215 995 256 nrlswoLA
1031 215 1440 258 Aronoeumci.
1514 201 1615 255 363

564 420 614 478 {l
649 428 725 478 In
759 441 812 476 m
827 443 855 478 e
867 442 918 476 m
933 443 963 478 o
974 442 1001 476 r
1014 427 1035 477 i
1049 443 1082 478 a
1094 441 1147 476 m

71 513 462 572 nonestissimi
491 512 910 578 doctissimique
930 511 1041 565 viri
1062 509 1267 564 domini
1288 514 1344 562 et
1362 511 1618 577 magistri

286 598 566 651 Ioannis
603 599 894 665 Wanger
929 595 1005 648 de
1040 595 1416 662 Nurtingen

73 703 246 742 aere
281 685 562 754 theologie
598 683 896 748 licentiati,
936 681 1359 750 Agrippinensis
1398 694 1613 746 quoque

721 769 999 838 gymnasii

133 855 313 920 (quod
347 855 526 906 nostri
558 855 860 919 lauretum,
901 855 1057 923 greci
1090 867 1222 906 vero
1259 851 1555 920 daphnona

737 939 967 1004 vocant)

587 1025 834 1091 regentis
867 1024 1104 1091 providi,

64 1111 110 1164 :3
130 1123 369 1163 armen
401 1109 508 1160 hoc
541 1109 737 1175 sepul
753 1108 984 1160 chrale
1021 1109 1330 1176 elegiacum
1366 1107 1611 1160 Ortwi—

64 1211 94 1250 ι
110 1213 195 1249 us
231 1194 322 1247 Ger
337 1195 484 1245 atiu
497 1207 524 1244 s
557 1193 824 1244 bonarum
861 1193 1063 1244 artium
1098 1195 1379 1259 professor
1418 1192 1611 1246 edidit.

141 1316 258 1380 Qui
277 1315 436 1367 venis
469 1311 578 1364 huc
605 1312 840 1379 supplex
868 1312 1063 1379 templi
1081 1313 1378 1365 Lustrator
1410 1316 1466 1364 et
1495 1328 1608 1379 are,

64 1399 67 1408 '
209 1399 421 1466 Aspice
442 1413 604 1464 quem
625 1399 852 1466 signant
873 1399 1120 1450 carmina
1139 1402 1332 1450 nostra
1360 1397 1609 1465 taphum,

64 1465 67 1510 Ρ
136 1485 260 1538 Sub
290 1499 398 1549 quo
422 1484 733 1550 virgineum
759 1497 976 1551 corpus,
1011 1483 1439 1550 venerandaque
1466 1482 1607 1533 divis

209 1567 717 1634 christicolumque
750 1570 926 1636 gregi,
961 1568 1201 1622 dulciter
1226 1585 1357 1621 ossa
1382 1569 1607 1621 cubant.

64 1701 66 1724 ἶ
135 1656 257 1707 Hic
293 1655 450 1706 iacet
487 1658 618 1705 ante
653 1654 823 1720 pedes
858 1656 1077 1706 victuro
1116 1653 1315 1720 dignus
1349 1654 1553 1706 honore

213 1739 325 1802 Qui
360 1739 554 1805 sophie
593 1737 866 1803 quondam
901 1738 1143 1805 frugifer
1178 1743 1374 1790 auctor
1411 1743 1547 1792 erat.

136 1822 374 1876 Occidit
407 1823 518 1874 heu
551 1823 778 1874 nimium
818 1822 1035 1874 erudeli
1068 1823 1264 1874 funere
1299 1826 1513 1890 raptus,

209 1909 385 1960 Cuius
424 1908 493 1958 ad
529 1907 813 1959 interitum
849 1907 1069 1974 pulpita
1106 1907 1273 1960 docta
1308 1907 1495 1959 silent.
1544 1956 1547 1960 .

133 1996 356 2048 Nomen
390 1993 629 2045 Ioannes
665 1993 799 2044 huic
833 1994 1247 2060 Nurtingensis,
1278 1987 1343 2043 ⁸in
1379 2007 1536 2044 omne

206 2079 472 2144 Tempus,
511 2083 566 2128 et
603 2081 828 2130 extenta
863 2081 1195 2143 posteritate
1233 2091 1469 2128 sacrum.
1501 2077 1511 2140 1

136 2165 254 2229 Qui
281 2163 392 2215 fuit
418 2163 476 2212 in
506 2164 723 2214 cunctis
755 2163 1010 2229 sapiens,
1034 2177 1286 2215 sermone
1304 2161 1601 2227 modestus,
1640 2163 1705 2217 Μ

205 2247 368 2300 Felle
407 2262 621 2314 carens,
657 2247 816 2300 nulla
853 2247 1219 2316 simplicitate
1254 2248 1433 2313 vafer,

135 2332 423 2388 Virtutum
458 2332 768 2400 exemplar,
813 2333 956 2385 nulli
990 2333 1269 2400 probitate
1304 2331 1601 2399 secundus,

207 2417 430 2470 Nobilis
465 2418 712 2486 ingenio,
749 2417 1100 2485 nobiliorque
1135 2417 1257 2472 fide.

137 2642 156 2676 ¹
195 2639 318 2694 Hoc
350 2655 553 2692 carmen
585 2655 694 2691 cum
726 2639 926 2706 epiloyo
961 2636 1111 2706 (pag.
1124 2641 1242 2695 365.
1252 2655 1305 2695 v.
1325 2642 1378 2696 1.
1386 2643 1497 2696 ..12
1501 2641 1521 2709 )
1545 2643 1597 2694 in

62 2717 116 2768 2.
144 2717 409 2777 receptum
431 2725 531 2764 non
555 2715 650 2760 est.
754 2707 797 2743 ¹¹
832 2709 1091 2764 Lustraoz
1118 2713 1166 2763 1.
