1942 3109
133 273 441 325 nanuum,
465 273 683 310 Ausum
703 273 777 310 m·
799 273 1079 312 ennoonu
1099 277 1255 314 cons.
1279 275 1353 312 An
1376 279 1507 315 oms.
1578 265 1645 318 53

134 384 206 432 .et
225 396 268 430 c.
296 396 330 429 a.
349 379 534 447 Iudeis
558 379 837 446 predictos
873 378 1045 430 libros
1080 395 1247 446 supra
1272 383 1644 451 specificatos‚

128 463 388 517 videlicet
422 463 683 514 Thalmut
724 464 1004 529 recipiant
1061 480 1131 516 ac
1178 466 1385 518 tollant
1442 473 1499 519 et
1542 471 1645 520 sub

132 553 278 601 certa
312 552 523 614 ponant
559 548 829 599 custodia..
890 549 966 598 Et
988 554 1051 600 ut
1073 554 1260 601 vestra
1285 553 1647 617 imperatoria

127 636 388 686 maiestas
423 633 623 685 melius
659 633 999 698 faciliusque
1034 637 1213 699 possit
1246 637 1544 689 certificari
1577 639 1643 691 de

127 721 278 772 libris
315 721 560 785 receptis
597 735 633 770 a
665 717 854 786 Iudeis
891 733 959 770 ac
1006 719 1147 784 ipsis
1191 720 1462 787 dimissis,
1508 731 1642 789 quot

125 806 344 856 scilicet
402 805 498 869 qui
545 807 606 855 et
661 802 858 868 quales
912 803 1053 868 sint,
1114 805 1185 855 ad
1238 809 1643 875 precavendum

127 890 292 940 etiam
325 889 510 942 dolum
547 893 604 942 et
637 889 917 953 fraudem,
974 890 1310 942 consulimus
1356 896 1419 942 ut
1454 909 1641 946 omnes

127 975 256 1026 libri
301 977 414 1024 tam
459 975 676 1038 recepti
720 989 884 1038 quam
940 972 1157 1034 dimissi
1212 991 1312 1041 per
1366 978 1641 1029 notarium

123 1057 407 1124 publicum
444 1073 566 1109 cum
599 1058 718 1110 suis
762 1059 1001 1124 propriis
1038 1059 1352 1111 nominibus
1386 1059 1640 1112 distincti

125 1146 184 1196 in
222 1144 434 1196 duobus
466 1145 723 1208 registris
757 1143 1004 1195 eiusdem
1038 1144 1249 1196 tenoris
1288 1147 1642 1198 conscriban-

121 1235 237 1292 tur,
293 1243 524 1291 quorum
567 1243 737 1278 unum
778 1233 1007 1280 maneat
1042 1244 1166 1279 cum
1200 1229 1362 1282 libris
1396 1233 1641 1297 receptis

122 1317 180 1364 in
225 1314 380 1378 loce,
428 1313 528 1364 ubi
560 1313 689 1365 libri
724 1314 939 1378 recepti
974 1319 1128 1380 sunt,
1184 1314 1422 1366 alterum
1454 1321 1639 1384 vestre

121 1398 360 1467 cesaree
395 1398 681 1448 maiestati
714 1399 998 1462 mittatur,
1034 1403 1091 1450 et
1124 1400 1207 1450 ita
1242 1398 1341 1450 fiat
1375 1402 1434 1451 in
1469 1402 1640 1452 omni-

117 1486 220 1537 bus
258 1487 316 1534 et
351 1481 587 1550 singulis
623 1482 764 1534 locis
799 1483 898 1534 ubi
928 1482 1091 1551 Iudei
1123 1484 1400 1536 habitant.

222 1561 275 1620 ΙΙ
321 1570 502 1632 Quum
545 1570 732 1618 autem
776 1567 907 1618 libri
941 1568 1252 1634 recipiendi
1283 1570 1471 1636 plures
1506 1573 1638 1636 sint,

117 1659 173 1708 et
207 1670 316 1704 non
365 1653 433 1703 de
477 1653 642 1702 facili
675 1655 910 1717 possunt
943 1652 1185 1704 discerni
1218 1655 1352 1706 boni
1388 1670 1422 1705 a
1456 1657 1639 1722 malis,

111 1741 162 1790 si
219 1739 317 1804 qui
363 1741 551 1787 tamen
609 1736 958 1788 tollerabiles
1017 1739 1162 1790 inter
1206 1740 1351 1790 tales
1408 1743 1643 1806 reperiri

111 1827 370 1889 possent,
424 1821 495 1873 ad
539 1820 922 1891 precavendas
967 1822 1139 1874 etiam
1186 1823 1442 1888 querelas
1478 1825 1637 1894 Iude-

109 1923 296 1973 orum,
332 1905 552 1958 videtur
585 1906 746 1958 nobis
783 1906 928 1970 quod
961 1913 1089 1972 post
1122 1906 1497 1974 receptionem
1528 1911 1637 1962 hac

107 1992 490 2058 descriptione
547 1991 841 2056 librorum,
899 1997 964 2044 ut
1023 1993 1390 2059 premittitur,
1448 1998 1637 2046 vestra

105 2078 360 2146 Cesarea
393 2077 662 2128 maiestas
709 2078 1020 2128 committat
1055 2077 1508 2141 aliquibus”vi1·is
1541 2095 1637 2144 pe-

100 2163 235 2214 ritis
271 2163 332 2210 in
364 2160 631 2212 hebraica
667 2178 736 2212 ac
780 2161 961 2216 latina
1010 2162 1232 2228 lingua,
1282 2163 1530 2214 honestis
1566 2180 1636 2215 ac

103 2247 276 2298 deum
311 2245 659 2310 timentibus,
709 2247 804 2310 qui
844 2251 1100 2313 receptos
1136 2250 1521 2314 repositosque
1566 2251 1633 2301 li-

98 2332 240 2383 bros
287 2328 591 2394 diligenter
633 2329 920 2382 lustrando
965 2332 1283 2397 revideant,
1346 2338 1402 2384 et
1456 2336 1507 2384 si
1548 2336 1631 2385 in·

100 2416 371 2468 venirent
405 2413 626 2478 aliquos
659 2414 719 2462 in
751 2415 1128 2483 philosophia,
1162 2418 1221 2468 in
1255 2419 1543 2471 medicinis
1580 2424 1637 2472 et

93 2501 160 2550 in
197 2505 417 2567 septem
453 2499 668 2552 artibus
702 2499 1034 2553 liberalibus
1071 2516 1139 2552 ac
1185 2503 1486 2569 similibus,
1533 2505 1635 2556 im-

91 2600 302 2636 munes
328 2590 517 2636 tamen
541 2601 576 2636 a
600 2586 867 2654 predictis
888 2585 1229 2638 Talmudicis
1252 2588 1632 2654 blasphemiis,

90 2668 521 2734 impietatibus,
559 2673 836 2722 erroribus
874 2676 932 2722 et
964 2671 1283 2738 heresibus,
1331 2673 1474 2723 tales
1508 2689 1631 2737 pos-

86 2743 238 2804 sunt
299 2767 369 2804 ex
425 2754 564 2819 ipsis
621 2755 808 2822 Iudeis
881 2771 948 2804 ex
1009 2756 1391 2806 commissione
1447 2759 1633 2820 vestre
