1942 3109
356 190 488 224 νοτ..
528 190 570 222 1.
645 183 714 222 21.
741 187 1025 223 commun
1064 186 1135 222 m:
1174 187 1493 224 zv1ccAv1A.
1632 173 1703 224 57

156 293 423 342 docuistis
467 307 588 356 me,
639 296 698 341 et
729 291 962 341 Petrum
997 291 1309 356 Hispanum
1350 295 1411 342 in
1446 293 1699 344 omnibus

153 378 519 441 tractatibus,
571 380 628 426 et
672 376 981 426 Parvulum
1017 376 1367 447 philosophie
1402 379 1697 429 naturalis.

151 461 342 510 Etiam
377 476 502 511 sum
541 464 742 510 cantor
777 464 834 511 et
869 462 989 510 scio
1026 460 1298 512 Musicam
1335 463 1615 514 choralem
1641 469 1699 512 et

149 545 472 611 figuralem,
513 549 573 594 et
611 559 738 594 cum
772 545 878 594 hoc
913 545 1095 595 habeo
1130 561 1325 597 vocem
1358 547 1604 610 bassam,
1640 551 1699 597 et

149 645 372 693 possum
435 633 680 680 cantare
735 644 902 678 unam
963 635 1151 680 notam
1197 632 1347 681 infra
1395 635 1694 696 gammaut.

149 713 262 764 Sed
315 729 428 764 non
475 714 669 764 scribo
713 714 872 763 vobis
918 714 1063 764 talia
1110 715 1413 779 iactanter,
1468 720 1525 764 et
1569 713 1697 764 ideo

149 800 406 862 parcatis
441 798 582 847 mihi
619 801 680 847 et
715 799 798 847 sic
835 798 1158 848 commendo
1190 814 1287 851 vos
1327 801 1696 866 omnipotenti

147 882 272 933 deo.
343 883 570 933 Valete.
642 882 730 931 Ex
767 882 996 932 Suollis.

873 1111 972 1172 21.

149 1216 562 1302 Magister
618 1215 1053 1280 Conradus
1108 1216 1201 1281 de
1242 1217 1693 1284 Zuiccavia

713 1335 968 1386 Salutem
1003 1335 1139 1387 dicit

431 1436 774 1502 Magistro
812 1438 1104 1488 Ortvino
1140 1437 1405 1490 Gratio.

253 1556 414 1606 Sicut
432 1558 718 1606 enimvero
737 1557 1043 1622 scripsistis
1060 1558 1193 1606 mihi
1212 1574 1388 1624 nuper
1404 1555 1473 1608 de
1498 1561 1691 1608 vestra

150 1634 366 1690 amasia
411 1639 685 1704 quomodo
732 1643 936 1690 amatis
986 1657 1107 1692 eam
1152 1643 1368 1706 intime,
1417 1647 1475 1692 et
1522 1642 1693 1695 etiam

145 1725 274 1789 ipsa
309 1729 464 1774 amat
497 1740 620 1789 vos,
659 1729 716 1774 et
739 1725 914 1773 mittit
937 1727 1095 1776 vobis
1121 1731 1287 1789 serta,
1327 1731 1383 1776 et
1406 1725 1691 1786 faciletas,

150 1814 208 1858 et
259 1824 461 1872 zonas,
513 1814 572 1859 et
617 1809 794 1873 talia,
840 1815 898 1858 et
931 1825 1041 1859 non
1079 1811 1288 1874 accipit
1324 1809 1623 1875 pecuniam
1658 1822 1693 1854 a

149 1894 312 1943 vobis
359 1895 517 1944 sicut
557 1894 914 1954 meretrices3
964 1898 1021 1944 et
1068 1873 1287 1957 :quando
1321 1895 1410 1944 vir
1446 1893 1565 1943 eius
1606 1894 1693 1940 est

152 1983 307 2027 extra
343 1976 594 2041 domum,
631 1981 768 2026 tunc
808 1976 1075 2027 acceditis
1112 1993 1263 2040 eam,
1300 1981 1357 2028 et
1388 1979 1515 2042 ipsa
1548 1977 1691 2028 bene

151 2066 235 2110 est
279 2065 576 2122 contenta3
625 2065 683 2110 et
727 2075 908 2124 nuper
951 2061 1175 2112 dixistis
1218 2062 1355 2110 mihi
1400 2060 1547 2124 quod
1592 2074 1693 2122 pro

150 2160 262 2194 una
294 2147 420 2196 vice
458 2149 549 2194 ter
585 2144 962 2209 supposuistis
998 2161 1149 2210 eam,
1188 2151 1245 2196 et
1278 2145 1450 2196 semel
1487 2143 1685 2194 stando

147 2234 292 2280 retro
347 2231 582 2278 ianuam
629 2229 688 2278 in
731 2228 991 2292 introitu,
1052 2233 1344 2294 postquam
1390 2229 1691 2279 cantastis:

152 2313 426 2364 ‘Attollite
477 2315 668 2378 portas
713 2312 998 2376 principes
1043 2316 1296 2364 vestras'.
1378 2313 1451 2362 Et
1495 2317 1693 2378 postea

149 2400 232 2448 vir
268 2400 394 2448 eius
431 2397 610 2459 venit,
649 2399 706 2444 et
739 2411 842 2446 vos
878 2395 1109 2460 fugistis
1146 2399 1419 2462 posterius
1445 2413 1544 2460 per
1567 2397 1693 2444 hor-

149 2485 280 2530 tum.
322 2481 424 2530 Sic
449 2481 624 2529 etiam
645 2494 796 2528 nunc
811 2478 941 2529 volo
958 2481 1119 2528 vobis
1156 2480 1404 2529 scribere-
1430 2472 1700 2538 quomodo

147 2565 406 2615 succedit
439 2563 582 2611 mihi
612 2577 737 2610 cum
771 2576 898 2609 mea
935 2561 1170 2608 amasia.
1238 2559 1372 2621 Ipsa
1413 2561 1499 2604 est
1538 2548 1707 2600 valde

147 2649 454 2722 excellens!
470 2644 695 2707 mulier,
734 2646 790 2692 et
809 2646 897 2692 est
925 2641 1082 2690 dives
1120 2645 1175 2688 et
1198 2639 1355 2688 venit
1374 2627 1714 2684 mirabiliter
