1942 3109
213 202 322 253 428
435 216 838 255 nmsromavu
875 215 1245 253 onscvaoavu
1280 213 1535 250 vmonvu

213 321 442 374 volebat
483 324 808 387 verberare,
867 324 930 372 ut
986 324 1085 372 aut
1136 334 1235 387 per
1288 317 1589 371 secundam
1648 325 1748 371 aut

213 424 315 474 per
347 408 598 474 tertiam,
645 406 918 458 interdum
956 407 1124 459 etiam
1160 420 1258 472 per
1292 404 1615 470 septimam,
1660 407 1749 456 uti

215 493 418 544 dicitur
461 492 580 559 ‘per
612 493 904 559 septimam
937 492 1180 543 libenter
1214 491 1605 555 mentiuntur',
1652 506 1747 543 ex-

215 578 565 631 sumebamus
623 578 927 630 verberem.
1008 576 1083 626 Et
1143 575 1363 641 quando
1420 575 1745 627 volebamus

214 663 335 715 fieri
377 662 717 729 Theolongi,
770 667 906 713 tunc
948 677 1061 713 non
1106 661 1394 712 stabamus
1438 664 1502 710 ut
1534 660 1743 725 lignum

214 750 274 799 in
321 747 693 813 cancellaria,
741 746 838 798 sed
880 745 1115 798 brachia
1160 749 1477 812 poteramus
1520 760 1743 797 movere

215 837 332 883 tam
378 831 692 895 artificiter,
738 835 803 882 ut
847 846 1033 883 omnes
1078 831 1328 882 homines
1374 829 1434 881 id
1464 830 1745 882 mirabant

217 922 274 969 et
317 916 595 969 ridebant.
667 916 901 981 Quando
945 930 1079 969 vero
1122 915 1373 967 Medicus
1418 915 1747 968 volebamus

215 1002 362 1069 fieri,
406 1007 542 1055 tunc
587 1003 732 1055 bene
765 1004 1093 1070 petebamus
1140 1000 1430 1067 adspicere
1465 999 1749 1067 vulneres,

218 1091 274 1139 et
319 1087 638 1152 cicatricia,
685 1091 742 1139 et
786 1102 1082 1155 sanguem=
1150 1084 1227 1135 Et
1273 1085 1419 1149 quod
1452 1088 1747 1153 magnissi-

216 1188 361 1224 mum
409 1176 522 1240 est,
572 1172 706 1239 quia
740 1173 900 1225 homo
949 1175 1039 1223 est
1082 1170 1319 1236 animal,
1366 1172 1463 1235 qui
1507 1172 1750 1223 libenter

220 1274 342 1311 cum
378 1258 510 1327 aliis
547 1258 821 1324 circumit,
857 1258 1007 1309 sicut
1040 1256 1179 1307 dicit
1200 1257 1425 1322 sapiens
1444 1255 1751 1321 Apostolus

216 1344 576 1409 Aristoteles,
625 1342 952 1395 cantharum
987 1356 1157 1393 unum
1188 1340 1283 1394 vel
1316 1340 1425 1393 duo
1462 1344 1749 1395 cerevisiae

216 1427 310 1481 vel
344 1429 516 1479 etiam
548 1428 668 1479 vini
709 1428 1039 1494 petebamus
1081 1443 1205 1479 cum
1248 1427 1489 1480 invicem
1533 1427 1747 1491 bibere,

219 1516 277 1564 et
319 1528 432 1565 non
474 1512 690 1577 rixare,
739 1510 886 1575 quod
930 1526 1042 1563 non
1090 1512 1405 1564 feceramus
1452 1512 1618 1565 alteri
1651 1510 1746 1562 de·

221 1601 458 1663 cretum,
520 1597 653 1663 quia
695 1595 836 1647 illud
890 1596 1033 1647 bene
1088 1596 1451 1649 docueramus
1500 1598 1559 1649 in
1600 1595 1747 1647 Aca-

220 1681 418 1735 demia.
482 1681 658 1748 Super
691 1681 834 1733 illud
870 1680 1041 1733 etiam
1064 1683 1299 1735 Doctori
1333 1687 1389 1735 et
1410 1684 1751 1747 Praeceptori

219 1768 396 1819 nostri
441 1782 588 1833 saepe
637 1768 808 1818 etiam
851 1782 950 1832 pro
998 1767 1165 1820 charo
1212 1766 1501 1821 sumebant
1542 1766 1749 1817 bonum

219 1851 392 1918 diem,
449 1855 508 1905 et
552 1851 772 1918 quando
819 1854 979 1903 erant
1023 1851 1164 1903 fessi
1206 1854 1471 1904 bonorum
1516 1850 1749 1915 dierum,

219 1941 354 1989 tunc
411 1936 678 2005 legebant
735 1937 1011 1991 interdum
1069 1937 1261 1988 horam
1317 1936 1409 1988 vel
1462 1936 1745 1989 dimidiam

219 2022 442 2089 horam,
487 2024 568 2075 ita
603 2028 666 2074 ut
701 2023 940 2089 quilibet
971 2021 1239 2085 mirabat,
1286 2019 1431 2085 qnod
1476 2024 1593 2072 tam
1627 2036 1747 2088 per·

219 2108 446 2161 fectiter
498 2109 767 2175 potebant
818 2108 1039 2173 legere,
1102 2108 1159 2157 et
1211 2119 1311 2155 nos
1368 2104 1748 2170 credebamus,

221 2189 370 2257 quod
414 2192 598 2241 omnia
647 2194 796 2241 certe
832 2192 916 2241 sic
963 2194 1141 2242 erant.
1210 2188 1343 2241 Inde
1380 2193 1750 2255 parcebamus

219 2275 450 2327 multum
484 2276 542 2325 in
575 2279 770 2331 nostra
803 2274 1148 2341 valetudine,
1174 2278 1231 2327 et
1263 2290 1375 2327 non
1411 2274 1749 2327 debebamus

223 2364 393 2426 caput
444 2362 692 2414 nostrum
744 2364 860 2411 tam
917 2376 1066 2426 saepe
1111 2361 1373 2427 frangere
1418 2375 1582 2426 super
1631 2362 1751 2409 tam

221 2445 428 2497 multas
482 2461 589 2497 res.
657 2446 733 2496 Et
785 2460 888 2497 nos
931 2444 1275 2497 habebamus
1334 2462 1503 2497 unam
1544 2446 1749 2498 bonam

222 2533 460 2594 sectam,
516 2543 640 2595 quae
685 2531 937 2582 omnibus
982 2534 1097 2579 tam
1145 2530 1289 2583 bene
1334 2530 1631 2595 placebat,
1686 2532 1752 2579 ut

221 2614 562 2679 iurabamus,
599 2613 747 2679 quod
779 2630 880 2667 nos
915 2613 1064 2681 apud
1099 2614 1255 2665 illam
1289 2615 1479 2669 vivere
1518 2616 1577 2667 et
1609 2614 1752 2663 mori

220 2699 504 2765 volumus,
548 2699 696 2751 sicut
729 2699 912 2753 Turca
946 2699 1243 2763 iuraverit,
1290 2701 1482 2753 vivere
1520 2703 1577 2753 et
1612 2699 1752 2751 mori
