1942 3109
318 211 423 263 246
470 225 933 263 titutum-rsonae
972 225 1277 261 oascvmss.
1301 224 1496 261 maon.
1525 206 1861 275 [vn-rnna]

323 332 579 395 offerens,
616 346 723 397 que
755 330 923 397 vulgo
958 333 1230 383 vocantur
1264 328 1602 380 basensche
1633 330 1850 382 kochea

322 416 624 479 ‘Comede‘,
668 415 873 479 inquit,
920 414 1292 476 ‘Ollilambie‚
1339 417 1396 463 et
1439 429 1704 480 grosse,
1759 432 1853 480 quo-

320 502 473 553 niam
514 499 743 566 grandis
786 500 891 550 tibi
926 499 1106 551 adhuc
1139 501 1318 549 restat
1350 498 1466 547 via.
1543 498 1710 552 Mox
1751 502 1852 551 Olli-

322 585 563 637 lambius
618 584 880 649 angelum
933 599 1055 635 esse
1113 582 1339 633 credens
1394 586 1456 632 et
1503 599 1578 635 se
1635 586 1846 637 alterum

322 671 565 733 Heliam,
602 667 943 733 ‘Quorsum?’
982 669 1079 719 ait.
1149 665 1254 716 “In
1289 665 1532 733 celum‚”
1576 670 1859 737 respondit

325 756 649 807 Mercurius.
720 754 909 805 ‘Recte
962 754 1196 802 factum’
1249 752 1547 802 subiunxit
1617 754 1839 807 Ollilam·

324 842 479 903 bius,
526 838 607 889 ‘ut
651 838 773 887 illic
819 837 1080 903 impleam
1126 840 1366 887 mentem
1400 838 1505 901 qui
1539 838 1656 890 hic
1691 838 1839 904 repleo

325 928 591 975 ventrem.
636 922 755 972 Iam
790 922 970 972 sentio
995 922 1146 972 Iovis
1180 921 1620 986 benignitatem.
1673 926 1748 975 ah
1777 923 1846 973 v‘u

328 1006 551 1059 taudem
586 1006 737 1058 sensi
772 1005 1030 1069 stolidus,
1054 1006 1195 1056 bene
1231 1009 1500 1070 operatur
1531 1006 1684 1059 deus
1725 1014 1847 1067 tuus,

328 1107 524 1156 meque
568 1106 676 1142 non
720 1090 992 1141 immerito
1029 1090 1382 1154 recognoscit
1417 1091 1656 1141 amicum
1695 1104 1871 1141 suum*

330 1180 387 1227 et
408 1175 913 1227 Reuchlinistarum
948 1173 1188 1223 omnium
1221 1173 1524 1239 primatem.
1558 1172 1610 1223 Ο
1635 1174 1852 1225 factum

330 1260 502 1315 bene!
582 1260 700 1309 Iam
758 1274 859 1324 ego
915 1258 1127 1349 nullam
1183 1257 1424 1322 amplius
1482 1257 1844 1326 infirmitatem

332 1345 541 1407 sentio,
608 1344 692 1392 ita
749 1359 835 1393 me
894 1347 1022 1392 tuus
1082 1342 1308 1408 celestis
1367 1342 1634 1393 oblectat
1695 1347 1839 1396 cibus.

331 1429 635 1493 Disputare
681 1432 867 1479 tamen
911 1433 1095 1479 tecum
1139 1441 1248 1476 nou
1291 1442 1556 1491 possum,
1608 1428 1830 1487 Marem,

333 1511 589 1575 quoniam
626 1512 705 1559 ita
740 1526 860 1561 sum
906 1511 1209 1561 exhaustus
1253 1510 1442 1561 multis
1489 1512 1620 1563 iam
1669 1512 1875 1580 pridemw

333 1598 390 1647 et
424 1592 837 1645 infirmitatibus
876 1599 933 1644 et
967 1595 1243 1645 miseriis'.

437 1694 773 1731 uancvmvs.
842 1679 919 1728 Et
954 1683 1015 1729 tu
1049 1678 1302 1729 miserias
1338 1680 1700 1751 sustinuisti,
1739 1683 1834 1735 Olli·

334 1765 556 1829 lambie,
592 1767 739 1815 inter
773 1778 1053 1829 ganeones
1090 1766 1147 1813 et
1179 1763 1564 1828 sycophantas
1584 1769 1614 1817 ἰ’

440 1862 843 1905 onnuuamvs.
882 1849 965 1899 Tu
991 1864 1026 1899 a
1049 1847 1150 1897 deo
1168 1848 1372 1899 missus
1393 1851 1448 1899 et
1463 1848 1576 1915 hec
1596 1852 1836 1917 ignoras?

337 1936 421 1984 Tu
458 1932 553 1997 qui
596 1933 864 2001 preterita
896 1947 1008 1981 non
1041 1932 1216 1996 nosti,
1263 1931 1396 1995 quid
1441 1932 1650 1987 futura
1693 1936 1868 2004 prgcliw

342 2020 534 2069 ceres?
588 2017 649 2068 Si
684 2034 787 2082 ego
822 2018 879 2067 in
911 2017 1062 2067 hunc
1096 2030 1270 2079 usque
1306 2014 1450 2065 diem
1487 2016 1608 2069 diis
1647 2037 1846 2071 conver·

339 2105 494 2151 satus
528 2102 759 2151 fuissem
794 2106 857 2151 ut
891 2106 953 2151 tu
989 2101 1270 2165 ceterique
1306 2113 1524 2165 omnes,
1563 2102 1706 2155 deus
1735 2118 1842 2154 esse

338 2185 556 2241 vellem.

439 2284 607 2319 nnnc.
652 2268 829 2319 Parce
863 2283 1034 2335 queso
1056 2270 1258 2321 verbis.
1296 2267 1584 2333 Scriptum
1611 2277 1704 2324 est
1729 2276 1848 2326 enim

340 2352 450 2405 ‘Ne
506 2354 641 2418 quid
692 2350 902 2405 nimis'.
971 2354 1167 2404 Nonne
1222 2350 1292 2403 ad
1345 2353 1525 2417 lyram
1579 2355 1875 2411 Hesiodusz.

343 2438 577 2489 cecinit:
1333 2438 1338 2443 “

410 2519 682 2583 ‘Optimus
708 2526 795 2571 est
816 2521 1024 2571 homiui
1046 2521 1234 2589 ling-ue
1259 2521 1554 2573 thesaurus
1580 2529 1644 2574 et
1667 2528 1852 2595 ingens

408 2602 592 2664 gratia
617 2618 724 2669 que
748 2606 932 2667 parcis
956 2608 1240 2654 mensurat
1263 2604 1486 2668 singula
1511 2609 1772 2665 verbis’?

442 2698 633 2734 oman.
702 2685 947 2735 Pulchra
981 2686 1085 2737 illa
1119 2691 1250 2739 sunt
1286 2687 1548 2741 carmina.
