1942 3109
154 262 525 301 PEPERICORM
552 262 812 298 cansvssa
836 262 1084 297 PRAECED.
1112 260 1292 296 Erxs'r.
1321 258 1558 295 BEVCEL.
1596 238 1659 293 81

152 370 249 419 dus
286 332 579 432 supplicio?
648 368 773 435 Hec
809 370 995 416 autem
1034 380 1155 416 cum
1200 366 1563 415 transferenti
1599 382 1666 416 ex

156 453 357 503 auditis
396 456 451 502 et
486 451 719 501 aliorum
758 453 1008 517 acceptis
1056 468 1089 503 a
1135 466 1219 501 me
1269 448 1509 500 scedulis
1544 466 1666 514 pro-

153 538 508 601 nunciarem,
568 541 796 601 rogatus
842 538 951 601 fui,
1012 539 1074 585 ut
1117 536 1224 585 hoc
1267 536 1449 599 ipsum
1496 550 1662 599 appo-

152 639 361 685 nerem,
400 621 543 685 quod
575 621 839 673 videlicet
871 620 1110 671 Ioannes
1141 618 1149 684 Ι
1180 618 1453 669 Reuchlin
1487 614 1662 687 sepis·
1681 612 1802 679 (54)

154 708 285 757 sime
311 707 415 757 hoc
440 707 597 757 modo
622 710 772 773 prior
796 706 1042 756 Ortwino
1067 705 1407 769 scripsisset,
1447 707 1502 753 et
1526 704 1670 768 quod

149 791 413 842 Famulus
458 797 647 842 noster
689 789 806 855 (cui
850 791 995 856 ignis
1034 793 1118 839 est
1152 787 1455 854 proximus)
1501 788 1670 838 Eras-

152 890 292 923 mum
314 876 757 940 Boterodamum,
796 875 1145 939 eloquentem
1185 872 1268 938 (ut
1292 872 1477 938 audio)
1515 874 1668 924 theo-

154 954 338 1023 logum
373 959 717 1022 interrogare
764 960 992 1007 deberet
1039 962 1094 1007 et
1140 958 1402 1021 quidnam
1447 958 1564 1022 ipse
1609 958 1670 1007 in

158 1043 405 1091 oratione
454 1056 555 1091 sua
594 1040 664 1091 ad
700 1040 884 1091 divam
918 1042 1191 1107 virginem
1225 1040 1459 1090 Mariam
1505 1042 1668 1091 intel-

153 1127 368 1191 lexerit,
399 1142 521 1177 cum
547 1128 627 1177 sic
653 1124 901 1177 oraverit
925 1130 982 1176 et
1005 1125 1182 1176 indies
1208 1130 1353 1176 oret:
1383 1124 1450 1176 ‘0
1469 1126 1669 1191 Maria,

153 1215 217 1259 tu
262 1224 373 1260 non
416 1211 595 1260 solum
641 1224 699 1260 es
736 1210 921 1260 nutrix
956 1211 1107 1261 Iovis
1144 1211 1240 1260 sed
1274 1212 1450 1259 mater
1483 1211 1670 1261 Iovis'.

153 1294 501 1359 Intelligenti
536 1294 691 1345 satis.
760 1294 929 1345 Patet
962 1295 1136 1360 igitur
1171 1292 1314 1359 quod
1353 1298 1542 1345 contra
1577 1294 1671 1345 do-

156 1381 363 1429 ctorem
399 1382 454 1429 et
488 1380 815 1445 magistrum
851 1380 1158 1431 Ortwinum
1203 1378 1496 1430 scribendo
1530 1378 1672 1429 nihil

155 1462 429 1529 effecerit,
476 1464 573 1515 sed
620 1462 765 1529 quod
811 1466 1056 1531 seipsum
1100 1464 1569 1515 scandalizaverit
1605 1480 1668 1516 eo

153 1549 295 1611 quod
340 1549 519 1601 instar
562 1549 730 1599 beani
779 1551 898 1601 sive
936 1548 1284 1601 elementarii
1328 1550 1578 1617 pusionis
1614 1551 1672 1599 in

153 1635 405 1683 terminis
442 1634 587 1683 falso
625 1637 681 1685 et
704 1634 809 1685 hoc
836 1636 1080 1685 scienter
1103 1636 1413 1702 prestiterit
1447 1634 1521 1683 Et
1544 1634 1670 1685 inde

150 1715 309 1764 nulla
346 1720 431 1765 cst
468 1732 639 1766 causa
675 1718 820 1780 quod
857 1730 949 1767 eos
987 1718 1110 1767 odio
1146 1722 1530 1783 persequatur,
1567 1718 1676 1768 nisi

152 1800 299 1861 quod
336 1805 527 1851 contra
566 1801 937 1865 apostaticam
983 1801 1159 1867 ipsius
1206 1801 1671 1852 consultationem

152 1884 245 1945 pie
308 1886 475 1944 atque
533 1885 922 1935 honestissime
975 1887 1318 1951 scripserint.
1402 1884 1512 1936 Sed
1567 1887 1671 1954 hec

151 1978 301 2014 nunc
348 1965 557 2014 omitto.
628 1980 732 2015 nec
779 1966 893 2015 alia
938 1968 1154 2018 ratione
1209 1970 1316 2035 hec
1357 1970 1468 2017 tria
1513 1974 1672 2019 nota·

150 2048 291 2101 bilia
326 2050 557 2115 primum
596 2048 871 2099 adducere
908 2049 1090 2114 volui,
1130 2064 1294 2115 quam
1329 2055 1390 2101 ut
1423 2052 1558 2101 boni
1590 2055 1674 2103 vi-

151 2134 325 2182 deant
360 2136 417 2181 et
444 2134 741 2205 sapientes
764 2148 929 2198 quam
954 2134 1094 2185 levis
1120 2136 1240 2201 ipse
1265 2136 1338 2186 sit
1362 2136 1674 2201 scribendo,

152 2228 322 2280 quam
354 2216 544 2267 varius
582 2219 751 2269 etiam
788 2224 843 2269 et
877 2221 1221 2286 inconstans,
1260 2222 1342 2272 ita
1377 2224 1520 2273 utin
1547 2238 1672 2274 cen-

148 2306 265 2350 tum
304 2300 434 2350 aliis
460 2300 599 2351 locis
626 2308 819 2355 auctor
841 2306 1162 2369 frequenter
1189 2306 1540 2357 contradicat
1565 2307 1674 2358 sibi

146 2386 277 2450 ipsi,
316 2400 385 2435 ex
422 2398 529 2449 quo
554 2384 774 2437 laudem
812 2386 944 2451 (nisi
969 2390 1117 2455 apud
1139 2390 1426 2457 reprobos)
1463 2391 1670 2444 habere

144 2486 259 2521 non
294 2472 519 2536 poterit.
930 2464 982 2523 (I
1017 2474 1267 2538 Secundo
1293 2476 1480 2541 igitur,
1516 2481 1578 2526 ut
1603 2476 1672 2528 ad

146 2554 397 2618 reliquos
434 2556 671 2626 epistole
717 2559 1024 2626 prescripte
1063 2560 1328 2611 articulos
1363 2561 1671 2627 deveniam,

142 2638 277 2701 Ipse
312 2640 551 2691 Ioannes
586 2642 861 2693 Rcuchlin
896 2644 1110 2712 letatur
1154 2650 1211 2695 et
1255 2645 1461 2711 gaudet
1504 2645 1672 2709 (sicut

144 2724 204 2771 in
244 2724 518 2788 principio
556 2728 791 2795 epistole
829 2729 1053 2794 videtis)
1092 2728 1367 2781 doctorem
1393 2728 1671 2796 prefatum

1336 2830 1370 2879 6
