1942 3109
156 269 397 314 omnm
435 269 632 313 annu
670 271 948 312 amsi-om
983 270 1397 315 Arotoen'rmA.
1469 253 1571 316 337

85 401 184 436 am
223 379 466 448 eorum’.]
531 371 584 431 (l
617 379 702 432 Ad
737 382 987 433 convitia
1020 386 1330 433 vestrarum
1366 383 1569 448 episto-

85 471 226 520 fum
261 469 537 531 revertor,
583 469 774 532 patres
814 467 1143 532 conscripti,
1190 471 1246 518 et
1283 466 1353 518 ad
1388 467 1565 519 falsas

85 572 107 605 3
158 552 331 619 plane
381 553 786 602 commentitias
831 551 891 601 in
935 552 1167 617 optimos
1205 566 1453 617 quosque
1487 553 1571 603 vi-

85 654 248 691 orum
295 637 775 703 exprobrationes,
825 651 931 704 que
980 634 1051 686 ad
1090 636 1224 687 boni
1268 635 1571 702 Capnionis

85 723 427 777 {sensionem
449 737 676 788 prorsus
712 723 930 772 faciunt
963 719 1127 785 nihil,
1159 735 1264 770 nec
1299 720 1359 770 in
1394 720 1571 770 oculis

85 812 363 877 »pientum
397 808 643 873 integros
679 805 874 876 ledunt
907 807 1087 870 viros,
1132 805 1230 856 sed
1263 805 1573 857 universali

83 891 345 946 ·ohdolor
368 893 608 960 ecclesie
633 891 992 943 indelebilem
1015 892 1243 940 inurunt
1276 891 1569 941 maculam.

145 978 368 1029 utinam
411 971 430 1038 11
471 975 613 1026 talia
669 977 870 1042 priscis
929 979 1247 1027 sanctorum
1302 979 1521 1041 patrum
1552 973 1705 1040 eiiij*

83 1063 258 1130 :ripta
303 1059 545 1111 fuissent
589 1061 944 1127 temporibus.
1015 1060 1139 1111 Non
1174 1057 1397 1111 dubium
1434 1060 1569 1124 quin

83 1147 136 1201 el
184 1158 386 1197 manus
427 1131 586 1196 vobis
620 1146 864 1215 precise,
907 1145 1002 1198 vel
1034 1144 1229 1212 lingua
1276 1143 1570 1196 confestim

83 1237 220 1296 uta,
257 1229 353 1282 vel
387 1233 577 1295 guttur
611 1229 811 1294 laqueo
848 1230 1099 1281 clausum
1133 1230 1353 1283 fuisset.
1408 1227 1569 1296 [Sola

83 1335 134 1370 >s
174 1315 480 1381 impunitas
515 1311 814 1380 degeneres
850 1330 918 1365 ac
951 1315 1227 1380 malignos
1262 1313 1422 1380 facit,
1460 1330 1567 1383 que

90 1405 184 1453 ste
221 1398 535 1464 Bernardo,
587 1401 672 1449 est
714 1397 928 1466 incurie
972 1397 1219 1464 soboles,
1264 1397 1566 1467 insolentie

84 1489 252 1550 ater,
284 1483 444 1535 radix
479 1481 852 1552 impudicicie‚
892 1486 947 1533 et
982 1484 1565 1550 omniumtransgres-

81 1585 260 1625 onum
294 1563 524 1633 nutrix]
583 1566 658 1617 At
693 1565 966 1620 excitabit
998 1565 1359 1632 proculdubio
1398 1567 1564 1620 corda

80 1655 354 1722 'incipum
407 1651 719 1704 misericors
776 1655 833 1703 et
885 1650 1233 1717 omnipotens
1279 1649 1443 1719 deus,
1501 1657 1565 1704 ut

81 1743 202 1793 :bus
244 1738 496 1789 omnibus
530 1735 676 1788 ultro
716 1735 964 1803 citroque
1009 1735 1317 1801 perspectis
1354 1753 1422 1787 ac
1456 1738 1561 1787 rite

81 1823 314 1892 ›gnitis,
359 1822 584 1890 iusticie
628 1835 826 1886 munus
872 1817 1044 1884 (quod
1086 1835 1302 1886 semper
1348 1823 1565 1887 optavi-

81 1909 175 1977 us)
226 1905 630 1972 quamprimum
676 1907 1040 1970 exequantur.
1108 1902 1265 1956 Nihil
1300 1910 1386 1956 est
1419 1897 1579 1972 enim,

81 2013 148 2046 .m
177 1989 499 2056 absurdum,
535 1989 674 2041 nihil
712 1993 826 2041 tam
863 1987 1257 2054 abominabile,
1283 1989 1425 2040 nihil
1447 1994 1562 2040 tam

81 2075 299 2148 ipium',
343 2072 486 2126 nihi]
529 2077 645 2126 tam
688 2073 967 2140 ingratum
1014 2073 1142 2140 deo,
1189 2071 1334 2139 quod
1376 2078 1564 2142 vestre

88 2169 113 2216 t
172 2151 254 2214 id‘
291 2159 510 2226 quidem
568 2159 711 2210 citra
765 2171 980 2210 omnem
1032 2157 1409 2224 occasionem)
1453 2175 1595 2222 nou

81 2246 334 2300 fundant
367 2244 620 2312 epistole.
664 2241 908 2295 Nescitis
943 2241 1310 2296 temeritatem
1346 2235 1591 2296 consilii

81 2333 323 2386 2fectum
371 2345 493 2381 esse
537 2331 593 2378 et
635 2324 997 2396 imprudentie
1044 2326 1323 2394 speciem?
1367 2339 1564 2392 secun-

81 2434 162 2469 ιω
199 2415 433 2467 beatum
457 2411 720 2464 Thomam
756 2411 999 2464 secunda
1024 2409 1297 2482 Secunde.
1325 2428 1375 2479 q.
1387 2408 1561 2464 'xum
1590 2465 1597 2470 ,

81 2507 141 2556 rt.
181 2513 313 2552 xxv,
354 2513 402 2548 c.
438 2497 492 2548 fi.
559 2495 670 2548 Illa
723 2493 870 2548 enim
912 2499 1229 2550 temeritate
1273 2495 1412 2548 fiunt
1454 2491 1567 2566 que

81 2587 258 2640 ttione
293 2597 407 2633 non
441 2583 724 2648 geruntur,
763 2583 820 2634 et
851 2577 977 2635 ideo
1012 2583 1269 2652 superbie
1306 2587 1392 2634 est
1425 2579 1562 2650 filia,

99 2753 124 2794 ⁴
159 2753 300 2811 boni
324 2755 373 2806 1.
396 2749 483 2805 vii
505 2751 558 2803 2.

1192 2834 1262 2894 22
