1942 3109
191 206 296 257 356
371 219 663 255 EPISTOLAE
690 219 1057 254 oBscvRonm
1083 219 1336 254 VIRORVM
1363 219 1541 252 NOVAE.

193 325 368 375 multa
410 325 557 374 bona
604 329 735 374 sunt
779 323 928 373 intra
978 329 1173 374 contra
1217 323 1387 372 istum
1433 324 1719 388 Wimphe·

193 410 428 474 lingium
485 409 581 472 qui
635 409 868 473 scripsit
922 414 1117 458 contra
1168 407 1487 459 monachos.
1572 409 1721 470 Quia

167 486 383 544 *statim
429 494 537 544 erit
578 494 636 542 in
678 496 829 542 meta
866 493 1087 556 quando
1122 492 1275 558 leget
1310 492 1587 542 dominum
1620 508 1720 544 no—

193 584 368 629 strum
394 578 674 628 Christum
708 577 888 628 fuisse
925 577 1281 641 monachum,
1318 577 1583 628 videlicet
1619 580 1717 628 ab·

191 666 407 727 batem,
455 668 512 713 et
556 667 811 712 sanctum
855 663 1081 711 Petrum
1116 662 1384 726 priorem,
1433 667 1492 712 et
1525 662 1719 712 Iudam

194 748 504 798 Schariotis
551 747 897 797 cellerarium
945 751 1005 796 et
1048 745 1367 810 Philippum
1413 747 1719 811 portarium

194 837 252 882 et
287 833 371 881 sic
405 831 472 882 de
509 831 640 880 aliis
677 830 978 880 secundum
1014 831 1115 881 sub
1154 835 1211 880 et
1245 846 1435 896 supra,
1472 846 1579 898 que
1606 848 1718 882 om-

193 918 288 966 nia
323 917 430 966 iste
465 916 814 966 illuminatus
853 920 911 966 et
943 915 1111 966 valde
1148 914 1491 966 scientificus
1526 931 1714 964 mona-

198 1001 334 1052 chus
369 1000 578 1052 Paulus
614 1001 862 1066 Langius
907 1001 991 1050 sic
1035 999 1443 1065 magistraliter
1486 1001 1718 1065 probat,

192 1092 255 1136 ut
299 1086 743 1151 Wimphelingus
789 1090 848 1135 et
890 1086 979 1135 sui
1030 1085 1296 1151 discipuli
1351 1100 1461 1134 non
1514 1085 1720 1135 debent

191 1187 360 1220 unum
415 1171 644 1222 verbum
706 1175 899 1220 contra
957 1169 1253 1223 rebellare.
1342 1168 1450 1219 Sed
1503 1169 1720 1220 resistit

191 1255 362 1304 michi
397 1270 538 1305 unus
563 1253 1107 1319 Wimphelingianus
1146 1254 1204 1302 in
1240 1245 1446 1304 faciem
1482 1259 1540 1304 et
1575 1252 1721 1303 dixit

195 1339 340 1404 quod
393 1340 651 1390 monachi
703 1339 1046 1387 mentiantur
1100 1339 1247 1387 sicut
1298 1337 1722 1388 sceleratissimi

195 1439 504 1488 caupone8‚
551 1410 663 1486 qui⁸
689 1423 885 1472 volunt
922 1420 1202 1471 Christum
1246 1423 1424 1472 fuisse
1472 1423 1554 1472 ita
1591 1439 1718 1487 por-

195 1512 473 1558 tentosum
511 1505 716 1556 animal
755 1510 812 1555 et
849 1505 1194 1556 cucullatam
1230 1507 1495 1570 bestiam,
1533 1511 1591 1557 et
1624 1523 1718 1564 su-

193 1608 294 1657 per
329 1608 414 1642 me
450 1591 787 1656 protestavit
811 1590 1030 1640 nomine
1059 1589 1285 1640 Christi.
1346 1596 1478 1642 tunc
1513 1592 1598 1642 fui
1630 1593 1717 1642 ita

191 1677 522 1742 perterritus
576 1674 719 1738 quod
771 1675 1045 1740 perminxi
1101 1679 1159 1726 ct
1208 1676 1556 1741 permerdavi
1612 1693 1719 1742 me,

194 1760 339 1824 quod
382 1776 570 1811 omnes
617 1775 810 1808 nasum
855 1760 1254 1826 pretenebant:
1308 1761 1408 1812 sed
1458 1763 1535 1811 sit
1586 1776 1719 1825 quo-

192 1844 350 1895 modo
387 1846 490 1907 sit,
539 1859 638 1908 ego
675 1843 780 1893 hoc
825 1842 1053 1894 firmiter
1099 1844 1293 1908 credo,
1342 1846 1487 1909 quod
1533 1862 1722 1897 omnes

193 1928 417 1979 tandem
475 1933 636 1978 erunt
689 1930 842 1978 stare
905 1928 1135 1980 confuse
1182 1934 1401 1979 tantum
1448 1945 1571 1980 cum
1618 1947 1725 1980 sua

194 2014 463 2076 scientia,
503 2018 558 2063 et
594 2012 776 2063 dicere
815 2009 1092 2062 ‘diabolus
1128 2014 1378 2078 portavit
1412 2015 1571 2064 illum
1606 2031 1723 2065 mo-

191 2098 430 2148 nachum
467 2096 538 2146 ad
573 2112 702 2159 nos;
742 2097 864 2160 quis
900 2097 1043 2148 fecit
1078 2112 1201 2148 eum
1236 2098 1296 2147 in
1332 2099 1585 2149 omnibus
1611 2100 1726 2148 sci-

189 2182 400 2232 bilibus
437 2182 519 2231 ita
555 2181 845 2231 formalem
881 2185 940 2232 et
976 2181 1397 2245 qualificatum?
1437 2182 1725 2244 Quomodo

190 2270 376 2331 potest
410 2265 516 2314 hoc
543 2280 666 2316 esse
691 2265 802 2315 nisi
825 2281 924 2330 per
949 2267 1249 2316 scientiam
1272 2266 1549 2317 infusam?
1588 2269 1725 2330 quia

192 2366 302 2400 non
339 2351 502 2400 stetit
534 2350 596 2398 in
632 2349 825 2413 aliqua
860 2351 1260 2413 universitate,
1311 2355 1369 2402 et
1412 2357 1499 2402 est
1540 2350 1727 2400 adhuc

193 2451 335 2484 unus
371 2450 543 2498 purus
581 2435 818 2486 beanus:
857 2439 916 2485 et
950 2439 1139 2484 tamen
1172 2435 1318 2486 bene
1352 2437 1510 2486 valet
1544 2436 1725 2499 magi·

193 2518 482 2568 strandum
517 2519 610 2568 vel
647 2519 818 2568 etiam
852 2518 1006 2583 plus,
1046 2533 1169 2567 cum
1202 2521 1371 2570 venia
1399 2520 1725 2570 eximiorum

191 2605 578 2666 magistrorum
635 2605 981 2652 nostrorum'.
1068 2604 1197 2669 Ipse
1252 2604 1425 2654 etiam
1481 2605 1725 2654 Thomas

192 2686 418 2736 Murner
459 2686 764 2736 moanchus
811 2690 870 2738 et
903 2685 1097 2736 doctor
1130 2687 1365 2739 multum
1400 2688 1625 2740 subtilis
1664 2693 1726 2742 et
