1942 3109
882 502 936 559 1.

300 608 631 671 Thomas
688 604 1509 691 Langsehneyderius

398 728 799 779 baccalaurius
837 726 1116 793 theologie
1155 727 1420 777 formatus

635 811 890 877 quamvis
925 811 1185 875 indignus

696 904 949 957 Salutem
985 903 1124 953 dicit

243 1000 714 1067 superexcellenti
737 1013 955 1048 necnon
980 997 1440 1049 scientificissimo
1463 1002 1582 1049 viro

204 1104 471 1153 domino
506 1101 801 1152 Ortvino
838 1099 1076 1149 Gratio
1110 1102 1612 1151 Daventriensi

166 1208 333 1271 poete,
369 1204 607 1265 oratori,
644 1206 704 1251 et
740 1200 1096 1267 philosopho,
1136 1218 1350 1253 necnon
1388 1202 1664 1269 theologe,

644 1292 703 1337 et
736 1286 861 1352 plus
898 1287 947 1337 si
982 1286 1172 1337 vellet.

250 1406 545 1497 Quoniam
592 1422 676 1486 (nt
722 1422 863 1473 dicit
904 1422 1258 1488 Aristoteles)
1305 1424 1559 1475 dubitare
1597 1425 1662 1476 de

146 1510 382 1577 singulis
406 1525 515 1559 non
541 1512 629 1558 est
652 1508 879 1571 inutile,
918 1510 976 1557 et
999 1508 1132 1571 quia
1156 1508 1360 1574 legitur
1383 1511 1441 1559 in
1465 1508 1662 1561 Eccle-

142 1598 344 1646 siaste:
372 1593 652 1659 ‘proposui
669 1593 727 1641 in
748 1595 933 1643 animo
958 1608 1078 1643 meo
1104 1608 1330 1660 querere
1357 1598 1413 1644 et
1436 1596 1664 1645 investi-

146 1696 271 1745 gare
304 1680 379 1729 de
416 1678 671 1728 omnibus
707 1693 814 1745 que
852 1681 983 1728 sunt
1015 1679 1115 1729 sub
1153 1678 1318 1728 sole':
1355 1679 1526 1743 igitur
1562 1694 1664 1745 ego

144 1765 404 1830 proposui
442 1762 574 1813 mihi
611 1778 824 1813 movere
862 1776 1028 1811 unam
1071 1764 1414 1829 questionem
1459 1764 1518 1813 in
1551 1778 1661 1827 qua

145 1848 361 1899 dubium
412 1848 593 1899 habeo
640 1847 711 1897 ad
754 1846 1179 1897 dominationem
1222 1852 1480 1897 vestram.
1555 1848 1662 1898 Sed

140 1935 288 1999 prius
313 1936 597 1999 protestor
620 1948 719 1996 per
741 1932 899 1983 deum
925 1936 1178 1982 sanetum
1193 1968 1208 1993 ‚
1235 1930 1380 1995 quod
1401 1947 1511 1981 non
1533 1933 1662 1983 volo

140 2023 359 2069 tentare
414 2016 849 2067 dominationem
900 2032 999 2067 seu
1043 2016 1520 2067 venerabilitatem
1567 2034 1660 2069 ve-

135 2108 343 2166 stram,
390 2101 491 2151 sed
539 2116 639 2165 ego
686 2101 845 2166 cupio
895 2100 1211 2151 cordialiter
1257 2106 1314 2150 et
1357 2100 1660 2153 affectuose

140 2187 291 2249 quod
336 2186 633 2236 instruatis
682 2202 765 2235 me
812 2200 978 2250 super
1021 2184 1243 2237 dubium
1288 2184 1440 2235 illud.
1515 2188 1660 2249 Quia

140 2271 417 2334 scriptum
439 2274 525 2320 est
546 2272 603 2321 in
630 2271 953 2334 evangelio:
992 2269 1124 2320 ‘noli
1145 2274 1362 2322 tentare
1388 2270 1658 2323 dominum

138 2355 303 2405 deum
340 2352 528 2419 tnum'‚
564 2356 716 2419 quia,
754 2359 817 2405 ut
850 2354 991 2404 dicit
1027 2354 1310 2405 Salomon:
1350 2354 1402 2405 ‘a
1437 2356 1538 2407 deo
1575 2364 1660 2409 est

139 2441 322 2489 omnis
368 2441 693 2504 sapientia’:
742 2439 839 2490 sed
882 2455 983 2489 vos
1018 2438 1246 2489 dedistis
1279 2440 1413 2491 mihi
1447 2458 1660 2493 omnem

140 2524 443 2573 scientiam
491 2526 654 2588 qua'm
702 2540 805 2589 ego
850 2524 1057 2587 habe0,
1103 2533 1159 2573 et
1204 2526 1375 2575 omnis
1421 2526 1662 2576 scientia

140 2607 296 2657 bona
344 2612 431 2657 est
474 2610 625 2676 origo
672 2609 980 2674 sapientie:
1033 2624 1160 2672 ergo
1204 2624 1302 2659 vos
1348 2610 1484 2660 estis
1527 2610 1662 2659 mihi

146 2692 539 2753 quodammodo
564 2693 722 2757 deus,
761 2694 894 2756 quia
918 2691 1152 2741 dedistis
1175 2692 1308 2739 mihi
1331 2692 1550 2739 initium
1575 2705 1665 2736 sa-

1337 2770 1366 2816 l
