1942 3109
389 240 458 286 67.
475 233 564 291 [5.]
586 245 864 281 monnau
887 244 1065 280 srecn
1086 246 1159 281 nc
1181 245 1477 284 ennean.
1520 213 1526 221 ’
1600 230 1699 282 371

637 434 722 486 67.
775 433 1133 502 [Appendicis
1168 432 1243 500 5.)

173 553 468 618 Frater
489 551 907 616 Nollerius
931 551 1172 617 Stech
1196 553 1287 616 de
1312 549 1641 616 Calabri
1663 575 1703 617 a
1754 517 1757 520 ἡ

609 655 929 722 Magistro
978 655 1266 707 Ortvino

171 777 424 828 Devotas
459 791 614 825 meas
649 775 934 825 orationes
969 779 1101 841 opto
1136 775 1295 827 vobis
1330 775 1455 826 loco
1480 774 1701 824 salutis.

172 861 516 911 excellentia.
568 865 758 910 vestra
802 860 1195 925 theologicalis
1240 861 1350 910 scit
1405 859 1548 924 quod
1594 875 1699 924 ego

170 947 284 996 iam
319 945 452 995 veni
487 946 652 1007 quasi
686 945 1013 1010 peregrinus
1039 959 1106 993 ex
1132 947 1315 994 monte
1342 943 1535 1007 Synai.
1592 945 1698 996 Ne-

171 1030 332 1079 scitis
367 1033 554 1078 tamen
589 1043 756 1092 quam
778 1028 958 1079 multa
982 1043 1101 1078 sum
1125 1043 1325 1093 passus
1348 1029 1409 1077 in
1432 1029 1539 1080 hoc
1562 1032 1697 1078 tem-

170 1130 332 1180 pore,
383 1113 602 1177 quando
651 1129 686 1162 a
728 1113 889 1164 vobis
937 1129 972 1162 a
1019 1112 1255 1164 Colonia
1300 1113 1534 1164 recessi:
1582 1113 1699 1163 lon-

171 1215 302 1264 gum
337 1201 486 1248 esset
519 1198 678 1249 vobis
713 1198 818 1248 illa
855 1199 1039 1248 omnia
1078 1199 1352 1266 scribere,
1402 1199 1537 1262 quia
1578 1197 1699 1246 nul-

171 1284 260 1334 lus
298 1282 444 1334 alius
481 1284 692 1332 amicus
727 1282 863 1332 mihi
899 1286 1157 1346 superest
1192 1284 1283 1333 cui
1304 1283 1699 1332 necessitatem

171 1383 350 1418 meam
397 1381 766 1431 conquererer
806 1359 1000 1432 ‘proter
1042 1383 1172 1418 vos:
1218 1367 1439 1432 quando
1486 1366 1698 1431 aliquid

171 1451 296 1502 dico
319 1453 380 1503 in
401 1452 764 1514 monasterio,
801 1455 936 1500 tunc
957 1453 1151 1504 statim
1174 1452 1510 1519 respondent
1536 1451 1698 1503 mihi:

171 1537 238 1588 ‘O
277 1542 339 1588 tu
373 1553 484 1588 non
533 1551 594 1588 es
638 1535 764 1586 ideo
811 1535 1135 1588 claustralis
1182 1538 1327 1603 quod
1372 1539 1550 1591 velles
1596 1539 1697 1589 ha·

167 1623 300 1673 bere
343 1624 546 1673 bonam
589 1622 782 1672 vitam.
853 1621 978 1672 Non
1024 1623 1134 1687 sic,
1189 1624 1373 1689 impii,
1418 1639 1529 1675 non
1572 1625 1695 1674 sic'.

167 1707 290 1772 Ego
337 1722 447 1756 non
493 1720 718 1771 possum
767 1707 1083 1771 excogitare
1128 1707 1273 1758 unde
1317 1709 1539 1772 veniat,
1586 1708 1697 1758 nisi

170 1808 240 1840 ex
285 1791 388 1841 illa
433 1791 584 1841 mala
630 1791 858 1842 fortuna
895 1790 1040 1854 quod
1074 1792 1347 1857 Magister
1380 1789 1571 1843 noster
1604 1793 1695 1842 Ia—

172 1875 346 1924 cobus
379 1874 448 1924 de
481 1876 790 1926 Hochstrat
827 1877 1103 1928 consumit
1134 1877 1217 1928 ita
1250 1893 1507 1943 magnam
1553 1893 1694 1927 sum·

170 1973 318 2008 mam
358 1960 594 2026 pecunie
643 1961 702 2010 in
748 1961 905 2012 curia
949 1961 1201 2012 Romana
1257 1965 1484 2027 propter
1534 1959 1695 2014 fidem

169 2042 544 2094 Christianam
593 2059 757 2110 quam
791 2046 892 2098 illc
927 2059 1169 2110 nequam
1202 2044 1443 2096 Ioannes
1475 2046 1691 2096 Reueh-

165 2129 250 2180 lin
284 2129 558 2180 destruxit
593 2131 652 2180 in
687 2146 788 2180 suo
823 2129 1064 2195 Speculo
1091 2129 1355 2180 Oculari:
1392 2145 1493 2196 ego
1530 2129 1693 2182 credo

167 2214 314 2278 quod
336 2216 526 2266 omnia
549 2215 887 2266 monasteria
923 2219 1115 2266 nostra
1148 2214 1355 2267 debent
1388 2217 1440 2266 ei
1472 2217 1693 2268 mittere

165 2299 490 2363 pecuniam:
526 2300 662 2363 quia
695 2303 914 2363 oportet
945 2315 1071 2350 eum
1094 2315 1219 2352 esse
1242 2299 1536 2368 liberalem
1558 2302 1693 2352 dan-

165 2383 234 2434 do
271 2382 536 2434 hincinde
573 2381 966 2434 Cardinalibus
1004 2385 1301 2450 propinaS,
1346 2389 1408 2436 ut
1441 2385 1695 2438 iudicant

165 2483 266 2533 pro
299 2483 362 2520 se
401 2470 459 2517 et
493 2481 605 2516 non
639 2481 740 2531 pro
773 2467 983 2518 Ioanne
1018 2468 1309 2518 Reuchlin.
1381 2469 1513 2520 Ideo
1548 2471 1693 2535 prio-

165 2567 256 2604 res
291 2553 471 2604 nostri
507 2551 842 2604 abbreviant
873 2553 1035 2604 nobis
1058 2552 1275 2619 vinum,
1312 2554 1565 2618 quamvis
1590 2554 1695 2605 Sa-

163 2637 349 2689 lomon
373 2636 554 2687 dicat:
582 2635 820 2688 ‘Musica
837 2677 850 2703 ,
885 2638 1089 2687 mulier
1112 2641 1169 2688 et
1191 2639 1381 2690 vinum
1415 2637 1693 2703 letificant

163 2737 264 2774 cor
305 2721 560 2772 hominis'
607 2723 784 2787 primo
827 2721 1251 2771 Proverbiorum
1299 2735 1425 2770 .x11.
1469 2720 1547 2768 Et
1589 2733 1693 2784 ego

1288 2800 1389 2850 24*
