1942 3109
255 230 358 284 300
432 247 722 284 nms'ronffl
747 243 1113 285 onscvnonvu
1136 237 1397 284 vmonvu'
1414 247 1590 284 novAE.

257 347 420 419 p'oete
463 353 715 404 facerent
755 350 916 406 nobis
959 369 1161 420 magna
1208 353 1427 405 frivola.
1510 352 1619 405 Sed
1674 355 1780 406 ha'-

258 438 441 492 beatis
475 440 634 490 vobis
657 438 814 489 illum
837 440 1093 490 iuvenem
1120 438 1553 490 commendatum
1578 443 1637 490 et
1658 440 1776 493 Va·

257 523 442 576 leatis.
511 525 718 574 Datum
751 523 1023 590 Erfordie.

971 776 1055 830 46.

260 875 722 982 (Magister
751 893 1179 960 Cunradus
1206 893 1772 960 Unekebunek

541 1001 871 1066 Magistro
911 1000 1202 1052 Ortvino
1240 1000 1478 1050 Gratio

638 1085 886 1138 Salutem
908 1086 1213 1152 “plurimam
1248 1085 1400 1156 diffit-

359 1205 456 1258 ‘Os
494 1207 700 1257 habent
736 1209 792 1256 et
825 1221 935 1256 non
969 1204 1292 1270 loquentum
1340 1205 1529 1256 oeulos
1565 1205 1775 1259 habent

259 1296 317 1342 et
350 1305 460 1342 non
494 1291 788 1353 videbunt3
828 1305 992 1340 aures
1027 1291 1235 1341 habent
1267 1295 1325 1342 et
1360 1307 1469 1342 non
1506 1279 1770 1343 audient'·.

209 1377 575 1429 *Psalmista
644 1376 766 1444 Hee
801 1375 972 1426 verba
1008 1379 1241 1440 possunt
1278 1376 1360 1426 sie
1394 1377 1671 1428 introduci
1717 1372 1773 1428 et

261 1461 612 1512 thematisari
648 1461 717 1510 ad
741 1461 1083 1525 propositum
1105 1476 1311 1511 meum=
1346 1462 1619 1528 Magister
1644 1463 1770 1512 Ort-

259 1547 420 1597 vinus
466 1545 634 1596 habet
679 1559 738 1594 os
785 1547 842 1594 et
885 1546 1325 1610 non.10quitur‚.
1362 1548 1445 1598 ita
1488 1549 1551 1595 ut
1594 1547 1769 1598 semel

261 1631 470 1681 diceret
505 1630 679 1680 alicui
703 1629 999 1681 Curtisano
1036 1631 1131 1694 qui
1167 1631 1345 1682 tendit
1367 1633 1615 1683 Romam:
1659 1629 1770 1683 ‘sa-

259 1717 452 1768 lutetis
495 1715 630 1765 mihi
673 1715 945 1766 dominum
992 1713 1301 1767 Cum-adum
1348 1717 1769 1769 Unekebunck'.

259 1802 334 1851 Et
377 1801 548 1851 habet
592 1801 781 1850 oeulos
828 1803 885 1851 et
928 1815 1039 1850 non
1080 1801 1259 1852 videt:
1306 1803 1439 1865 quia
1484 1791 1682 1870 scripsi
1715 1805 1769 1854 ei

259 1885 463 1936 multas
499 1885 720 1936 litteras
756 1889 812 1936 et
845 1901 952 1936 non
988 1887 1285 1952 respondet
1316 1887 1451 1938 mihi
1478 1890 1640 1952 quasi
1660 1905 1773 1940 non
1836 1915 1839 1918 ·

190 1959 194 1963 ’
259 1971 452 2036 legens
477 1985 574 2022 seu
596 1970 809 2022 videns.
868 1970 943 2021 Et
965 1973 1131 2023 tertio
1164 1972 1335 2023 habet
1372 1987 1533 2024 aures
1570 1977 1627 2024 et
1660 1989 1771 2025 non

259 2056 442 2108 audit:
498 2058 630 2121 quia
678 2057 1054 2108 commendavi
1095 2057 1285 2108 multis
1331 2058 1496 2108 sociis
1552 2059 1772 2122 quando

259 2145 479 2193 iverunt
515 2142 584 2190 ad
619 2146 837 2206 partes,
875 2146 938 2191 ut
974 2142 1287 2193 salutarent
1322 2159 1470 2194 eum:
1518 2145 1617 2195 sed
1648 2146 1772 2210 ipse

259 2242 371 2278 non
417 2225 630 2277 audivit
680 2226 1051 2278 salutationes
1102 2243 1281 2292 meas,
1336 2230 1467 2292 quia.
1520 2245 1631 2281 non
1683 2247 1771 2281 re-

261 2310 479 2378 spondit
521 2311 654 2361 illis.
731 2312 880 2378 Ergo
923 2313 1171 2379 peccatis
1214 2313 1405 2378 valde,
1464 2315 1595 2378 quia
1640 2330 1773 2378 ergo

263 2413 384 2448 amo
419 2412 547 2447 vos:
585 2401 642 2449 et
677 2413 806 2463 erg-o
830 2397 1045 2448 debetis
1069 2413 1153 2448 me
1178 2399 1377 2449 iterum
1400 2413 1599 2450 amare.
1660 2397 1774 2449 Sed

260 2497 370 2532 non
412 2482 632 2547 facitis,
679 2484 812 2547 quia
856 2499 966 2534 non
1013 2483 1257 2534 scribitis
1302 2485 1437 2534 mihi
1470 2481 1625 2532 nihil.
1697 2483 1779 2534 Et

259 2567 463 2618 vellem
498 2568 737 2618 libenter
772 2567 916 2632 quod
950 2568 1235 2634 sepissime
1274 2567 1591 2619 scriberetis
1614 2568 1771 2620 mihi:

263 2653 396 2716 quia
433 2651 648 2715 quando
685 2652 810 2719 lego
847 2652 1063 2703 litteras
1098 2656 1340 2716 vestras,
1379 2651 1653 2720 letificant
1686 2669 1773 2704 me

263 2739 323 2788 in
359 2737 518 2789 corde
554 2739 720 2791 intus.
778 2738 1040 2788 Attamen
1064 2735 1345 2801 intellexi,
1384 2738 1527 2802 quod
1550 2739 1773 2792 habetis
1922 2711 1924 2750 ³
