1942 3109
71 274 546 314 LAMENTATIONES
585 275 890 310 OBSGVBOB.
915 273 1218 311 ancnmn.
1246 273 1425 310 NOVAE.
1492 255 1591 308 307

71 381 280 433 ceteris
313 379 648 445 latitantem,
688 383 744 430 et
777 378 1009 428 infinitis
1042 393 1185 446 pene
1219 377 1439 426 iniuriis
1465 391 1592 426 ene-

71 471 244 529 ctum,
283 481 316 514 a
351 463 498 530 lupis
536 465 834 530 rapacibus
870 463 1113 513 lacerari
1136 478 1245 512 non
1272 463 1444 512 sinas.
1480 462 1593 512 Vos

71 564 294 615 quoque
329 549 816 600 reverendissimos
851 548 1099 598 dominos
1144 546 1459 598 cardinales
1496 560 1592 595 ve-

71 651 162 685 ros
201 633 425 702 iusticie
460 639 722 699 patronos
759 633 1010 698 appelle,
1044 647 1145 684 vos
1179 632 1449 693 obtestor,
1492 645 1592 680 vos

71 721 336 782 obsecro,
393 723 458 768 ut
509 720 805 770 veritatem
859 708 1157 784 profitenti
1184 720 1240 766 et
1290 715 1513 780 indigne
1560 729 1594 762 a

71 803 368 856 malevolis
411 803 559 876 lese,
619 804 818 854 salutis
875 817 1036 868 opem
1090 804 1341 868 prestare
1384 798 1591 850 velitis.

71 888 236 952 Quod
279 889 330 936 si
371 888 651 953 feceritis,
699 889 888 953 plures
931 885 1296 952 proculdubio
1330 882 1487 949 Iudei
1524 880 1595 931 ad

71 973 234 1022 fidem
279 975 523 1022 nostram
569 977 985 1024 convertentur.-
1047 972 1189 1021 Nam
1242 970 1337 1033 qui
1380 967 1593 1017 animas

71 1055 494 1122 quatuordecim
541 1072 570 1106 e
613 1057 860 1108 tenebris
917 1071 1171 1124 cecorum
1226 1054 1295 1104 ad
1336 1052 1594 1102 veritatis

71 1144 262 1192 lumen
298 1139 544 1206 traduxi,
589 1142 801 1190 nullam
839 1141 1135 1192 commerui
1174 1139 1596 1188 christianorum

72 1225 487 1276 contumeliam.
556 1225 698 1276 Vale
753 1225 997 1276 feliciter
1049 1229 1210 1290 pater
1254 1223 1595 1283 beatissime,

72 1323 286 1373 vosque
322 1309 808 1360 reverendissimos
845 1309 1088 1376 ecclesie
1112 1309 1397 1373 primates,
1430 1321 1597 1355 verus

71 1395 214 1444 deus
268 1408 544 1457 verus-que
600 1394 690 1444 dei
741 1394 890 1444 filins
941 1393 1417 1458 quamdiutissime
1472 1405 1597 1439 cou-

71 1482 278 1530 servet.
1548 1537 1557 1564 Ι

791 1700 859 1750 26

401 1785 452 1844 (1
495 1783 840 1848 Ioannes
885 1783 1279 1846 Corvinus

567 1887 944 1952 Antiphoni
980 1901 1099 1936 suo

693 1972 768 2025 .S.
805 1961 868 2026 P.
905 1973 974 2021 D.

177 2071 224 2123 Ο
269 2088 474 2138 magna
507 2075 594 2124 vis
627 2075 913 2138 veritatis,
959 2089 1067 2142 que
1116 2077 1311 2124 contra
1357 2073 1595 2122 omnium

71 2158 319 2222 ingenia,
347 2157 729 2224 calliditatem,
756 2159 1059 2224 solertiam,
1082 2163 1385 2222 contraque
1410 2159 1597 2208 factas
1630 2169 1633 2172 ’

71 2241 159 2306 (ut
182 2241 404 2292 Tullius
441 2241 542 2309 ait)
581 2245 818 2294 omnium
853 2243 1107 2309 insidias,
1144 2243 1317 2294 facile
1352 2243 1595 2308 seipsam

71 2325 338 2380 defendit.
411 2325 472 2376 Si
508 2329 652 2376 enim
690 2331 744 2377 et
779 2329 1105 2379 innocentes
1145 2333 1201 2378 et
1235 2329 1368 2378 boni
1406 2327 1595 2377 existi-

71 2413 213 2462 mari
245 2411 526 2476 volumus,
573 2427 681 2461 non
723 2412 900 2464 solum
922 2409 946 2480 Η
968 2429 1069 2464 nos
1115 2414 1463 2464 abstinentes
1500 2407 1731 2476 (utuiijb

71 2499 158 2547 est
217 2495 364 2560 apud
409 2495 660 2562 eundem)
707 2496 805 2547 sed
864 2499 1033 2548 etiam
1090 2483 1305 2550 nostros
1366 2498 1594 2548 comites

69 2585 326 2647 prestare
364 2580 642 2632 debemus.
677 2582 920 2631 Primum
957 2582 1127 2646 igitur
1162 2584 1399 2633 omnium
1435 2587 1597 2633 tanta

71 2665 236 2715 nobis
273 2681 442 2730 opera
477 2665 660 2716 danda
699 2673 800 2731 est,
837 2669 899 2716 ut
923 2681 1017 2716 eos
1039 2666 1594 2730 habeamusamicOS,

70 2754 340 2814 patronos
375 2752 544 2800 etiam
581 2767 647 2801 ae
685 2751 1034 2816 defensores,
1082 2753 1177 2816 qui
1220 2757 1409 2820 nostre
1444 2754 1593 2820 fame

1184 2838 1295 2888 20*
