<?xml version="1.0" encoding="UTF-8"?>
<!DOCTYPE html PUBLIC "-//W3C//DTD XHTML 1.0 Transitional//EN"
    "http://www.w3.org/TR/xhtml1/DTD/xhtml1-transitional.dtd">
<html xmlns="http://www.w3.org/1999/xhtml" xml:lang="en" lang="en">
 <head>
  <title>
</title>
<meta http-equiv="Content-Type" content="text/html;charset=utf-8" />
  <meta name='ocr-system' content='tesseract 3.04.00' />
  <meta name='ocr-capabilities' content='ocr_page ocr_carea ocr_par ocr_line ocrx_word'/>
</head>
<body>
  <div class='ocr_page' id='page_1' title='image "./epistolaeobscur00huttgoog_0272.png"; bbox 0 0 1942 3109; ppageno 0'>
   <div class='ocr_carea' id='block_1_1' title="bbox 157 272 1659 325">
    <p class='ocr_par' dir='ltr' id='par_1_1' title="bbox 157 272 1659 325">
     <span class='ocr_line' id='line_1_1' title="bbox 157 272 1659 325; baseline 0 0"><span class='ocrx_word' id='word_1_1' title='bbox 157 285 220 325; x_wconf 83' lang='lat'><strong>29.</strong></span> <span class='ocrx_word' id='word_1_2' title='bbox 236 274 476 323; x_wconf 62' lang='lat' dir='ltr'><strong>nonnum</strong></span> <span class='ocrx_word' id='word_1_3' title='bbox 501 284 821 322; x_wconf 58' lang='lat' dir='ltr'><strong>unanimum.</strong></span> <span class='ocrx_word' id='word_1_4' title='bbox 867 278 932 323; x_wconf 80' lang='lat'><strong>80.</strong></span> <span class='ocrx_word' id='word_1_5' title='bbox 949 282 1223 323; x_wconf 57' lang='lat' dir='ltr'><strong>Marnas.</strong></span> <span class='ocrx_word' id='word_1_6' title='bbox 1246 285 1514 325; x_wconf 66' lang='lat' dir='ltr'><strong>BCLAUGH·</strong></span> <span class='ocrx_word' id='word_1_7' title='bbox 1561 272 1659 325; x_wconf 70' lang='lat'><strong>261</strong></span> 
     </span>
    </p>
   </div>
   <div class='ocr_carea' id='block_1_2' title="bbox 91 390 1661 2838">
    <p class='ocr_par' dir='ltr' id='par_1_2' title="bbox 91 390 1661 2838">
     <span class='ocr_line' id='line_1_2' title="bbox 155 390 1659 455; baseline 0.001 -11"><span class='ocrx_word' id='word_1_8' title='bbox 155 394 282 444; x_wconf 89' lang='lat' dir='ltr'><strong>mini</strong></span> <span class='ocrx_word' id='word_1_9' title='bbox 313 392 580 443; x_wconf 73' lang='lat' dir='ltr'>Iohannis</span> <span class='ocrx_word' id='word_1_10' title='bbox 613 390 987 455; x_wconf 80' lang='lat' dir='ltr'><strong>Pfefferkorn,</strong></span> <span class='ocrx_word' id='word_1_11' title='bbox 1034 391 1129 455; x_wconf 88' lang='lat' dir='ltr'><strong>qui</strong></span> <span class='ocrx_word' id='word_1_12' title='bbox 1171 390 1487 443; x_wconf 72' lang='lat' dir='ltr'><strong>intitulatur</strong></span> <span class='ocrx_word' id='word_1_13' title='bbox 1530 390 1659 445; x_wconf 83' lang='lat' dir='ltr'><strong>‘De-</strong></span> 
     </span>
     <span class='ocr_line' id='line_1_3' title="bbox 153 474 1659 529; baseline -0.001 0"><span class='ocrx_word' id='word_1_14' title='bbox 153 480 327 529; x_wconf 76' lang='lat' dir='ltr'><strong>fensio</strong></span> <span class='ocrx_word' id='word_1_15' title='bbox 384 476 654 528; x_wconf 81' lang='lat' dir='ltr'><strong>Iohannis</strong></span> <span class='ocrx_word' id='word_1_16' title='bbox 709 474 1055 527; x_wconf 83' lang='lat' dir='ltr'><strong>Pfefferkorn</strong></span> <span class='ocrx_word' id='word_1_17' title='bbox 1124 481 1317 528; x_wconf 86' lang='lat' dir='ltr'><strong>contra</strong></span> <span class='ocrx_word' id='word_1_18' title='bbox 1382 477 1659 529; x_wconf 78' lang='lat' dir='ltr'><strong>famosas&#39;.</strong></span> 
     </span>
     <span class='ocr_line' id='line_1_4' title="bbox 152 560 1659 630; baseline -0.001 -16"><span class='ocrx_word' id='word_1_19' title='bbox 152 564 266 630; x_wconf 82' lang='lat' dir='ltr'><strong>Ego</strong></span> <span class='ocrx_word' id='word_1_20' title='bbox 299 564 383 614; x_wconf 85' lang='lat' dir='ltr'><strong>fui</strong></span> <span class='ocrx_word' id='word_1_21' title='bbox 420 563 502 613; x_wconf 85' lang='lat' dir='ltr'><strong>ita</strong></span> <span class='ocrx_word' id='word_1_22' title='bbox 537 561 684 629; x_wconf 74' lang='lat' dir='ltr'><strong>letus</strong></span> <span class='ocrx_word' id='word_1_23' title='bbox 736 560 952 625; x_wconf 86' lang='lat' dir='ltr'><strong>quando</strong></span> <span class='ocrx_word' id='word_1_24' title='bbox 998 562 1194 628; x_wconf 86' lang='lat' dir='ltr'><strong>accepi</strong></span> <span class='ocrx_word' id='word_1_25' title='bbox 1236 561 1397 613; x_wconf 87' lang='lat' dir='ltr'><strong>illum</strong></span> <span class='ocrx_word' id='word_1_26' title='bbox 1440 562 1659 627; x_wconf 82' lang='lat' dir='ltr'><strong>librum,</strong></span> 
     </span>
     <span class='ocr_line' id='line_1_5' title="bbox 155 646 1657 714; baseline 0 -15"><span class='ocrx_word' id='word_1_27' title='bbox 155 648 291 714; x_wconf 88' lang='lat' dir='ltr'><strong>qnod</strong></span> <span class='ocrx_word' id='word_1_28' title='bbox 335 646 548 699; x_wconf 81' lang='lat' dir='ltr'><strong>saltavi</strong></span> <span class='ocrx_word' id='word_1_29' title='bbox 594 661 690 711; x_wconf 73' lang='lat' dir='ltr'><strong>pre</strong></span> <span class='ocrx_word' id='word_1_30' title='bbox 735 646 954 713; x_wconf 82' lang='lat' dir='ltr'><strong>gaudio.</strong></span> <span class='ocrx_word' id='word_1_31' title='bbox 1024 646 1099 699; x_wconf 87' lang='lat' dir='ltr'><strong>Et</strong></span> <span class='ocrx_word' id='word_1_32' title='bbox 1144 647 1449 699; x_wconf 83' lang='lat' dir='ltr'><strong>certissime</strong></span> <span class='ocrx_word' id='word_1_33' title='bbox 1495 647 1657 699; x_wconf 86' lang='lat' dir='ltr'><strong>credo</strong></span> 
     </span>
     <span class='ocr_line' id='line_1_6' title="bbox 151 730 1659 799; baseline -0.002 -13"><span class='ocrx_word' id='word_1_34' title='bbox 151 734 288 799; x_wconf 88' lang='lat' dir='ltr'><strong>quod</strong></span> <span class='ocrx_word' id='word_1_35' title='bbox 320 733 602 784; x_wconf 81' lang='lat' dir='ltr'><strong>Iohannes</strong></span> <span class='ocrx_word' id='word_1_36' title='bbox 635 730 987 783; x_wconf 81' lang='lat' dir='ltr'><strong>Pfefferkorn</strong></span> <span class='ocrx_word' id='word_1_37' title='bbox 1022 736 1110 783; x_wconf 84' lang='lat' dir='ltr'><strong>est</strong></span> <span class='ocrx_word' id='word_1_38' title='bbox 1142 730 1241 783; x_wconf 91' lang='lat' dir='ltr'><strong>ille</strong></span> <span class='ocrx_word' id='word_1_39' title='bbox 1276 731 1345 784; x_wconf 87' lang='lat' dir='ltr'><strong>de</strong></span> <span class='ocrx_word' id='word_1_40' title='bbox 1381 747 1487 798; x_wconf 88' lang='lat' dir='ltr'><strong>quo</strong></span> <span class='ocrx_word' id='word_1_41' title='bbox 1532 748 1659 798; x_wconf 83' lang='lat' dir='ltr'><strong>pro-</strong></span> 
     </span>
     <span class='ocr_line' id='line_1_7' title="bbox 147 816 1661 885; baseline -0.001 -15"><span class='ocrx_word' id='word_1_42' title='bbox 147 820 464 885; x_wconf 80' lang='lat' dir='ltr'><strong>phetizatur</strong></span> <span class='ocrx_word' id='word_1_43' title='bbox 487 816 804 868; x_wconf 74' lang='lat' dir='ltr'><strong>Ezechielis</strong></span> <span class='ocrx_word' id='word_1_44' title='bbox 839 832 918 867; x_wconf 78' lang='lat'><strong>11.</strong></span> <span class='ocrx_word' id='word_1_45' title='bbox 955 818 1069 869; x_wconf 83' lang='lat' dir='ltr'><strong>sic:</strong></span> <span class='ocrx_word' id='word_1_46' title='bbox 1107 816 1198 869; x_wconf 79' lang='lat' dir='ltr'><strong>‘Et</strong></span> <span class='ocrx_word' id='word_1_47' title='bbox 1232 818 1460 870; x_wconf 80' lang='lat' dir='ltr'><strong>vocavit</strong></span> <span class='ocrx_word' id='word_1_48' title='bbox 1482 816 1661 870; x_wconf 81' lang='lat' dir='ltr'><strong>virum</strong></span> 
     </span>
     <span class='ocr_line' id='line_1_8' title="bbox 151 902 1659 969; baseline -0.001 -15"><span class='ocrx_word' id='word_1_49' title='bbox 151 905 244 969; x_wconf 89' lang='lat' dir='ltr'><strong>qui</strong></span> <span class='ocrx_word' id='word_1_50' title='bbox 283 902 512 954; x_wconf 79' lang='lat' dir='ltr'><strong>indutus</strong></span> <span class='ocrx_word' id='word_1_51' title='bbox 560 906 682 952; x_wconf 87' lang='lat' dir='ltr'><strong>erat</strong></span> <span class='ocrx_word' id='word_1_52' title='bbox 715 902 888 953; x_wconf 83' lang='lat' dir='ltr'><strong>lineis</strong></span> <span class='ocrx_word' id='word_1_53' title='bbox 935 906 993 953; x_wconf 86' lang='lat' dir='ltr'><strong>et</strong></span> <span class='ocrx_word' id='word_1_54' title='bbox 1037 904 1489 955; x_wconf 73' lang='lat' dir='ltr'><strong>atramentarium</strong></span> <span class='ocrx_word' id='word_1_55' title='bbox 1522 904 1659 955; x_wconf 84' lang='lat' dir='ltr'><strong>scri·</strong></span> 
     </span>
     <span class='ocr_line' id='line_1_9' title="bbox 143 986 1660 1057; baseline -0.001 -16"><span class='ocrx_word' id='word_1_56' title='bbox 143 990 315 1057; x_wconf 80' lang='lat' dir='ltr'><strong>ptoris</strong></span> <span class='ocrx_word' id='word_1_57' title='bbox 362 987 611 1039; x_wconf 83' lang='lat' dir='ltr'><strong>habebat</strong></span> <span class='ocrx_word' id='word_1_58' title='bbox 653 987 714 1037; x_wconf 89' lang='lat' dir='ltr'><strong>in</strong></span> <span class='ocrx_word' id='word_1_59' title='bbox 745 986 948 1037; x_wconf 85' lang='lat' dir='ltr'><strong>lumbis</strong></span> <span class='ocrx_word' id='word_1_60' title='bbox 985 986 1137 1036; x_wconf 84' lang='lat' dir='ltr'><strong>suis’.</strong></span> <span class='ocrx_word' id='word_1_61' title='bbox 1206 988 1352 1049; x_wconf 80' lang='lat' dir='ltr'><strong>Quia</strong></span> <span class='ocrx_word' id='word_1_62' title='bbox 1384 988 1660 1039; x_wconf 73' lang='lat' dir='ltr'><strong>Iohannes</strong></span> 
     </span>
     <span class='ocr_line' id='line_1_10' title="bbox 115 1062 1661 1137; baseline -0.001 -12"><span class='ocrx_word' id='word_1_63' title='bbox 115 1062 494 1127; x_wconf 74' lang='lat' dir='ltr'><strong>&#39;Pfefferkorn</strong></span> <span class='ocrx_word' id='word_1_64' title='bbox 527 1086 744 1137; x_wconf 81' lang='lat' dir='ltr'><strong>semper</strong></span> <span class='ocrx_word' id='word_1_65' title='bbox 775 1071 948 1122; x_wconf 85' lang='lat' dir='ltr'><strong>habet</strong></span> <span class='ocrx_word' id='word_1_66' title='bbox 982 1073 1431 1123; x_wconf 70' lang='lat' dir='ltr'><strong>atramentarium</strong></span> <span class='ocrx_word' id='word_1_67' title='bbox 1475 1086 1661 1123; x_wconf 85' lang='lat' dir='ltr'><strong>seeum</strong></span> 
     </span>
     <span class='ocr_line' id='line_1_11' title="bbox 143 1155 1661 1225; baseline -0.003 -14"><span class='ocrx_word' id='word_1_68' title='bbox 143 1164 198 1211; x_wconf 86' lang='lat' dir='ltr'><strong>et</strong></span> <span class='ocrx_word' id='word_1_69' title='bbox 239 1157 444 1211; x_wconf 77' lang='lat' dir='ltr'><strong>scribit</strong></span> <span class='ocrx_word' id='word_1_70' title='bbox 483 1158 542 1207; x_wconf 89' lang='lat' dir='ltr'><strong>in</strong></span> <span class='ocrx_word' id='word_1_71' title='bbox 586 1155 1061 1225; x_wconf 71' lang='lat' dir='ltr'><strong>predicationibus</strong></span> <span class='ocrx_word' id='word_1_72' title='bbox 1105 1156 1199 1207; x_wconf 86' lang='lat' dir='ltr'><strong>vel</strong></span> <span class='ocrx_word' id='word_1_73' title='bbox 1254 1156 1661 1209; x_wconf 74' lang='lat' dir='ltr'><strong>conventiculis</strong></span> 
     </span>
     <span class='ocr_line' id='line_1_12' title="bbox 139 1240 1660 1309; baseline -0.001 -14"><span class='ocrx_word' id='word_1_74' title='bbox 139 1242 524 1295; x_wconf 82' lang='lat' dir='ltr'><strong>Auctoritates</strong></span> <span class='ocrx_word' id='word_1_75' title='bbox 560 1246 617 1293; x_wconf 88' lang='lat' dir='ltr'><strong>et</strong></span> <span class='ocrx_word' id='word_1_76' title='bbox 650 1241 952 1306; x_wconf 85' lang='lat' dir='ltr'><strong>notabilia,</strong></span> <span class='ocrx_word' id='word_1_77' title='bbox 988 1240 1129 1293; x_wconf 90' lang='lat' dir='ltr'><strong>unde</strong></span> <span class='ocrx_word' id='word_1_78' title='bbox 1165 1246 1358 1309; x_wconf 86' lang='lat' dir='ltr'><strong>postea</strong></span> <span class='ocrx_word' id='word_1_79' title='bbox 1382 1242 1660 1309; x_wconf 78' lang='lat' dir='ltr'><strong>componit</strong></span> 
     </span>
     <span class='ocr_line' id='line_1_13' title="bbox 139 1326 1659 1393; baseline -0.002 -11"><span class='ocrx_word' id='word_1_80' title='bbox 139 1330 304 1382; x_wconf 84' lang='lat' dir='ltr'><strong>talia.</strong></span> <span class='ocrx_word' id='word_1_81' title='bbox 354 1329 465 1379; x_wconf 79' lang='lat' dir='ltr'><strong>Vos</strong></span> <span class='ocrx_word' id='word_1_82' title='bbox 505 1327 833 1379; x_wconf 78' lang='lat' dir='ltr'><strong>exhilaratis</strong></span> <span class='ocrx_word' id='word_1_83' title='bbox 865 1342 952 1379; x_wconf 88' lang='lat' dir='ltr'><strong>me</strong></span> <span class='ocrx_word' id='word_1_84' title='bbox 986 1326 1149 1379; x_wconf 83' lang='lat' dir='ltr'><strong>valde</strong></span> <span class='ocrx_word' id='word_1_85' title='bbox 1185 1328 1405 1393; x_wconf 86' lang='lat' dir='ltr'><strong>quando</strong></span> <span class='ocrx_word' id='word_1_86' title='bbox 1438 1330 1659 1381; x_wconf 83' lang='lat' dir='ltr'><strong>mittitis</strong></span> 
     </span>
     <span class='ocr_line' id='line_1_14' title="bbox 141 1412 1655 1477; baseline 0.001 -14"><span class='ocrx_word' id='word_1_87' title='bbox 141 1413 280 1464; x_wconf 87' lang='lat' dir='ltr'><strong>mihi</strong></span> <span class='ocrx_word' id='word_1_88' title='bbox 312 1412 482 1464; x_wconf 84' lang='lat' dir='ltr'><strong>libros</strong></span> <span class='ocrx_word' id='word_1_89' title='bbox 507 1428 664 1463; x_wconf 76' lang='lat' dir='ltr'><strong>suosz</strong></span> <span class='ocrx_word' id='word_1_90' title='bbox 700 1413 834 1477; x_wconf 84' lang='lat' dir='ltr'><strong>quia</strong></span> <span class='ocrx_word' id='word_1_91' title='bbox 856 1417 985 1463; x_wconf 79' lang='lat' dir='ltr'><strong>sunt</strong></span> <span class='ocrx_word' id='word_1_92' title='bbox 1007 1412 1090 1463; x_wconf 83' lang='lat' dir='ltr'><strong>ita</strong></span> <span class='ocrx_word' id='word_1_93' title='bbox 1114 1412 1490 1465; x_wconf 79' lang='lat' dir='ltr'><strong>artificialiter</strong></span> <span class='ocrx_word' id='word_1_94' title='bbox 1512 1428 1655 1465; x_wconf 85' lang='lat' dir='ltr'><strong>com-</strong></span> 
     </span>
     <span class='ocr_line' id='line_1_15' title="bbox 141 1497 1655 1568; baseline 0.001 -19"><span class='ocrx_word' id='word_1_95' title='bbox 141 1498 316 1565; x_wconf 84' lang='lat' dir='ltr'><strong>positi</strong></span> <span class='ocrx_word' id='word_1_96' title='bbox 359 1497 503 1563; x_wconf 86' lang='lat' dir='ltr'><strong>quod</strong></span> <span class='ocrx_word' id='word_1_97' title='bbox 548 1497 732 1548; x_wconf 82' lang='lat' dir='ltr'><strong>miror.</strong></span> <span class='ocrx_word' id='word_1_98' title='bbox 801 1497 920 1563; x_wconf 78' lang='lat' dir='ltr'><strong>Ego</strong></span> <span class='ocrx_word' id='word_1_99' title='bbox 965 1498 1135 1549; x_wconf 87' lang='lat' dir='ltr'><strong>etiam</strong></span> <span class='ocrx_word' id='word_1_100' title='bbox 1168 1498 1383 1568; x_wconf 72' lang='lat' dir='ltr'><strong>vienne</strong></span> <span class='ocrx_word' id='word_1_101' title='bbox 1426 1499 1655 1551; x_wconf 82' lang='lat' dir='ltr'><strong>multum</strong></span> 
     </span>
     <span class='ocr_line' id='line_1_16' title="bbox 139 1581 1654 1651; baseline 0.001 -16"><span class='ocrx_word' id='word_1_102' title='bbox 139 1584 350 1651; x_wconf 83' lang='lat' dir='ltr'><strong>glorior</strong></span> <span class='ocrx_word' id='word_1_103' title='bbox 383 1581 532 1647; x_wconf 84' lang='lat' dir='ltr'><strong>qnod</strong></span> <span class='ocrx_word' id='word_1_104' title='bbox 565 1586 880 1634; x_wconf 64' lang='lat' dir='ltr'><strong>summotus</strong></span> <span class='ocrx_word' id='word_1_105' title='bbox 913 1584 1051 1635; x_wconf 88' lang='lat' dir='ltr'><strong>sibi:</strong></span> <span class='ocrx_word' id='word_1_106' title='bbox 1090 1588 1145 1636; x_wconf 87' lang='lat' dir='ltr'><strong>et</strong></span> <span class='ocrx_word' id='word_1_107' title='bbox 1180 1584 1399 1650; x_wconf 86' lang='lat' dir='ltr'><strong>quando</strong></span> <span class='ocrx_word' id='word_1_108' title='bbox 1434 1586 1654 1638; x_wconf 88' lang='lat' dir='ltr'><strong>nomino</strong></span> 
     </span>
     <span class='ocr_line' id='line_1_17' title="bbox 141 1666 1655 1734; baseline -0.001 -13"><span class='ocrx_word' id='word_1_109' title='bbox 141 1685 298 1733; x_wconf 88' lang='lat' dir='ltr'><strong>eum,</strong></span> <span class='ocrx_word' id='word_1_110' title='bbox 333 1669 457 1719; x_wconf 88' lang='lat' dir='ltr'><strong>dico</strong></span> <span class='ocrx_word' id='word_1_111' title='bbox 481 1666 775 1721; x_wconf 77' lang='lat' dir='ltr'><strong>‘Iohannes</strong></span> <span class='ocrx_word' id='word_1_112' title='bbox 799 1668 1171 1734; x_wconf 76' lang='lat' dir='ltr'><strong>Pfefferkorn,</strong></span> <span class='ocrx_word' id='word_1_113' title='bbox 1206 1670 1430 1721; x_wconf 85' lang='lat' dir='ltr'><strong>Amicus</strong></span> <span class='ocrx_word' id='word_1_114' title='bbox 1464 1672 1655 1721; x_wconf 83' lang='lat' dir='ltr'><strong>meus’.</strong></span> 
     </span>
     <span class='ocr_line' id='line_1_18' title="bbox 139 1751 1658 1821; baseline -0.002 -15"><span class='ocrx_word' id='word_1_115' title='bbox 139 1752 256 1806; x_wconf 81' lang='lat' dir='ltr'><strong>Sed</strong></span> <span class='ocrx_word' id='word_1_116' title='bbox 301 1752 362 1802; x_wconf 89' lang='lat' dir='ltr'><strong>in</strong></span> <span class='ocrx_word' id='word_1_117' title='bbox 406 1752 502 1803; x_wconf 89' lang='lat' dir='ltr'><strong>illo</strong></span> <span class='ocrx_word' id='word_1_118' title='bbox 538 1751 681 1803; x_wconf 86' lang='lat' dir='ltr'><strong>libro</strong></span> <span class='ocrx_word' id='word_1_119' title='bbox 713 1752 995 1817; x_wconf 79' lang='lat' dir='ltr'><strong>intellexi,</strong></span> <span class='ocrx_word' id='word_1_120' title='bbox 1043 1753 1188 1817; x_wconf 90' lang='lat' dir='ltr'><strong>quod</strong></span> <span class='ocrx_word' id='word_1_121' title='bbox 1222 1753 1493 1821; x_wconf 83' lang='lat' dir='ltr'><strong>Theologi</strong></span> <span class='ocrx_word' id='word_1_122' title='bbox 1527 1758 1658 1804; x_wconf 80' lang='lat' dir='ltr'><strong>sunt</strong></span> 
     </span>
     <span class='ocr_line' id='line_1_19' title="bbox 139 1835 1656 1904; baseline 0 -15"><span class='ocrx_word' id='word_1_123' title='bbox 139 1835 430 1889; x_wconf 72' lang='lat' dir='ltr'><strong>discordes</strong></span> <span class='ocrx_word' id='word_1_124' title='bbox 463 1852 626 1904; x_wconf 84' lang='lat' dir='ltr'><strong>super</strong></span> <span class='ocrx_word' id='word_1_125' title='bbox 669 1836 953 1903; x_wconf 80' lang='lat' dir='ltr'><strong>speculum</strong></span> <span class='ocrx_word' id='word_1_126' title='bbox 1002 1837 1254 1890; x_wconf 85' lang='lat' dir='ltr'><strong>oculare:</strong></span> <span class='ocrx_word' id='word_1_127' title='bbox 1300 1840 1433 1903; x_wconf 88' lang='lat' dir='ltr'><strong>quia</strong></span> <span class='ocrx_word' id='word_1_128' title='bbox 1479 1838 1656 1904; x_wconf 87' lang='lat' dir='ltr'><strong>aliqui</strong></span> 
     </span>
     <span class='ocr_line' id='line_1_20' title="bbox 144 1922 1657 1989; baseline 0 -16"><span class='ocrx_word' id='word_1_129' title='bbox 144 1922 414 1973; x_wconf 87' lang='lat' dir='ltr'><strong>damnant</strong></span> <span class='ocrx_word' id='word_1_130' title='bbox 456 1938 574 1973; x_wconf 89' lang='lat' dir='ltr'><strong>eum</strong></span> <span class='ocrx_word' id='word_1_131' title='bbox 613 1923 682 1974; x_wconf 84' lang='lat' dir='ltr'><strong>ad</strong></span> <span class='ocrx_word' id='word_1_132' title='bbox 714 1924 927 1989; x_wconf 84' lang='lat' dir='ltr'><strong>ignem,</strong></span> <span class='ocrx_word' id='word_1_133' title='bbox 969 1924 1117 1975; x_wconf 81' lang='lat' dir='ltr'><strong>sicut</strong></span> <span class='ocrx_word' id='word_1_134' title='bbox 1148 1924 1563 1976; x_wconf 73' lang='lat' dir='ltr'><strong>Parthisienses</strong></span> <span class='ocrx_word' id='word_1_135' title='bbox 1600 1927 1657 1974; x_wconf 90' lang='lat' dir='ltr'><strong>et</strong></span> 
     </span>
     <span class='ocr_line' id='line_1_21' title="bbox 141 2007 1657 2074; baseline -0.001 -14"><span class='ocrx_word' id='word_1_136' title='bbox 141 2008 530 2071; x_wconf 80' lang='lat' dir='ltr'><strong>Colonienses‚</strong></span> <span class='ocrx_word' id='word_1_137' title='bbox 565 2007 756 2073; x_wconf 84' lang='lat' dir='ltr'><strong>Aliqui</strong></span> <span class='ocrx_word' id='word_1_138' title='bbox 778 2024 910 2059; x_wconf 84' lang='lat' dir='ltr'><strong>vero</strong></span> <span class='ocrx_word' id='word_1_139' title='bbox 935 2008 1007 2058; x_wconf 90' lang='lat' dir='ltr'><strong>ad</strong></span> <span class='ocrx_word' id='word_1_140' title='bbox 1028 2010 1444 2074; x_wconf 72' lang='lat' dir='ltr'><strong>suspensionem</strong></span> <span class='ocrx_word' id='word_1_141' title='bbox 1459 2045 1475 2072; x_wconf 86' lang='lat'>‚</span> <span class='ocrx_word' id='word_1_142' title='bbox 1508 2010 1657 2059; x_wconf 81' lang='lat' dir='ltr'><strong>sicut</strong></span> 
     </span>
     <span class='ocr_line' id='line_1_22' title="bbox 139 2092 1657 2159; baseline -0.002 -15"><span class='ocrx_word' id='word_1_143' title='bbox 139 2094 414 2159; x_wconf 81' lang='lat' dir='ltr'><strong>Mag-ister</strong></span> <span class='ocrx_word' id='word_1_144' title='bbox 447 2092 648 2144; x_wconf 81' lang='lat' dir='ltr'><strong>Noster</strong></span> <span class='ocrx_word' id='word_1_145' title='bbox 679 2094 878 2144; x_wconf 86' lang='lat' dir='ltr'><strong>Petrus</strong></span> <span class='ocrx_word' id='word_1_146' title='bbox 915 2093 1129 2157; x_wconf 77' lang='lat' dir='ltr'><strong>Meyer,</strong></span> <span class='ocrx_word' id='word_1_147' title='bbox 1176 2092 1271 2157; x_wconf 91' lang='lat' dir='ltr'><strong>qui</strong></span> <span class='ocrx_word' id='word_1_148' title='bbox 1316 2092 1536 2157; x_wconf 87' lang='lat' dir='ltr'><strong>qnando</strong></span> <span class='ocrx_word' id='word_1_149' title='bbox 1571 2094 1657 2142; x_wconf 88' lang='lat' dir='ltr'><strong>vi·</strong></span> 
     </span>
     <span class='ocr_line' id='line_1_23' title="bbox 139 2177 1652 2245; baseline 0 -16"><span class='ocrx_word' id='word_1_150' title='bbox 139 2180 227 2229; x_wconf 82' lang='lat' dir='ltr'><strong>dit</strong></span> <span class='ocrx_word' id='word_1_151' title='bbox 273 2177 569 2241; x_wconf 79' lang='lat' dir='ltr'><strong>Speculum</strong></span> <span class='ocrx_word' id='word_1_152' title='bbox 615 2178 890 2243; x_wconf 84' lang='lat' dir='ltr'><strong>Oculare,</strong></span> <span class='ocrx_word' id='word_1_153' title='bbox 936 2178 1199 2229; x_wconf 77' lang='lat' dir='ltr'><strong>clamavit</strong></span> <span class='ocrx_word' id='word_1_154' title='bbox 1242 2192 1381 2229; x_wconf 79' lang='lat' dir='ltr'><strong>voce</strong></span> <span class='ocrx_word' id='word_1_155' title='bbox 1423 2193 1652 2245; x_wconf 78' lang='lat' dir='ltr'><strong>magna:</strong></span> 
     </span>
     <span class='ocr_line' id='line_1_24' title="bbox 139 2261 1653 2329; baseline 0.001 -16"><span class='ocrx_word' id='word_1_156' title='bbox 139 2261 249 2313; x_wconf 88' lang='lat' dir='ltr'><strong>‘Ad</strong></span> <span class='ocrx_word' id='word_1_157' title='bbox 293 2262 630 2327; x_wconf 87' lang='lat' dir='ltr'><strong>patibulum,</strong></span> <span class='ocrx_word' id='word_1_158' title='bbox 683 2262 753 2314; x_wconf 87' lang='lat' dir='ltr'><strong>ad</strong></span> <span class='ocrx_word' id='word_1_159' title='bbox 797 2263 1107 2329; x_wconf 87' lang='lat' dir='ltr'><strong>patibulum</strong></span> <span class='ocrx_word' id='word_1_160' title='bbox 1150 2280 1270 2315; x_wconf 87' lang='lat' dir='ltr'><strong>cum</strong></span> <span class='ocrx_word' id='word_1_161' title='bbox 1316 2263 1423 2316; x_wconf 87' lang='lat' dir='ltr'><strong>tali</strong></span> <span class='ocrx_word' id='word_1_162' title='bbox 1466 2263 1653 2315; x_wconf 81' lang='lat' dir='ltr'><strong>librol’</strong></span> 
     </span>
     <span class='ocr_line' id='line_1_25' title="bbox 139 2345 1653 2415; baseline 0 -16"><span class='ocrx_word' id='word_1_163' title='bbox 139 2350 258 2399; x_wconf 82' lang='lat' dir='ltr'><strong>Vos</strong></span> <span class='ocrx_word' id='word_1_164' title='bbox 293 2345 572 2398; x_wconf 81' lang='lat' dir='ltr'><strong>deberetis</strong></span> <span class='ocrx_word' id='word_1_165' title='bbox 607 2364 728 2399; x_wconf 74' lang='lat' dir='ltr'><strong>esse</strong></span> <span class='ocrx_word' id='word_1_166' title='bbox 767 2348 1091 2413; x_wconf 79' lang='lat' dir='ltr'><strong>concordes,</strong></span> <span class='ocrx_word' id='word_1_167' title='bbox 1128 2355 1259 2399; x_wconf 87' lang='lat' dir='ltr'><strong>tunc</strong></span> <span class='ocrx_word' id='word_1_168' title='bbox 1291 2349 1531 2415; x_wconf 73' lang='lat' dir='ltr'><strong>possetis</strong></span> <span class='ocrx_word' id='word_1_169' title='bbox 1554 2349 1653 2399; x_wconf 84' lang='lat' dir='ltr'><strong>ha-</strong></span> 
     </span>
     <span class='ocr_line' id='line_1_26' title="bbox 138 2432 1651 2501; baseline 0.002 -19"><span class='ocrx_word' id='word_1_170' title='bbox 138 2434 270 2483; x_wconf 86' lang='lat' dir='ltr'><strong>bere</strong></span> <span class='ocrx_word' id='word_1_171' title='bbox 306 2432 602 2483; x_wconf 85' lang='lat' dir='ltr'><strong>victoriam</strong></span> <span class='ocrx_word' id='word_1_172' title='bbox 635 2436 827 2484; x_wconf 86' lang='lat' dir='ltr'><strong>contra</strong></span> <span class='ocrx_word' id='word_1_173' title='bbox 861 2434 1019 2488; x_wconf 89' lang='lat' dir='ltr'><strong>illum</strong></span> <span class='ocrx_word' id='word_1_174' title='bbox 1040 2434 1361 2501; x_wconf 73' lang='lat' dir='ltr'><strong>hereticum.</strong></span> <span class='ocrx_word' id='word_1_175' title='bbox 1422 2433 1541 2499; x_wconf 80' lang='lat' dir='ltr'><strong>Ego</strong></span> <span class='ocrx_word' id='word_1_176' title='bbox 1566 2434 1651 2485; x_wconf 84' lang='lat' dir='ltr'><strong>fui</strong></span> 
     </span>
     <span class='ocr_line' id='line_1_27' title="bbox 138 2515 1651 2584; baseline 0.003 -17"><span class='ocrx_word' id='word_1_177' title='bbox 138 2515 372 2567; x_wconf 90' lang='lat' dir='ltr'><strong>multum</strong></span> <span class='ocrx_word' id='word_1_178' title='bbox 417 2516 742 2581; x_wconf 79' lang='lat' dir='ltr'><strong>perterritus</strong></span> <span class='ocrx_word' id='word_1_179' title='bbox 788 2518 1005 2582; x_wconf 85' lang='lat' dir='ltr'><strong>qnando</strong></span> <span class='ocrx_word' id='word_1_180' title='bbox 1049 2518 1162 2584; x_wconf 78' lang='lat' dir='ltr'><strong>legi</strong></span> <span class='ocrx_word' id='word_1_181' title='bbox 1206 2519 1339 2582; x_wconf 85' lang='lat' dir='ltr'><strong>ista,</strong></span> <span class='ocrx_word' id='word_1_182' title='bbox 1398 2521 1454 2569; x_wconf 85' lang='lat' dir='ltr'><strong>et</strong></span> <span class='ocrx_word' id='word_1_183' title='bbox 1505 2518 1651 2571; x_wconf 85' lang='lat' dir='ltr'><strong>dixi:</strong></span> 
     </span>
     <span class='ocr_line' id='line_1_28' title="bbox 137 2598 1653 2668; baseline 0.002 -17"><span class='ocrx_word' id='word_1_184' title='bbox 137 2598 318 2652; x_wconf 81' lang='lat' dir='ltr'><strong>‘Nunc</strong></span> <span class='ocrx_word' id='word_1_185' title='bbox 363 2600 622 2653; x_wconf 82' lang='lat' dir='ltr'><strong>diabolus</strong></span> <span class='ocrx_word' id='word_1_186' title='bbox 663 2603 876 2653; x_wconf 82' lang='lat' dir='ltr'><strong>tenebit</strong></span> <span class='ocrx_word' id='word_1_187' title='bbox 921 2602 1235 2667; x_wconf 86' lang='lat' dir='ltr'><strong>candelam,</strong></span> <span class='ocrx_word' id='word_1_188' title='bbox 1289 2603 1339 2653; x_wconf 82' lang='lat' dir='ltr'><strong>si</strong></span> <span class='ocrx_word' id='word_1_189' title='bbox 1383 2602 1653 2668; x_wconf 72' lang='lat' dir='ltr'><strong>Theolog’i</strong></span> 
     </span>
     <span class='ocr_line' id='line_1_29' title="bbox 134 2684 1653 2751; baseline -0.001 -13"><span class='ocrx_word' id='word_1_190' title='bbox 134 2684 337 2738; x_wconf 84' lang='lat' dir='ltr'><strong>volunt</strong></span> <span class='ocrx_word' id='word_1_191' title='bbox 379 2700 504 2736; x_wconf 76' lang='lat' dir='ltr'><strong>esse</strong></span> <span class='ocrx_word' id='word_1_192' title='bbox 544 2686 860 2738; x_wconf 78' lang='lat' dir='ltr'><strong>discordes&#39;.</strong></span> <span class='ocrx_word' id='word_1_193' title='bbox 950 2684 1057 2737; x_wconf 82' lang='lat' dir='ltr'><strong>Sed</strong></span> <span class='ocrx_word' id='word_1_194' title='bbox 1101 2702 1262 2751; x_wconf 79' lang='lat' dir='ltr'><strong>spero</strong></span> <span class='ocrx_word' id='word_1_195' title='bbox 1308 2687 1450 2750; x_wconf 90' lang='lat' dir='ltr'><strong>quod</strong></span> <span class='ocrx_word' id='word_1_196' title='bbox 1498 2688 1653 2736; x_wconf 84' lang='lat' dir='ltr'><strong>eritis</strong></span> 
     </span>
     <span class='ocr_line' id='line_1_30' title="bbox 91 2766 1651 2838; baseline -0.001 -12"><span class='ocrx_word' id='word_1_197' title='bbox 91 2792 96 2803; x_wconf 90' lang='lat'><strong>·</strong></span> <span class='ocrx_word' id='word_1_198' title='bbox 137 2772 342 2826; x_wconf 77' lang='lat' dir='ltr'><strong>iterum</strong></span> <span class='ocrx_word' id='word_1_199' title='bbox 385 2768 702 2824; x_wconf 79' lang='lat' dir='ltr'><strong>concordes.</strong></span> <span class='ocrx_word' id='word_1_200' title='bbox 775 2768 883 2823; x_wconf 80' lang='lat' dir='ltr'><strong>Sed</strong></span> <span class='ocrx_word' id='word_1_201' title='bbox 925 2768 1059 2825; x_wconf 80' lang='lat' dir='ltr'><strong>mihi</strong></span> <span class='ocrx_word' id='word_1_202' title='bbox 1100 2770 1321 2825; x_wconf 82' lang='lat' dir='ltr'><strong>videtur</strong></span> <span class='ocrx_word' id='word_1_203' title='bbox 1354 2766 1499 2838; x_wconf 79' lang='lat' dir='ltr'><strong>quod</strong></span> <span class='ocrx_word' id='word_1_204' title='bbox 1534 2768 1651 2823; x_wconf 75' lang='lat' dir='ltr'><strong>Ma·</strong></span> 
     </span>
    </p>
   </div>
  </div>
 </body>
</html>
