1942 3109
220 274 590 314 rnrnmcons.
605 274 754 313 nvn
781 276 1168 316 runcorvner.
1184 279 1255 315 nn
1264 278 1389 317 eor.
1402 278 1601 319 Aenus.
1678 266 1743 319 19

217 382 486 451 predictis
540 382 696 434 mille
751 387 810 435 et
865 384 1199 450 quingentos
1253 384 1428 437 libros
1477 402 1513 437 a
1554 386 1745 457 Iudeis

218 468 535 520 sustulerim
593 469 807 534 hosque
865 470 1213 537 deposuerim
1260 470 1408 536 apud
1452 470 1741 525 honestum

218 560 472 606 senatum
515 554 1107 619 Franckfordiensem,
1162 570 1339 621 usque
1396 556 1467 607 ad
1510 557 1739 609 ulterio-

217 654 331 691 rem
370 640 807 693 commissionem
841 640 1235 705 gratiosissimi
1268 640 1477 693 domini
1508 642 1739 709 Mogun-

213 727 477 790 tinensis,
513 740 628 777 una
664 740 786 776 cum
821 726 1289 778 universitatibus
1325 731 1383 778 et
1417 727 1617 792 doctis,
1654 728 1739 779 la-

211 814 326 863 tius
361 810 677 863 istiusmodi
709 812 1005 878 negocium
1040 812 1435 878 examinando,
1473 813 1729 878 quemad·

211 898 429 949 modum
473 898 533 947 iu
579 896 820 965 cesaree
865 897 1182 948 maiestatis
1228 898 1489 950 mandato
1534 899 1737 949 emisso

212 982 405 1035 videre
444 984 598 1033 licet.
673 974 726 1033 (I
771 984 977 1035 Verum
1014 984 1293 1035 enimvero
1328 983 1487 1051 Iudei
1531 984 1737 1035 lachri-

214 1068 319 1118 mis
345 1071 402 1118 et
423 1068 672 1119 brachiis
696 1070 755 1119 in
781 1069 963 1137 celum
986 1069 1166 1119 tensis
1191 1084 1259 1119 ac
1284 1068 1503 1134 ingenti
1526 1084 1737 1119 summa

211 1154 540 1220 pecuniaria
584 1172 670 1205 me
707 1158 975 1221 rogarunt
1008 1157 1073 1203 ut
1106 1153 1176 1203 ab
1214 1154 1297 1204 eis
1330 1153 1586 1206 tollerem
1620 1154 1735 1205 tale

212 1240 536 1304 negocium,
605 1239 934 1304 deponerem
995 1252 1214 1303 quoque
1274 1242 1333 1289 et
1388 1238 1733 1291 dimitterem.

214 1324 484 1387 Quamvis
526 1324 702 1389 igitur
743 1323 999 1375 diabolus
1044 1323 1179 1374 mihi
1221 1322 1329 1375 hoc
1365 1324 1741 1376 consuluisset

211 1413 382 1473 atque
415 1410 769 1473 inspirasset,
806 1412 1055 1461 attamen
1092 1407 1241 1473 (laus
1278 1414 1335 1461 et
1368 1410 1542 1461 honor
1565 1412 1737 1461 omni-

206 1494 428 1561 potenti
471 1491 597 1559 deo)
656 1509 764 1560 ego
815 1509 999 1559 neque
1056 1494 1273 1564 demoni
1325 1510 1507 1561 neque
1550 1496 1738 1565 Iudeis

206 1594 388 1646 neque
434 1580 657 1631 illorum
701 1579 867 1631 falsis
921 1580 1077 1631 donis
1138 1596 1464 1633 consensum
1518 1582 1734 1650 prebui.

211 1680 378 1731 super
421 1680 535 1730 qua
579 1680 640 1716 re
695 1663 909 1715 dabunt
959 1664 1095 1715 mihi
1138 1667 1197 1716 in
1245 1670 1485 1718 extremo
1530 1666 1737 1717 iudicio

208 1748 470 1801 diabolus
492 1753 548 1801 et
567 1748 724 1817 Iudei
743 1749 1135 1802 testimonium.
1219 1742 1272 1803 (ἶ
1305 1752 1467 1804 Nunc
1500 1750 1737 1818 diligen-

208 1839 298 1886 ter
333 1835 760 1887 animadvertite
807 1836 1076 1899 quomodo
1110 1838 1391 1890 Sathauas
1428 1839 1525 1903 qui
1558 1838 1735 1889 omnis

208 1920 464 1987 nequitie
491 1922 549 1970 et
579 1919 874 1971 multarum
910 1921 1114 1973 artium
1148 1924 1413 1989 magister
1437 1927 1541 1988 est,
1575 1923 1738 1974 item—

208 2020 319 2070 que
355 2008 412 2056 et
431 2004 578 2056 Rabi
610 2006 987 2072 primatesque
1011 2007 1303 2076 Iudeorum
1340 2022 1461 2057 cum
1496 2008 1611 2058 suis
1646 2022 1735 2061 so-

205 2092 310 2141 ciis
332 2090 619 2142 laudabile
640 2091 748 2142 hoc
769 2094 1062 2158 negocium
1084 2091 1350 2158 impedire
1376 2093 1565 2144 conati
1588 2097 1734 2143 sunt.

206 2174 320 2238 Qui
376 2174 597 2239 quidem
641 2175 920 2229 Sathanas
976 2178 1175 2247 Iudeos
1220 2178 1625 2248 Franckfordie
1675 2180 1735 2231 in

202 2274 376 2309 unum
413 2261 598 2325 coegit
632 2261 824 2326 eisque
857 2262 943 2313 sic
976 2266 1265 2331 proposuit
1300 2268 1469 2330 atque
1493 2266 1745 2332 inspira-‘

199 2344 290 2397 vit
319 2344 642 2411 Diligenter
677 2348 1011 2401 auscultate.
1083 2349 1505 2416 ‘Pepericornus
1542 2353 1737 2403 incen-

199 2430 288 2481 dit
319 2430 525 2496 ignem,
562 2429 784 2494 qualem
819 2433 878 2483 in
900 2434 1157 2487 ,Romano
1193 2437 1425 2501 imperio
1450 2450 1733 2502 nunquam

201 2515 515 2581 habuistis,
565 2529 728 2580 quem
773 2518 993 2582 quidem
1039 2521 1089 2571 si
1123 2536 1235 2571 non
1268 2522 1601 2588 tempestive
1637 2538 1735 2575 ex-

200 2600 512 2666 tinxeritis,
551 2604 688 2651 tuuc
723 2604 1019 2669 episcopus
1052 2603 1416 2671 Moguntinus
1452 2624 1727 2660 convoca-

203 2682 296 2735 bit
337 2684 468 2737 illas
511 2686 914 2739 universitates
958 2688 1249 2740 vobiscum
1306 2691 1649 2756 disputandi·
1676 2695 1733 2742 et

199 2766 378 2826 libros
401 2770 758 2840 inspiciendi
802 2774 1005 2837 gratia.
1078 2772 1313 2839 Insuper
1372 2778 1457 2826 est
1492 2772 1731 2828 Iacobus

1339 2856 1417 2907 2*
