1942 3109
259 262 362 315 280
433 276 724 315 EPISOE'OLAE
750 276 1123 315 OBSCVBORVH
1145 276 1399 312 VIBORVB
1426 276 1603 313 NOVAE.

257 381 475 446 ptalim,
501 382 776 463 completa
800 383 961 433 estin
979 380 1227 431 Iohanne
1245 380 1614 432 Pfefferkorn.
1640 380 1789 443 Quia

260 465 430 515 Iacob
455 466 596 516 dixit
620 466 734 516 filio
767 482 866 517 suo
901 466 1211 530 Neptalim:
1250 464 1550 530 ‘Neptalim
1587 478 1787 515 cervus

263 549 498 600 emissus
543 549 682 600 dans
729 550 953 613 eloquia
999 548 1467 613 pulchritudinis&
1548 548 1788 599 Genesis

267 648 440 683 aux.
499 632 706 684 Postea
729 634 892 683 multi
911 633 1174 699 Magistri
1195 634 1374 683 nostri
1408 635 1467 683 et
1501 632 1790 682 licentiati

260 722 319 767 et
355 717 456 767 alii
478 717 750 781 Theologi
783 733 881 783 per
913 720 1092 767 totum
1112 717 1369 782 legerunt
1392 717 1559 765 istum
1580 715 1789 766 librum

259 800 328 867 de
351 800 490 851 folio
516 800 588 851 ad
620 801 846 865 folium,
883 800 950 851 de
987 801 1159 852 verbo
1196 799 1265 849 ad
1298 802 1556 862 verbum,
1590 800 1659 850 de
1700 816 1789 850 ar-

259 883 434 933 ticulo
471 883 542 934 ad
577 884 892 951 articulum.
965 883 1076 936 Sed
1112 889 1198 935 est
1232 900 1375 935 unus
1418 885 1791 950 superiorIsta

263 969 359 1032 qui
393 967 580 1018 studet
613 970 672 1018 in
707 984 907 1035 greco:
939 969 1063 1034 ipse
1098 968 1257 1021 vadit
1288 969 1498 1031 ubique
1536 972 1595 1019 et
1628 968 1790 1032 dieit,

261 1052 405 1115 quod
439 1068 550 1104 non
585 1056 674 1103 est
706 1068 897 1105 verum
933 1052 1079 1117 quod
1113 1052 1466 1103 Pfefferkorn
1502 1056 1589 1103 est
1630 1052 1793 1102 solli-

261 1138 466 1186 citator
511 1135 782 1200 Caesaris,
830 1140 888 1187 et
933 1136 1080 1200 quod
1126 1150 1409 1201 nunquam
1454 1136 1623 1186 etiam
1658 1136 1789 1185 fuit.

259 1220 335 1270 Et
371 1220 515 1282 quod
551 1222 853 1286 imperator
886 1236 987 1284 pro
1008 1220 1284 1270 Reuohlin
1308 1220 1536 1284 scripsit
1560 1218 1631 1268 ad
1655 1234 1789 1268 san-

263 1302 568 1352 ctissimum
605 1307 662 1353 et
698 1303 1029 1367 simpliciter
1062 1302 1185 1352 vult
1210 1301 1356 1365 quod
1379 1302 1649 1367 Theologi
1674 1318 1791 1352 non

261 1385 466 1437 debent
508 1386 618 1435 sibi
662 1402 868 1436 vexare
923 1400 1079 1435 suum
1134 1385 1513 1435 consiliarium
1564 1384 1788 1435 fidelem

263 1473 320 1519 et
353 1470 602 1533 probum.
662 1469 802 1518 Item
836 1468 1075 1517 Iacobus
1110 1468 1283 1517 Fabri
1304 1467 1678 1531 stapulensis,
1717 1469 1789 1520 de

261 1566 370 1615 quo
409 1550 704 1602 audivistis
739 1552 940 1615 multa,
978 1552 1101 1614 ipse
1138 1554 1330 1615 aperte
1366 1550 1524 1600 favet
1545 1549 1793 1602 Iohanni

260 1634 560 1698 Reuchlin‚
608 1635 862 1698 quamvis
899 1633 1170 1700 Theologi
1204 1633 1461 1685 dixerunt
1498 1634 1551 1684 ei
1582 1647 1653 1684 ne
1692 1635 1791 1687 de-

259 1720 416 1769 beret
459 1718 666 1769 fecere.
738 1718 812 1768 Et
860 1718 1087 1769 dietum.
1114 1718 1224 1768 fuit
1266 1717 1411 1783 quod
1456 1719 1685 1783 scripsit
1728 1721 1791 1768 in

258 1816 370 1851 una.
405 1802 598 1851 littera
633 1802 705 1851 ad
737 1802 1054 1853 Almaniam
1092 1802 1237 1865 quod
1278 1802 1527 1867 theologi
1560 1802 1791 1852 Parthi-

257 1886 469 1937 sienses
537 1889 927 1937 tractaverunt
982 1886 1286 1936 Iohannem
1340 1885 1617 1935 Reuchlin
1672 1900 1791 1937 non

254 1969 428 2035 ¹aliter
474 1984 640 2033 quam
683 1969 842 2037 Iudei
887 1968 1185 2019 Christum.
1266 1967 1377 2019 Sed
1424 1968 1585 2019 dieat
1628 1972 1788 2033 qnie-

262 2052 397 2116 quid
447 2052 614 2117 velit‚
669 2057 854 2103 tamen
900 2055 1078 2104 maior
1122 2068 1252 2117 pars
1299 2053 1358 2102 in
1402 2052 1655 2102 Pari-isia.
1701 2058 1791 2104 est

183 2140 192 2150 '
257 2151 358 2200 pro
383 2137 544 2186 nobis
569 2140 794 2201 propter
817 2136 1078 2187 honorem
1102 2137 1486 2187 universitatis
1512 2140 1569 2185 et
1600 2136 1787 2186 odium

194 2224 198 2228 “
260 2218 605 2269 lut-istarum.
677 2220 826 2283 Ergo
869 2219 1090 2291 ‘debetis
1136 2234 1259 2269 esse
1304 2220 1447 2270 bono
1484 2221 1667 2269 animo
1705 2220 1787 2286 le-

257 2300 427 2351 tando
465 2306 524 2353 et
557 2302 864 2367 gaudendo,
924 2303 1125 2353 Valete
1162 2302 1505 2369 eternaliter.
1575 2304 1786 2353 Datum

257 2385 589 2436 Parthisius.
