1942 3109
95 264 560 308 LAmm'rAnoxns
599 261 901 320 OBSGVPOR·
929 259 1235 297 nnvcfltm.
1262 258 1443 295 ROVAE.
1508 242 1611 294 287

266 372 466 422 Domus
485 369 842 437 prelatorum
876 367 1121 430 tempore
1158 361 1378 429 prandii
1410 363 1611 430 impor-

329 460 460 505 tune
494 455 782 506 visitanto.

265 541 562 590 Fatuorum
599 541 656 588 et
686 537 1015 588 histrionum
1046 549 1227 586 mores
1262 545 1479 599 semper
1512 532 1613 582 ha-

329 625 515 676 bento.

231 708 532 762 'convivio
589 707 766 773 magis
826 719 993 770 quam
1052 704 1313 756 consilio*
1342 719 1403 754 se
1454 706 1641 769 aptos·

326 796 681 864 preparanto.
1444 797 1447 800 ’

261 880 569 932 Dominicis
605 879 938 941 feriatisque
974 874 1172 926 diebus
1213 889 1331 926 rem
1366 873 1613 925 divinam

327 980 652 1029 sacramque
692 963 1015 1014 concionem
1050 964 1433 1024 aspernantor.

267 1049 581 1116 Sapientum
636 1049 1013 1112 bonorumque
1068 1045 1311 1096 virorum
1366 1043 1612 1095 admoni-

329 1136 508 1187 tiones
547 1135 956 1188 contemnunto.

262 1219 606 1271 Histrionum
652 1235 720 1271 ac
764 1217 1234 1285 sycophantarum
1268 1215 1493 1266 scholas
1528 1215 1611 1264 in-

330 1303 447 1353 dies
481 1304 895 1369 frequentante.

269 1384 476 1434 Christi
499 1389 788 1451 evangelia
823 1393 880 1439 et
914 1403 1109 1440 sacras
1140 1386 1365 1438 litteras
1402 1385 1461 1435 in
1494 1399 1611 1434 ma-

331 1470 444 1520 lam
478 1483 608 1536 sepe
642 1474 851 1534 partem
883 1476 1339 1540 interpretantur.
1412 1473 1418 1478 ”

263 1553 558 1620 Simplices
593 1557 652 1603 et
685 1554 1023 1612 columbinos
1058 1559 1395 1624 decipiuntu-

261 1638 397 1690 Cum
441 1637 628 1705 Iudeis
673 1642 730 1688 et
772 1639 1081 1696 hominibus
1134 1657 1373 1708 nequam
1430 1642 1611 1706 quoti-

327 1724 554 1774 dianam
591 1725 1061 1780 eonsuetudine'm'
1076 1729 1337 1781 habento·

263 1805 426 1860 Oum-
463 1823 633 1860 saeco
700 1822 801 1873 per
867 1811 1151 1864 civitatem
1210 1813 1610 1881 epigrammata

331 1899 614 1946 cantanto.

261 1975 519 2029 Gladium
557 1984 614 2037 et
648 1981 825 2032 sicam
859 1978 1201 2032 truculenter
1232 1984 1473 2036 ferunto.

257 2063 481 2114 Nemini
515 2064 912 2130 gratitudinem
949 2063 1261 2118 exhibento.

260 2146 638 2200 creditoribus
675 2149 835 2202 fidem
869 2163 1151 2214 nunquam
1186 2159 1461 2205 servant0.

257 2230 654 2297 Blasphemare
715 2239 772 2287 et
827 2237 888 2287 in
943 2234 1119 2286 bonos
1174 2235 1364 2287 invehi
1416 2253 1607 2290 assue-

330 2322 545 2368 scunto.

255 2399 544 2466 Apparere
578 2405 755 2470 magis
791 2421 956 2470 quam
994 2418 1117 2458 ess-e
1153 2403 1494 2458 decertanto.

253 2485 494 2537 Domum
525 2485 701 2538 indies
732 2491 1025 2558 vinariam,
1070 2477 1392 2558 ganeasque
1425 2493 1606 2558 ingre-

324 2569 563 2623 diuntor.

251 2652 514 2708 Morituri
549 2655 689 2708 nihil
733 2673 975 2724 unquam
1012 2663 1400 2716 executoribus
1436 2664 1605 2716 relin-

325 2748 562 2811 quunto,
623 2742 721 2796 sed
775 2744 910 2796 solis
955 2746 1245 2802 dumtaxat
1288 2749 1603 2802 hominibus
