1942 3109
261 202 330 255 28
399 217 784 259 rnrnneonm
809 216 1046 258 narnus.
1062 216 1281 258 conr-M
1306 216 1785 257 unomoxmpr.

261 328 468 377 cerent.
535 325 622 377 Ex
655 325 742 377 his
777 324 1171 391 suspicandum
1208 328 1293 377 est
1314 325 1563 391 reliquos
1590 342 1785 379 eorum

259 409 433 462 libros
479 415 767 478 corruptos
813 424 938 463 esse
974 410 1049 461 Et
1096 410 1167 463 ad
1202 412 1568 467 intentionem
1601 410 1786 477 Moysi

263 499 322 547 et
365 495 598 548 aliorum
640 496 1029 562 prophetarum
1076 500 1132 547 et
1177 496 1493 561 sapientum
1541 497 1785 562 ipsorum

259 580 432 633 libros
467 596 578 633 non
613 596 903 647 exponere.
980 580 1201 645 Quibus
1244 583 1477 633 attentis
1514 585 1571 631 et
1607 581 1780 647 pluri·

261 667 366 718 bus
403 666 534 718 aliis
566 681 677 735 >que
711 668 1005 718 brevitatis
1042 681 1215 717 eausa
1250 667 1581 731 omittimus,
1620 668 1779 717 nobis

263 750 564 817 expediens
596 750 833 814 videtur,
869 750 1175 816 laudabile,
1213 750 1497 817 deificum,
1532 751 1780 816 salubre,

263 839 320 886 et
353 835 688 887 rationabile
724 835 808 885 Ae
843 834 1159 905 Christiane
1196 834 1342 901 fidei,
1378 836 1783 905 Iudeorumque

261 920 434 972 saluti
479 924 833 987 oportunum,
891 924 955 971 ut
1003 918 1269 985 (dimissis
1316 922 1443 973 usui
1488 920 1781 989 Iudeorum

263 1006 483 1071 antiqui
516 1006 843 1059 testamenti
878 1006 1035 1059 libris
1072 1022 1141 1057 ex
1176 1006 1419 1073 integro)
1464 1020 1587 1057 eum
1625 1004 1783 1056 Chri·

262 1091 445 1159 stiane
490 1091 722 1158 pietatis
766 1090 1167 1155 moderamine,
1214 1091 1561 1157 recipiantur
1607 1094 1663 1142 et
1700 1107 1786 1143 re·-

264 1178 556 1227 serventur
598 1190 788 1229 omnes
835 1175 1131 1231 eorundem
1167 1174 1268 1227 alii
1302 1175 1432 1228 libri
1466 1170 1567 1246 sub
1604 1182 1791 1241 prote-

222 1270 246 1306 b
295 1262 540 1313 statione
575 1262 812 1313 solemni
846 1265 902 1313 et
974 1261 1165 1313 ublica
1317 1260 1423 1312 uod
1470 1260 1575 1312 hoe
1612 1261 1791 1313 solum

129 1270 218 1336 (m
251 1270 360 1397 >fiat
379 1346 450 1397 ad
475 1346 895 1399 discernendum
913 1278 1061 1397 igter
1084 1259 1257 1399 libro's
1267 1261 1418 1411 {uos
1442 1345 1577 1397 licet
1588 1344 1790 1414 Iudeos

260 1430 466 1482 habere
501 1446 601 1497 pro
636 1446 767 1484 vero
802 1431 1097 1483 intellectu
1131 1430 1275 1497 legis
1300 1432 1585 1496 antiquae,
1626 1433 1682 1483 et
1706 1433 1787 1481 in-

261 1518 348 1565 ter
392 1514 522 1565 illos
569 1529 706 1579 quos
752 1529 862 1566 non
898 1512 1035 1565 lieet
1070 1530 1163 1567 eos
1199 1516 1406 1567 habere
1443 1520 1541 1567 aut
1576 1515 1787 1582 legere.
1869 1525 1874 1530 “

265 1600 389 1663 Qua
442 1597 802 1651 distinctione
861 1603 1143 1667 comperta
1195 1600 1565 1652 restituantur
1620 1601 1791 1665 liciti,

263 1682 620 1735 destruantur
676 1688 774 1735 aut
829 1692 1183 1738 reserventur
1236 1685 1447 1736 illiciti.
1518 1686 1792 1753 Preterea

265 1770 522 1822 articulis
557 1786 626 1821 ex
661 1771 914 1823 omnibus
951 1786 1140 1821 eorum
1175 1769 1335 1821 libris
1377 1771 1652 1836 collectis,
1688 1788 1795 1838 per

263 1854 600 1921 scripturam
634 1854 920 1907 Iudaicam
964 1855 1351 1921 intelligentes
1396 1857 1495 1923 qui
1539 1858 1796 1923 suspecti

261 1938 549 2007 videntur,
595 1944 864 1993 vocentur
909 1940 1134 2007 publice
1182 1938 1341 2009 Iudei
1387 1945 1445 1993 et
1488 1956 1653 2007 super
1702 1942 1795 1993 his

265 2024 563 2080 audiantur
605 2032 822 2080 mature
871 2031 927 2079 et
971 2027 1371 2078 examinentur.
1441 2026 1516 2076 Et
1562 2029 1613 2077 si
1657 2026 1795 2077 illos

263 2127 518 2164 erroneos
557 2114 934 2179 cognoverint,
969 2112 1151 2163 soient
1184 2110 1355 2167 libros
1391 2111 1536 2163 tales
1574 2113 1655 2164 eis
1680 2126 1799 2163 non

265 2210 388 2245 esse
423 2196 610 2246 utiles.
683 2196 747 2245 Si
789 2198 977 2247 autem
1022 2196 1293 2247 obstinati
1342 2199 1537 2248 eontra
1582 2197 1796 2249 verita-

262 2282 376 2329 tem
408 2279 839 2347 permanserint,
887 2278 953 2331 de
1001 2278 1107 2330 hoe
1142 2280 1405 2347 princeps
1438 2281 1612 2333 habet
1646 2282 1798 2335 iudi-

265 2379 424 2429 care,
479 2365 598 2417 sive
657 2364 922 2417 deficiant
964 2366 1025 2417 in
1070 2364 1375 2417 moralibus
1422 2367 1543 2418 sive
1592 2369 1797 2419 eontra

262 2447 444 2513 legem
479 2463 636 2501 suam
670 2447 894 2519 hereses
932 2452 1225 2503 inveniant
1261 2458 1318 2503 et
1342 2452 1656 2503 observent.
1718 2452 1800 2503 Et

262 2534 326 2580 ut
359 2534 535 2583 omnis
585 2550 772 2597 eorum
817 2537 1051 2601 querela
1096 2536 1415 2601 tolleretur,
1466 2537 1517 2587 si
1559 2536 1799 2589 videan-

263 2619 352 2665 tur
389 2617 772 2682 comburendi,
821 2623 878 2670 et
921 2637 1034 2673 non
1082 2636 1149 2671 ex
1188 2634 1361 2671 causa
1398 2619 1643 2673 alieuius
1678 2621 1799 2673 uti·

262 2699 442 2751 litatis
479 2702 803 2755 reservandi
829 2705 976 2772 apud
1004 2704 1371 2771 Christianos,
1408 2709 1601 2775 posset
1633 2722 1798 2760 man-
