<?xml version="1.0" encoding="UTF-8"?>
<!DOCTYPE html PUBLIC "-//W3C//DTD XHTML 1.0 Transitional//EN"
    "http://www.w3.org/TR/xhtml1/DTD/xhtml1-transitional.dtd">
<html xmlns="http://www.w3.org/1999/xhtml" xml:lang="en" lang="en">
 <head>
  <title>
</title>
<meta http-equiv="Content-Type" content="text/html;charset=utf-8" />
  <meta name='ocr-system' content='tesseract 3.04.00' />
  <meta name='ocr-capabilities' content='ocr_page ocr_carea ocr_par ocr_line ocrx_word'/>
</head>
<body>
  <div class='ocr_page' id='page_1' title='image "./epistolaeobscur00huttgoog_0799.png"; bbox 0 0 1942 3109; ppageno 0'>
   <div class='ocr_carea' id='block_1_1' title="bbox 326 198 1761 259">
    <p class='ocr_par' dir='ltr' id='par_1_1' title="bbox 326 198 1761 259">
     <span class='ocr_line' id='line_1_1' title="bbox 326 198 1761 259; baseline -0.002 0"><span class='ocrx_word' id='word_1_1' title='bbox 326 198 431 259; x_wconf 70' lang='lat'><strong>338</strong></span> <span class='ocrx_word' id='word_1_2' title='bbox 498 221 735 259; x_wconf 75' lang='lat' dir='ltr'><strong>onrvuu</strong></span> <span class='ocrx_word' id='word_1_3' title='bbox 774 218 969 255; x_wconf 74' lang='lat' dir='ltr'><strong>auru</strong></span> <span class='ocrx_word' id='word_1_4' title='bbox 1008 214 1288 255; x_wconf 71' lang='lat' dir='ltr'><strong>smsronA</strong></span> <span class='ocrx_word' id='word_1_5' title='bbox 1327 214 1761 256; x_wconf 65' lang='lat' dir='ltr'><strong>Arotootrch.</strong></span> 
     </span>
    </p>
   </div>
   <div class='ocr_carea' id='block_1_2' title="bbox 324 316 1869 2579">
    <p class='ocr_par' dir='ltr' id='par_1_2' title="bbox 324 316 1869 2579">
     <span class='ocr_line' id='line_1_2' title="bbox 324 316 1842 391; baseline -0.004 -15"><span class='ocrx_word' id='word_1_6' title='bbox 324 330 391 376; x_wconf 85' lang='lat' dir='ltr'><strong>nt</strong></span> <span class='ocrx_word' id='word_1_7' title='bbox 432 324 639 378; x_wconf 81' lang='lat' dir='ltr'><strong>ibidem</strong></span> <span class='ocrx_word' id='word_1_8' title='bbox 678 325 961 391; x_wconf 85' lang='lat' dir='ltr'><strong>probatur.</strong></span> <span class='ocrx_word' id='word_1_9' title='bbox 999 339 1055 389; x_wconf 86' lang='lat' dir='ltr'><strong>q.</strong></span> <span class='ocrx_word' id='word_1_10' title='bbox 1092 338 1228 373; x_wconf 62' lang='lat'>2111.</span> <span class='ocrx_word' id='word_1_11' title='bbox 1262 326 1376 375; x_wconf 73' lang='lat' dir='ltr'><strong>art.</strong></span> <span class='ocrx_word' id='word_1_12' title='bbox 1413 338 1524 373; x_wconf 89' lang='lat'>111.</span> <span class='ocrx_word' id='word_1_13' title='bbox 1602 316 1664 375; x_wconf 61' lang='lat' dir='ltr'>C</span> <span class='ocrx_word' id='word_1_14' title='bbox 1699 328 1842 389; x_wconf 70' lang='lat' dir='ltr'><strong>Quare</strong></span> 
     </span>
     <span class='ocr_line' id='line_1_3' title="bbox 326 406 1846 477; baseline -0.004 -16"><span class='ocrx_word' id='word_1_15' title='bbox 326 411 585 477; x_wconf 80' lang='lat' dir='ltr'><strong>obsecro,</strong></span> <span class='ocrx_word' id='word_1_16' title='bbox 630 406 691 474; x_wconf 87' lang='lat' dir='ltr'><strong>(o</strong></span> <span class='ocrx_word' id='word_1_17' title='bbox 734 425 834 461; x_wconf 81' lang='lat' dir='ltr'><strong>vos</strong></span> <span class='ocrx_word' id='word_1_18' title='bbox 879 408 1182 474; x_wconf 74' lang='lat' dir='ltr'>degeneres</span> <span class='ocrx_word' id='word_1_19' title='bbox 1227 406 1414 458; x_wconf 88' lang='lat' dir='ltr'><strong>solum</strong></span> <span class='ocrx_word' id='word_1_20' title='bbox 1464 414 1650 477; x_wconf 76' lang='lat' dir='ltr'><strong>poete</strong></span> <span class='ocrx_word' id='word_1_21' title='bbox 1699 415 1754 459; x_wconf 85' lang='lat' dir='ltr'><strong>et</strong></span> <span class='ocrx_word' id='word_1_22' title='bbox 1779 408 1846 457; x_wconf 65' lang='lat' dir='ltr'><strong>fili</strong></span> 
     </span>
     <span class='ocr_line' id='line_1_4' title="bbox 324 491 1844 561; baseline -0.007 -14"><span class='ocrx_word' id='word_1_23' title='bbox 324 493 664 561; x_wconf 81' lang='lat' dir='ltr'><strong>iniquitatis)</strong></span> <span class='ocrx_word' id='word_1_24' title='bbox 700 498 814 544; x_wconf 80' lang='lat' dir='ltr'><strong>tam</strong></span> <span class='ocrx_word' id='word_1_25' title='bbox 858 494 1026 558; x_wconf 82' lang='lat' dir='ltr'>impie</span> <span class='ocrx_word' id='word_1_26' title='bbox 1073 491 1370 542; x_wconf 72' lang='lat' dir='ltr'><strong>abutimini</strong></span> <span class='ocrx_word' id='word_1_27' title='bbox 1405 494 1618 557; x_wconf 82' lang='lat' dir='ltr'><strong>gratia</strong></span> <span class='ocrx_word' id='word_1_28' title='bbox 1653 495 1802 545; x_wconf 74' lang='lat' dir='ltr'><strong>vobis</strong></span> <span class='ocrx_word' id='word_1_29' title='bbox 1825 508 1844 537; x_wconf 58' lang='grc' dir='ltr'><strong>ι</strong></span> 
     </span>
     <span class='ocr_line' id='line_1_5' title="bbox 326 575 1844 643; baseline -0.003 -15"><span class='ocrx_word' id='word_1_30' title='bbox 326 579 429 631; x_wconf 87' lang='lat' dir='ltr'><strong>deo</strong></span> <span class='ocrx_word' id='word_1_31' title='bbox 465 578 636 629; x_wconf 75' lang='lat' dir='ltr'><strong>data?</strong></span> <span class='ocrx_word' id='word_1_32' title='bbox 690 576 835 643; x_wconf 82' lang='lat' dir='ltr'><strong>Quid</strong></span> <span class='ocrx_word' id='word_1_33' title='bbox 872 576 1092 627; x_wconf 85' lang='lat' dir='ltr'><strong>Christo</strong></span> <span class='ocrx_word' id='word_1_34' title='bbox 1126 575 1369 625; x_wconf 77' lang='lat' dir='ltr'><strong>illuditis</strong></span> <span class='ocrx_word' id='word_1_35' title='bbox 1407 582 1476 627; x_wconf 87' lang='lat' dir='ltr'><strong>et</strong></span> <span class='ocrx_word' id='word_1_36' title='bbox 1516 580 1650 629; x_wconf 82' lang='lat' dir='ltr'><strong>eius</strong></span> <span class='ocrx_word' id='word_1_37' title='bbox 1685 579 1844 628; x_wconf 69' lang='lat' dir='ltr'><strong>matri}</strong></span> 
     </span>
     <span class='ocr_line' id='line_1_6' title="bbox 329 658 1848 729; baseline -0.003 -14"><span class='ocrx_word' id='word_1_38' title='bbox 329 663 477 729; x_wconf 83' lang='lat' dir='ltr'><strong>Quid</strong></span> <span class='ocrx_word' id='word_1_39' title='bbox 520 662 768 715; x_wconf 89' lang='lat' dir='ltr'><strong>tunicam</strong></span> <span class='ocrx_word' id='word_1_40' title='bbox 812 661 1048 725; x_wconf 84' lang='lat' dir='ltr'><strong>domini,</strong></span> <span class='ocrx_word' id='word_1_41' title='bbox 1109 658 1242 727; x_wconf 83' lang='lat' dir='ltr'><strong>quid</strong></span> <span class='ocrx_word' id='word_1_42' title='bbox 1293 663 1694 713; x_wconf 81' lang='lat' dir='ltr'><strong>reverendam</strong></span> <span class='ocrx_word' id='word_1_43' title='bbox 1737 662 1848 713; x_wconf 72' lang='lat' dir='ltr'><strong>Petr&#39;.</strong></span> 
     </span>
     <span class='ocr_line' id='line_1_7' title="bbox 328 742 1852 815; baseline -0.003 -16"><span class='ocrx_word' id='word_1_44' title='bbox 328 749 655 815; x_wconf 83' lang='lat' dir='ltr'><strong>imaginem,</strong></span> <span class='ocrx_word' id='word_1_45' title='bbox 702 747 835 813; x_wconf 89' lang='lat' dir='ltr'><strong>quid</strong></span> <span class='ocrx_word' id='word_1_46' title='bbox 870 749 1225 797; x_wconf 82' lang='lat' dir='ltr'><strong>sacramenta</strong></span> <span class='ocrx_word' id='word_1_47' title='bbox 1268 742 1574 815; x_wconf 70' lang='lat' dir='ltr'><strong>ecclesie,</strong></span> <span class='ocrx_word' id='word_1_48' title='bbox 1629 748 1764 813; x_wconf 89' lang='lat' dir='ltr'><strong>quid</strong></span> <span class='ocrx_word' id='word_1_49' title='bbox 1789 763 1852 796; x_wconf 78' lang='lat' dir='ltr'><strong>sa-</strong></span> 
     </span>
     <span class='ocr_line' id='line_1_8' title="bbox 330 828 1852 898; baseline 0 -16"><span class='ocrx_word' id='word_1_50' title='bbox 330 832 678 883; x_wconf 86' lang='lat' dir='ltr'><strong>cratissimas</strong></span> <span class='ocrx_word' id='word_1_51' title='bbox 733 830 881 882; x_wconf 86' lang='lat' dir='ltr'><strong>sedis</strong></span> <span class='ocrx_word' id='word_1_52' title='bbox 926 828 1239 896; x_wconf 74' lang='lat' dir='ltr'><strong>apostolice</strong></span> <span class='ocrx_word' id='word_1_53' title='bbox 1283 828 1708 898; x_wconf 77' lang='lat' dir='ltr'><strong>indulgentias</strong></span> <span class='ocrx_word' id='word_1_54' title='bbox 1749 832 1852 883; x_wconf 80' lang='lat' dir='ltr'><strong>deri-</strong></span> 
     </span>
     <span class='ocr_line' id='line_1_9' title="bbox 328 914 1848 983; baseline -0.003 -17"><span class='ocrx_word' id='word_1_55' title='bbox 328 915 510 967; x_wconf 81' lang='lat' dir='ltr'><strong>detis?</strong></span> <span class='ocrx_word' id='word_1_56' title='bbox 582 915 783 981; x_wconf 87' lang='lat' dir='ltr'><strong>[Quam</strong></span> <span class='ocrx_word' id='word_1_57' title='bbox 818 916 1162 981; x_wconf 88' lang='lat' dir='ltr'><strong>potissimum</strong></span> <span class='ocrx_word' id='word_1_58' title='bbox 1195 914 1264 963; x_wconf 91' lang='lat' dir='ltr'><strong>ob</strong></span> <span class='ocrx_word' id='word_1_59' title='bbox 1315 928 1607 983; x_wconf 82' lang='lat' dir='ltr'><strong>causam,</strong></span> <span class='ocrx_word' id='word_1_60' title='bbox 1659 918 1848 969; x_wconf 73' lang='lat' dir='ltr'><strong>nomini-</strong></span> 
     </span>
     <span class='ocr_line' id='line_1_10' title="bbox 326 998 1852 1067; baseline -0.002 -16"><span class='ocrx_word' id='word_1_61' title='bbox 326 1001 432 1051; x_wconf 89' lang='lat' dir='ltr'><strong>bus</strong></span> <span class='ocrx_word' id='word_1_62' title='bbox 464 1002 669 1054; x_wconf 84' lang='lat' dir='ltr'><strong>vestris</strong></span> <span class='ocrx_word' id='word_1_63' title='bbox 712 1000 941 1051; x_wconf 86' lang='lat' dir='ltr'><strong>silentio</strong></span> <span class='ocrx_word' id='word_1_64' title='bbox 977 998 1288 1067; x_wconf 73' lang='lat' dir='ltr'><strong>preteritis,</strong></span> <span class='ocrx_word' id='word_1_65' title='bbox 1340 998 1558 1051; x_wconf 87' lang='lat' dir='ltr'><strong>aliena</strong></span> <span class='ocrx_word' id='word_1_66' title='bbox 1592 1002 1762 1055; x_wconf 80' lang='lat' dir='ltr'><strong>vobis</strong></span> <span class='ocrx_word' id='word_1_67' title='bbox 1790 1016 1852 1051; x_wconf 77' lang='lat' dir='ltr'><strong>no·</strong></span> 
     </span>
     <span class='ocr_line' id='line_1_11' title="bbox 326 1082 1869 1150; baseline -0.001 -15"><span class='ocrx_word' id='word_1_68' title='bbox 326 1087 481 1136; x_wconf 86' lang='lat' dir='ltr'><strong>mina</strong></span> <span class='ocrx_word' id='word_1_69' title='bbox 525 1090 583 1137; x_wconf 86' lang='lat' dir='ltr'><strong>et</strong></span> <span class='ocrx_word' id='word_1_70' title='bbox 623 1100 907 1150; x_wconf 88' lang='lat' dir='ltr'><strong>nunquam</strong></span> <span class='ocrx_word' id='word_1_71' title='bbox 952 1082 1144 1134; x_wconf 87' lang='lat' dir='ltr'><strong>audita</strong></span> <span class='ocrx_word' id='word_1_72' title='bbox 1180 1084 1622 1149; x_wconf 78' lang='lat' dir='ltr'><strong>excogitastis?</strong></span> <span class='ocrx_word' id='word_1_73' title='bbox 1693 1088 1869 1137; x_wconf 63' lang='lat' dir='ltr'><strong>Nonne*</strong></span> 
     </span>
     <span class='ocr_line' id='line_1_12' title="bbox 328 1166 1844 1233; baseline -0.003 -14"><span class='ocrx_word' id='word_1_74' title='bbox 328 1169 389 1219; x_wconf 85' lang='lat' dir='ltr'><strong>hi</strong></span> <span class='ocrx_word' id='word_1_75' title='bbox 430 1174 563 1221; x_wconf 86' lang='lat' dir='ltr'><strong>sunt</strong></span> <span class='ocrx_word' id='word_1_76' title='bbox 614 1170 944 1220; x_wconf 76' lang='lat' dir='ltr'><strong>histrionum</strong></span> <span class='ocrx_word' id='word_1_77' title='bbox 993 1166 1072 1219; x_wconf 78' lang='lat' dir='ltr'><strong>‘ac</strong></span> <span class='ocrx_word' id='word_1_78' title='bbox 1123 1166 1634 1233; x_wconf 72' lang='lat' dir='ltr'><strong>sycophantarum</strong></span> <span class='ocrx_word' id='word_1_79' title='bbox 1679 1186 1844 1223; x_wconf 78' lang='lat' dir='ltr'><strong>mores.</strong></span> 
     </span>
     <span class='ocr_line' id='line_1_13' title="bbox 330 1250 1848 1323; baseline 0 -20"><span class='ocrx_word' id='word_1_80' title='bbox 330 1254 473 1304; x_wconf 87' lang='lat' dir='ltr'><strong>Sunt</strong></span> <span class='ocrx_word' id='word_1_81' title='bbox 502 1256 777 1321; x_wconf 83' lang='lat' dir='ltr'><strong>profecto,</strong></span> <span class='ocrx_word' id='word_1_82' title='bbox 813 1258 871 1304; x_wconf 89' lang='lat' dir='ltr'><strong>et</strong></span> <span class='ocrx_word' id='word_1_83' title='bbox 903 1252 1238 1303; x_wconf 86' lang='lat' dir='ltr'><strong>nebulonum</strong></span> <span class='ocrx_word' id='word_1_84' title='bbox 1271 1250 1556 1305; x_wconf 79' lang='lat' dir='ltr'><strong>vafrieiis</strong></span> <span class='ocrx_word' id='word_1_85' title='bbox 1593 1256 1762 1323; x_wconf 83' lang='lat' dir='ltr'><strong>longe</strong></span> <span class='ocrx_word' id='word_1_86' title='bbox 1790 1254 1848 1303; x_wconf 75' lang='lat' dir='ltr'><strong>de-</strong></span> 
     </span>
     <span class='ocr_line' id='line_1_14' title="bbox 328 1334 1869 1407; baseline -0.002 -18"><span class='ocrx_word' id='word_1_87' title='bbox 328 1336 599 1405; x_wconf 59' lang='lat' dir='ltr'><strong>teriorem]</strong></span> <span class='ocrx_word' id='word_1_88' title='bbox 647 1340 833 1402; x_wconf 86' lang='lat' dir='ltr'><strong>Quare</strong></span> <span class='ocrx_word' id='word_1_89' title='bbox 858 1334 1132 1403; x_wconf 87' lang='lat' dir='ltr'><strong>[inquam]</strong></span> <span class='ocrx_word' id='word_1_90' title='bbox 1153 1335 1534 1391; x_wconf 73' lang='lat' dir='ltr'><strong>doctissimos</strong></span> <span class='ocrx_word' id='word_1_91' title='bbox 1573 1346 1639 1391; x_wconf 78' lang='lat' dir='ltr'><strong>et</strong></span> <span class='ocrx_word' id='word_1_92' title='bbox 1675 1334 1869 1407; x_wconf 50' lang='lat' dir='ltr'><strong>sapien}</strong></span> 
     </span>
     <span class='ocr_line' id='line_1_15' title="bbox 329 1408 1869 1493; baseline -0.002 -21"><span class='ocrx_word' id='word_1_93' title='bbox 329 1424 574 1474; x_wconf 83' lang='lat' dir='ltr'><strong>tissimos</strong></span> <span class='ocrx_word' id='word_1_94' title='bbox 610 1422 850 1489; x_wconf 76' lang='lat' dir='ltr'>ecclesie</span> <span class='ocrx_word' id='word_1_95' title='bbox 886 1421 1141 1472; x_wconf 84' lang='lat' dir='ltr'><strong>doctores</strong></span> <span class='ocrx_word' id='word_1_96' title='bbox 1173 1422 1647 1485; x_wconf 80' lang='lat' dir='ltr'><strong>persequimini?</strong></span> <span class='ocrx_word' id='word_1_97' title='bbox 1711 1408 1869 1493; x_wconf 33' lang='lat' dir='ltr'><strong>Quat-³*</strong></span> 
     </span>
     <span class='ocr_line' id='line_1_16' title="bbox 328 1504 1866 1577; baseline 0.001 -24"><span class='ocrx_word' id='word_1_98' title='bbox 328 1505 535 1570; x_wconf 83' lang='lat' dir='ltr'><strong>talpati</strong></span> <span class='ocrx_word' id='word_1_99' title='bbox 568 1506 823 1557; x_wconf 89' lang='lat' dir='ltr'><strong>oculatos</strong></span> <span class='ocrx_word' id='word_1_100' title='bbox 862 1504 1254 1557; x_wconf 78' lang='lat' dir='ltr'><strong>contemnitis?</strong></span> <span class='ocrx_word' id='word_1_101' title='bbox 1290 1519 1480 1569; x_wconf 88' lang='lat' dir='ltr'><strong>quare</strong></span> <span class='ocrx_word' id='word_1_102' title='bbox 1523 1508 1866 1577; x_wconf 58' lang='lat' dir='ltr'><strong>iniquitaten</strong></span> 
     </span>
     <span class='ocr_line' id='line_1_17' title="bbox 328 1589 1848 1659; baseline 0.002 -20"><span class='ocrx_word' id='word_1_103' title='bbox 328 1590 569 1651; x_wconf 80' lang='lat' dir='ltr'><strong>fovetis?</strong></span> <span class='ocrx_word' id='word_1_104' title='bbox 614 1605 786 1655; x_wconf 87' lang='lat' dir='ltr'><strong>quare</strong></span> <span class='ocrx_word' id='word_1_105' title='bbox 829 1589 1118 1656; x_wconf 77' lang='lat' dir='ltr'><strong>iniusticie</strong></span> <span class='ocrx_word' id='word_1_106' title='bbox 1165 1592 1222 1639; x_wconf 82' lang='lat' dir='ltr'><strong>et</strong></span> <span class='ocrx_word' id='word_1_107' title='bbox 1264 1589 1510 1659; x_wconf 71' lang='lat' dir='ltr'><strong>malicie</strong></span> <span class='ocrx_word' id='word_1_108' title='bbox 1561 1595 1848 1659; x_wconf 72' lang='lat' dir='ltr'><strong>patrocina-</strong></span> 
     </span>
     <span class='ocr_line' id='line_1_18' title="bbox 329 1672 1841 1739; baseline 0 -18"><span class='ocrx_word' id='word_1_109' title='bbox 329 1672 497 1723; x_wconf 73' lang='lat' dir='ltr'><strong>mini?</strong></span> <span class='ocrx_word' id='word_1_110' title='bbox 566 1673 654 1725; x_wconf 80' lang='lat' dir='ltr'><strong>An</strong></span> <span class='ocrx_word' id='word_1_111' title='bbox 707 1673 1049 1739; x_wconf 83' lang='lat' dir='ltr'><strong>Capnionem</strong></span> <span class='ocrx_word' id='word_1_112' title='bbox 1103 1673 1261 1723; x_wconf 86' lang='lat' dir='ltr'><strong>hisce</strong></span> <span class='ocrx_word' id='word_1_113' title='bbox 1305 1676 1536 1727; x_wconf 82' lang='lat' dir='ltr'><strong>vestris</strong></span> <span class='ocrx_word' id='word_1_114' title='bbox 1587 1676 1841 1731; x_wconf 82' lang='lat' dir='ltr'><strong>lenociniis</strong></span> 
     </span>
     <span class='ocr_line' id='line_1_19' title="bbox 328 1750 1848 1824; baseline -0.001 -15"><span class='ocrx_word' id='word_1_115' title='bbox 328 1750 393 1809; x_wconf 81' lang='lat' dir='ltr'><strong>in</strong></span> <span class='ocrx_word' id='word_1_116' title='bbox 427 1774 600 1810; x_wconf 85' lang='lat' dir='ltr'><strong>causa</strong></span> <span class='ocrx_word' id='word_1_117' title='bbox 632 1757 758 1810; x_wconf 85' lang='lat' dir='ltr'><strong>fidei</strong></span> <span class='ocrx_word' id='word_1_118' title='bbox 794 1756 1196 1809; x_wconf 86' lang='lat' dir='ltr'><strong>defendendum</strong></span> <span class='ocrx_word' id='word_1_119' title='bbox 1219 1758 1615 1824; x_wconf 78' lang='lat' dir='ltr'><strong>suscepistis?</strong></span> <span class='ocrx_word' id='word_1_120' title='bbox 1657 1762 1707 1813; x_wconf 91' lang='lat'>0</span> <span class='ocrx_word' id='word_1_121' title='bbox 1731 1760 1848 1813; x_wconf 78' lang='lat' dir='ltr'><strong>stulti</strong></span> 
     </span>
     <span class='ocr_line' id='line_1_20' title="bbox 333 1840 1846 1911; baseline -0.001 -18"><span class='ocrx_word' id='word_1_122' title='bbox 333 1846 392 1893; x_wconf 86' lang='lat' dir='ltr'><strong>et</strong></span> <span class='ocrx_word' id='word_1_123' title='bbox 432 1842 730 1893; x_wconf 80' lang='lat' dir='ltr'><strong>insensati!</strong></span> <span class='ocrx_word' id='word_1_124' title='bbox 801 1840 1022 1893; x_wconf 81' lang='lat' dir='ltr'><strong>‘Audite</strong></span> <span class='ocrx_word' id='word_1_125' title='bbox 1068 1840 1308 1905; x_wconf 88' lang='lat' dir='ltr'><strong>(clamat</strong></span> <span class='ocrx_word' id='word_1_126' title='bbox 1348 1840 1608 1911; x_wconf 81' lang='lat' dir='ltr'><strong>Esaias)</strong></span> <span class='ocrx_word' id='word_1_127' title='bbox 1655 1848 1846 1898; x_wconf 76' lang='lat' dir='ltr'><strong>verbm:</strong></span> 
     </span>
     <span class='ocr_line' id='line_1_21' title="bbox 331 1924 1868 1996; baseline -0.003 -21"><span class='ocrx_word' id='word_1_128' title='bbox 331 1926 558 1993; x_wconf 87' lang='lat' dir='ltr'><strong>domini,</strong></span> <span class='ocrx_word' id='word_1_129' title='bbox 590 1926 869 1993; x_wconf 85' lang='lat' dir='ltr'><strong>principes</strong></span> <span class='ocrx_word' id='word_1_130' title='bbox 905 1924 1280 1989; x_wconf 71' lang='lat' dir='ltr'><strong>sodomorum,</strong></span> <span class='ocrx_word' id='word_1_131' title='bbox 1317 1925 1566 1979; x_wconf 85' lang='lat' dir='ltr'><strong>auribus</strong></span> <span class='ocrx_word' id='word_1_132' title='bbox 1605 1932 1868 1996; x_wconf 45' lang='lat' dir='ltr'><strong>percipit&amp;</strong></span> 
     </span>
     <span class='ocr_line' id='line_1_22' title="bbox 330 2007 1848 2079; baseline 0 -18"><span class='ocrx_word' id='word_1_133' title='bbox 330 2007 513 2077; x_wconf 80' lang='lat' dir='ltr'><strong>legem</strong></span> <span class='ocrx_word' id='word_1_134' title='bbox 546 2010 638 2062; x_wconf 87' lang='lat' dir='ltr'><strong>dei</strong></span> <span class='ocrx_word' id='word_1_135' title='bbox 668 2011 863 2076; x_wconf 80' lang='lat' dir='ltr'><strong>vestri,</strong></span> <span class='ocrx_word' id='word_1_136' title='bbox 897 2008 1136 2075; x_wconf 88' lang='lat' dir='ltr'><strong>populus</strong></span> <span class='ocrx_word' id='word_1_137' title='bbox 1171 2008 1480 2078; x_wconf 75' lang='lat' dir='ltr'><strong>Gomorre’.</strong></span> <span class='ocrx_word' id='word_1_138' title='bbox 1543 2012 1752 2065; x_wconf 83' lang='lat' dir='ltr'><strong>‘Filios</strong></span> <span class='ocrx_word' id='word_1_139' title='bbox 1771 2015 1848 2079; x_wconf 80' lang='lat' dir='ltr'><strong>(in-</strong></span> 
     </span>
     <span class='ocr_line' id='line_1_23' title="bbox 332 2093 1850 2163; baseline -0.002 -19"><span class='ocrx_word' id='word_1_140' title='bbox 332 2093 481 2159; x_wconf 88' lang='lat' dir='ltr'><strong>quit)</strong></span> <span class='ocrx_word' id='word_1_141' title='bbox 507 2094 750 2146; x_wconf 80' lang='lat' dir='ltr'><strong>enutrivi</strong></span> <span class='ocrx_word' id='word_1_142' title='bbox 780 2098 837 2145; x_wconf 89' lang='lat' dir='ltr'><strong>et</strong></span> <span class='ocrx_word' id='word_1_143' title='bbox 869 2094 1138 2157; x_wconf 82' lang='lat' dir='ltr'><strong>exaltavi,</strong></span> <span class='ocrx_word' id='word_1_144' title='bbox 1171 2093 1282 2158; x_wconf 91' lang='lat' dir='ltr'><strong>ipsi</strong></span> <span class='ocrx_word' id='word_1_145' title='bbox 1305 2096 1503 2143; x_wconf 88' lang='lat' dir='ltr'><strong>autem</strong></span> <span class='ocrx_word' id='word_1_146' title='bbox 1541 2105 1850 2163; x_wconf 75' lang='lat' dir='ltr'><strong>spreverunt</strong></span> 
     </span>
     <span class='ocr_line' id='line_1_24' title="bbox 331 2176 1850 2249; baseline 0.001 -22"><span class='ocrx_word' id='word_1_147' title='bbox 331 2180 454 2229; x_wconf 86' lang='lat' dir='ltr'><strong>me&#39;.</strong></span> <span class='ocrx_word' id='word_1_148' title='bbox 506 2178 589 2247; x_wconf 66' lang='lat' dir='ltr'><strong>Vc</strong></span> <span class='ocrx_word' id='word_1_149' title='bbox 628 2176 841 2245; x_wconf 87' lang='lat' dir='ltr'><strong>[etiam]</strong></span> <span class='ocrx_word' id='word_1_150' title='bbox 872 2178 1032 2231; x_wconf 86' lang='lat' dir='ltr'><strong>vobis</strong></span> <span class='ocrx_word' id='word_1_151' title='bbox 1065 2176 1337 2241; x_wconf 82' lang='lat' dir='ltr'><strong>falsariis,</strong></span> <span class='ocrx_word' id='word_1_152' title='bbox 1377 2178 1480 2240; x_wconf 90' lang='lat' dir='ltr'><strong>qui</strong></span> <span class='ocrx_word' id='word_1_153' title='bbox 1519 2186 1732 2234; x_wconf 86' lang='lat' dir='ltr'><strong>nostra</strong></span> <span class='ocrx_word' id='word_1_154' title='bbox 1765 2182 1850 2249; x_wconf 77' lang='lat' dir='ltr'><strong>epi-</strong></span> 
     </span>
     <span class='ocr_line' id='line_1_25' title="bbox 330 2258 1851 2333; baseline 0.003 -22"><span class='ocrx_word' id='word_1_155' title='bbox 330 2262 525 2327; x_wconf 90' lang='lat' dir='ltr'><strong>taphia</strong></span> <span class='ocrx_word' id='word_1_156' title='bbox 560 2265 617 2312; x_wconf 90' lang='lat' dir='ltr'><strong>et</strong></span> <span class='ocrx_word' id='word_1_157' title='bbox 647 2261 989 2312; x_wconf 86' lang='lat' dir='ltr'><strong>laudabilem</strong></span> <span class='ocrx_word' id='word_1_158' title='bbox 1024 2260 1258 2312; x_wconf 89' lang='lat' dir='ltr'><strong>aliorum</strong></span> <span class='ocrx_word' id='word_1_159' title='bbox 1292 2258 1629 2315; x_wconf 84' lang='lat' dir='ltr'><strong>doctrinam</strong></span> <span class='ocrx_word' id='word_1_160' title='bbox 1653 2282 1851 2333; x_wconf 81' lang='lat' dir='ltr'><strong>perver—</strong></span> 
     </span>
     <span class='ocr_line' id='line_1_26' title="bbox 330 2344 1866 2419; baseline 0.002 -23"><span class='ocrx_word' id='word_1_161' title='bbox 330 2349 549 2413; x_wconf 79' lang='lat' dir='ltr'><strong>tentes,</strong></span> <span class='ocrx_word' id='word_1_162' title='bbox 590 2344 810 2398; x_wconf 89' lang='lat' dir='ltr'><strong>illorum</strong></span> <span class='ocrx_word' id='word_1_163' title='bbox 851 2346 977 2398; x_wconf 89' lang='lat' dir='ltr'><strong>loco</strong></span> <span class='ocrx_word' id='word_1_164' title='bbox 1012 2346 1255 2411; x_wconf 88' lang='lat' dir='ltr'><strong>rythmos</strong></span> <span class='ocrx_word' id='word_1_165' title='bbox 1298 2346 1520 2410; x_wconf 83' lang='lat' dir='ltr'><strong>ponitis</strong></span> <span class='ocrx_word' id='word_1_166' title='bbox 1557 2350 1866 2419; x_wconf 50' lang='lat' dir='ltr'><strong>impin-issi*</strong></span> 
     </span>
     <span class='ocr_line' id='line_1_27' title="bbox 331 2429 1850 2502; baseline 0.002 -21"><span class='ocrx_word' id='word_1_167' title='bbox 331 2442 468 2495; x_wconf 82' lang='lat' dir='ltr'><strong>mos,</strong></span> <span class='ocrx_word' id='word_1_168' title='bbox 505 2433 904 2496; x_wconf 87' lang='lat' dir='ltr'><strong>commissoque</strong></span> <span class='ocrx_word' id='word_1_169' title='bbox 928 2446 1030 2496; x_wconf 89' lang='lat' dir='ltr'><strong>per</strong></span> <span class='ocrx_word' id='word_1_170' title='bbox 1049 2444 1148 2483; x_wconf 81' lang='lat' dir='ltr'><strong>vos</strong></span> <span class='ocrx_word' id='word_1_171' title='bbox 1175 2430 1403 2481; x_wconf 86' lang='lat' dir='ltr'><strong>crimine</strong></span> <span class='ocrx_word' id='word_1_172' title='bbox 1431 2429 1602 2499; x_wconf 83' lang='lat' dir='ltr'><strong>falsi,</strong></span> <span class='ocrx_word' id='word_1_173' title='bbox 1633 2451 1850 2502; x_wconf 70' lang='lat' dir='ltr'><strong>nequam</strong></span> 
     </span>
     <span class='ocr_line' id='line_1_28' title="bbox 330 2514 1852 2579; baseline 0.005 -18"><span class='ocrx_word' id='word_1_174' title='bbox 330 2514 496 2563; x_wconf 85' lang='lat' dir='ltr'><strong>editis</strong></span> <span class='ocrx_word' id='word_1_175' title='bbox 528 2516 900 2579; x_wconf 85' lang='lat' dir='ltr'><strong>prognostica,</strong></span> <span class='ocrx_word' id='word_1_176' title='bbox 934 2514 1072 2565; x_wconf 88' lang='lat' dir='ltr'><strong>mihi</strong></span> <span class='ocrx_word' id='word_1_177' title='bbox 1103 2514 1206 2564; x_wconf 87' lang='lat' dir='ltr'><strong>illa</strong></span> <span class='ocrx_word' id='word_1_178' title='bbox 1240 2515 1450 2565; x_wconf 88' lang='lat' dir='ltr'><strong>insonti</strong></span> <span class='ocrx_word' id='word_1_179' title='bbox 1489 2520 1557 2569; x_wconf 83' lang='lat' dir='ltr'><strong>et</strong></span> <span class='ocrx_word' id='word_1_180' title='bbox 1595 2521 1852 2572; x_wconf 80' lang='lat' dir='ltr'><strong>immerito</strong></span> 
     </span>
    </p>
   </div>
   <div class='ocr_carea' id='block_1_3' title="bbox 326 2616 731 2633">
    <p class='ocr_par' dir='ltr' id='par_1_3' title="bbox 326 2616 731 2633">
     <span class='ocr_line' id='line_1_29' title="bbox 326 2616 731 2633; baseline 0 476"><span class='ocrx_word' id='word_1_181' title='bbox 326 2616 731 2633; x_wconf 95' lang='lat' dir='ltr'><strong> </strong></span> 
     </span>
    </p>
   </div>
   <div class='ocr_carea' id='block_1_4' title="bbox 390 2675 1426 2747">
    <p class='ocr_par' dir='ltr' id='par_1_4' title="bbox 390 2675 1426 2747">
     <span class='ocr_line' id='line_1_30' title="bbox 390 2675 1426 2747; baseline 0.008 -23"><span class='ocrx_word' id='word_1_182' title='bbox 390 2675 415 2707; x_wconf 79' lang='lat'>²</span> <span class='ocrx_word' id='word_1_183' title='bbox 446 2677 623 2726; x_wconf 86' lang='lat' dir='ltr'><strong>solum</strong></span> <span class='ocrx_word' id='word_1_184' title='bbox 645 2681 783 2729; x_wconf 56' lang='lat' dir='ltr'><strong>omas.</strong></span> <span class='ocrx_word' id='word_1_185' title='bbox 808 2682 863 2732; x_wconf 81' lang='lat'><strong>2.</strong></span> <span class='ocrx_word' id='word_1_186' title='bbox 970 2679 1012 2712; x_wconf 84' lang='lat'><strong>¹⁴</strong></span> <span class='ocrx_word' id='word_1_187' title='bbox 1045 2678 1349 2747; x_wconf 64' lang='lat' dir='ltr'><strong>pseaejmini?</strong></span> <span class='ocrx_word' id='word_1_188' title='bbox 1372 2684 1426 2732; x_wconf 86' lang='lat'><strong>2.</strong></span> 
     </span>
    </p>
   </div>
  </div>
 </body>
</html>
