1942 3109
256 199 323 251 74
512 214 545 247 Ε
552 214 609 251 ΡΙ
615 214 803 251 STOLAE
840 215 907 251 ΟΒ
914 214 1207 253 scvnolwu
1241 217 1493 253 vlnomm
1499 239 1510 253 ·

255 319 429 371 omnis
474 319 661 384 homo,
718 320 885 371 etiam
940 322 1224 385 principes
1267 321 1473 373 debent
1515 322 1788 376 honorem

257 408 314 455 et
356 406 727 457 reverentiam
785 407 976 458 facere
1019 407 1320 473 Theologis
1379 411 1436 458 et
1491 411 1786 475 magistris

254 491 476 541 nostris.
550 492 709 543 Tunc
742 492 841 543 ille
876 493 1080 543 iurista
1114 492 1426 559 respondit,
1463 498 1522 544 et
1551 497 1784 562 precise

254 577 313 625 in
360 578 695 627 contrarium
752 577 1028 643 allegavit
1079 594 1209 629 suas
1265 579 1420 643 leges
1465 582 1524 629 et
1567 581 1784 632 multas

254 662 580 727 scripturae,
622 662 755 726 quia
789 664 1058 728 scriptum
1095 666 1208 714 est:
1247 653 1499 726 ‘Qualem
1534 667 1591 715 te
1616 666 1782 717 inve-

254 730 378 811 ιιὶο,ν
412 746 583 799 talem
620 750 675 797 te
710 746 933 797 iudico'.
1004 748 1100 798 sed
1135 764 1292 799 nemo
1327 752 1550 800 tenetur
1583 750 1781 803 facere

254 834 309 883 ei
342 833 716 883 reverentiam
762 833 860 896 qui
904 848 1018 883 non
1061 833 1274 883 incedit
1307 834 1554 897 qualiter
1587 834 1779 901 debet,

193 908 208 919 “
254 917 423 967 etiam
468 918 519 967 si
564 921 715 967 esset
760 919 1040 983 princeps.
1106 918 1186 967 Et
1226 918 1448 982 quando
1483 922 1784 985 presbyter

252 1003 526 1068 reperitur
564 1002 629 1051 in
676 1000 865 1065 aliqu-o
910 1002 1192 1053 indecenti
1239 1018 1402 1068 opere
1437 1007 1508 1053 et
1541 1020 1652 1055 non
1685 1011 1780 1057 est

251 1088 491 1139 vestitus
536 1088 687 1136 sicut
728 1086 990 1138 sacerdos
1037 1104 1158 1139 esse
1204 1088 1397 1152 debet,
1445 1088 1782 1161 sedthabitu

253 1172 527 1240 seculari,
574 1176 709 1221 tunc
752 1172 924 1225 iudex
964 1172 1240 1239 secularis
1284 1164 1474 1237 potest
1517 1188 1640 1225 eum
1674 1176 1780 1225 ha-

250 1259 383 1309 bere
428 1260 487 1307 et
528 1259 775 1307 tractare
818 1272 918 1321 pro
964 1258 1182 1309 homine
1229 1257 1502 1325 seculari,
1547 1262 1605 1309 et
1648 1260 1782 1309 affi—

254 1357 379 1393 cere
417 1357 541 1393 eum
574 1356 722 1406 pena
768 1342 1072 1409 corporali,
1117 1358 1230 1393 non
1275 1344 1624 1395 obstantibus
1657 1346 1782 1409 pri-

255 1428 483 1493 vilegiis
520 1413 865 1479 clericorum.
938 1426 1034 1477 Sic
1069 1426 1212 1477 dixit
1257 1427 1356 1477 ille
1401 1428 1627 1479 iurista:
1671 1429 1780 1479 sed

248 1528 349 1565 vos
382 1511 600 1563 debetis
634 1512 769 1562 mihi
802 1512 1119 1577 significare
1155 1516 1395 1564 mentem
1417 1516 1680 1577 vestram,
1719 1518 1784 1565 et

250 1600 301 1649 si
348 1613 463 1648 non
506 1596 667 1647 scitis
712 1612 814 1662 per
870 1598 1264 1662 vosmetipsum
1285 1637 1298 1662 ,
1359 1601 1492 1647 tunc
1549 1597 1780 1649 habetis

252 1682 539 1734 consulere
574 1682 831 1746 iuristas‚
872 1686 929 1732 et
962 1682 1274 1748 Theologos
1307 1684 1369 1733 in
1402 1681 1782 1735 universitate

252 1767 601 1832 Coloniensi,
662 1767 807 1833 quod
852 1768 1024 1819 sciam
1068 1768 1398 1818 veritatem:
1459 1768 1592 1831 quia
1637 1767 1778 1819 deus

248 1858 337 1905 est
368 1854 609 1917 veritas,
648 1856 705 1904 et
740 1854 837 1918 qui
870 1856 1026 1903 amat
1055 1853 1378 1915 veritatem,
1417 1854 1568 1901 amat
1603 1854 1780 1903 etiam

248 1940 429 1990 deum.
500 1937 767 1989 Similiter
820 1937 1042 1990 debetis
1097 1936 1387 1987 notificare
1441 1936 1580 1986 mihi
1639 1952 1780 2000 quo-

248 2024 406 2075 modo
454 2023 709 2089 procedit
753 2025 817 2077 in
856 2026 1048 2074 vestra
1093 2022 1196 2072 lite
1241 2026 1434 2073 contra
1491 2021 1780 2073 doctorem

247 2108 541 2161 Reuchlin.
608 2108 731 2174 Ego
768 2108 931 2158 audio
970 2106 1116 2171 quod
1149 2107 1268 2171 ipse
1307 2108 1394 2157 est
1427 2104 1776 2171 depaupera-

249 2198 365 2258 tus,
412 2197 641 2259 propter
682 2209 913 2259 magnas
958 2206 1262 2258 exponam,
1309 2194 1366 2239 et
1408 2190 1574 2242 valde
1611 2191 1776 2259 letor.

252 2280 383 2343 quia
420 2294 581 2344 spero
618 2278 763 2344 quod
800 2277 1072 2343 Theologi
1105 2278 1267 2327 erunt
1299 2276 1544 2328 victores
1581 2280 1778 2329 etvos

252 2365 441 2417 etiam.
476 2365 677 2416 Valete
702 2365 762 2414 in
786 2362 1006 2415 nomine
1029 2361 1254 2413 domini.
1291 2361 1500 2412 Datum
1521 2362 1778 2413 Franck-

248 2448 441 2501 fordie.
