1942 3109
538 235 581 282 3.
610 241 898 278 surium
927 243 1383 281 nommant-1⁸1⁸.
1626 232 1723 285 171

176 348 265 398 fui
310 346 616 412 Magister,
675 349 734 396 et
768 345 936 396 dixit:
991 346 1075 398 ‘de
1123 349 1415 402 honestate
1459 351 1727 404 Iohannis

174 431 540 482 Pfefferkorn
573 447 691 482 non
723 431 955 482 multum
993 432 1211 498 andivi,
1247 434 1346 485 sed
1382 435 1527 499 qnod
1562 436 1631 487 de
1656 453 1723 488 eo

177 516 407 580 andivi,
452 517 600 566 bene
660 527 884 582 possum
938 516 1155 582 dicere,
1212 517 1359 583 quod
1410 519 1523 569 nisi
1566 520 1725 588 Iudei

173 599 498 652 voluissent
535 615 664 662 eum
688 587 1019 652 mortificare
1044 607 1271 670 propter
1290 603 1574 654 maleficia
1598 619 1720 668 sua,

174 686 306 751 Ipse
354 701 646 750 nunquam
690 687 894 736 fuisset
945 686 1138 736 factus
1184 685 1580 737 Christianus&
1648 688 1725 738 Et

176 769 326 820 dixit
363 769 519 834 quod
548 770 776 834 quidam
809 769 1017 838 Iudeus
1053 769 1193 821 dixit
1230 771 1340 822 sibi
1376 770 1545 822 ‘Ecce
1582 769 1723 821 illud

137 869 143 876 ·
179 854 334 918 quod
367 870 485 904 non
519 855 677 905 valet
719 854 868 921 apud
911 854 1142 921 Iudeon,
1189 855 1393 905 bonnm
1440 859 1529 906 est
1572 855 1721 922 apud

179 937 567 1002 Christianos,
601 935 726 1004 [Nos
761 938 1043 989 voluimus
1080 938 1151 988 ad
1195 941 1425 989 mortem
1470 940 1719 990 iudicare

178 1025 358 1072 istum
387 1023 841 1084 malefactorem,
879 1023 993 1073 Vos
1020 1022 1327 1073 Christiani
1348 1023 1569 1074 habetis
1596 1039 1721 1074 eum

189 1106 252 1154 in
297 1105 505 1156 honore
549 1109 709 1170 quasi
756 1113 910 1158 esset
953 1107 1115 1156 homo
1158 1106 1365 1171 probus
1412 1109 1469 1156 et
1508 1106 1723 1170 doctus,

193 1205 319 1239 cum
358 1193 537 1240 tamen
570 1191 776 1242 videtis
811 1194 1041 1257 propter
1074 1190 1207 1254 quid
1242 1193 1329 1241 est
1351 1191 1539 1241 factus
1566 1189 1721 1240 Chri-

180 1276 444 1326 stianus’.
503 1275 590 1325 Ibi
613 1291 716 1342 ego
753 1274 1041 1340 respondi:
1080 1274 1333 1326 ‘Domine
1369 1274 1582 1339 doctor,
1620 1291 1718 1327 au-

178 1360 356 1408 diatis
391 1359 694 1410 modicum:
731 1359 888 1424 Iudei
923 1359 1143 1409 faciunt
1186 1361 1447 1409 iniuriam
1481 1360 1719 1411 Iohanni

175 1442 566 1507 Pfefferkorn‚
605 1443 740 1506 quia
776 1457 1057 1507 nunquam
1091 1443 1307 1495 furavit
1342 1443 1586 1507 aliquid,
1624 1459 1719 1494 ne-

175 1544 288 1592 que
327 1527 620 1578 malefecit
665 1527 838 1576 etiam
881 1527 1103 1591 quando
1152 1528 1263 1578 fuit
1296 1527 1524 1594 IudeuS,
1571 1527 1721 1578 sicut

175 1617 268 1663 est
291 1612 388 1678 pie
418 1610 766 1662 credendum.
827 1611 900 1660 Et
935 1612 1081 1676 quod
1105 1612 1222 1662 ¹hoc
1258 1613 1335 1662 sit
1367 1627 1587 1675 verum,
1622 1612 1719 1660 de-

169 1697 329 1748 betis
367 1697 547 1759 scire,
587 1694 852 1758 quomodo
888 1694 997 1746 duo
1030 1695 1191 1761 Iudei
1226 1696 1398 1747 semel
1421 1696 1721 1747 voluerunt

171 1783 231 1832 ei
267 1782 559 1844 imponere
594 1781 880 1830 infamiam
915 1780 1080 1842 furti,
1116 1779 1214 1830 sed
1250 1795 1319 1830 ex
1342 1779 1557 1830 invidia
1580 1780 1717 1830 dun-

171 1867 346 1915 taxat
393 1867 450 1913 et
497 1863 808 1914 execrabili
853 1863 1109 1913 maliciat
1164 1868 1300 1914 tunc
1346 1864 1468 1929 ipse
1519 1863 1719 1912 citavit

173 1966 274 2000 eos
325 1948 400 1998 ad
439 1945 729 1998 cameram
775 1948 1146 2012 imperialem,
1193 1952 1251 1998 et
1296 1947 1567 1998 dederunt
1606 1945 1719 1998 sibi

174 2050 328 2085 ‚xxx.
368 2034 607 2083 florenos
643 2047 742 2097 pro
769 2033 1057 2096 expensum,
1098 2030 1243 2096 quod
1265 2033 1375 2081 fuit
1402 2035 1714 2082 contentus.

173 2119 368 2168 Etiam
392 2116 677 2167 Iohannes
700 2115 1055 2166 Pfefferkorn
1079 2119 1246 2166 natus
1286 2120 1373 2166 est
1405 2116 1554 2166 bona
1590 2129 1716 2179 pro·

177 2203 370 2266 genie,
411 2200 524 2251 Sed
571 2199 790 2264 quando
837 2199 946 2248 fuit
988 2199 1223 2266 Iudqus,
1268 2200 1378 2250 fuit
1422 2200 1571 2251 sicut
1616 2199 1717 2250 alii

172 2286 354 2351 Iudqi.
429 2285 608 2347 Quia,
643 2287 708 2332 ut
754 2285 1114 2334 communiter
1156 2284 1387 2347 dicitur,
1438 2285 1586 2347 „Qui
1631 2287 1717 2333 est

173 2371 326 2420 inter
359 2369 549 2432 lupos,
599 2371 818 2433 oportet
861 2367 1083 2419 ululare
1122 2383 1243 2417 cum
1280 2365 1484 2432 lupis“.
1554 2367 1715 2418 Nunc

177 2459 368 2504 autem
409 2451 650 2503 comedit
687 2467 883 2502 carnes
919 2451 986 2502 de
1031 2465 1232 2516 porca,
1280 2454 1337 2500 et
1379 2451 1523 2500 facit
1568 2453 1717 2501 sicut

177 2538 357 2589 bonus
385 2537 780 2587 Christianus'.
839 2535 997 2584 Tunc
1033 2534 1318 2600 respondit
1353 2534 1542 2586 doctor
1564 2535 1715 2584 Mur·

177 2638 306 2672 ner:
346 2620 622 2672 ‘Comedit
645 2617 999 2670 Pfefferkorn
1025 2623 1195 2670 etiam
1220 2619 1571 2668 sarcimine?
1607 2617 1714 2664 Re-

179 2706 382 2772 spondi
419 2721 550 2770 ego:
599 2702 898 2762 ‘Nonvidi
933 2717 1059 2751 eum
1095 2699 1409 2758 comedere,
1458 2696 1557 2744 sed
1592 2709 1718 2756 pre-

585 2873 614 2890 a
