1942 3109
303 267 372 320 54
439 283 819 320 rsrnnicosm
847 283 1318 320 nasammonas
1344 283 1545 320 nuos.
1565 285 1818 322 ατη-ειη».

306 387 548 456 Cesaree
591 389 906 440 maiestatis
950 387 1201 452 restitui,
1248 403 1385 453 quos
1420 389 1579 457 Iudei
1620 391 1823 444 habere

304 479 531 541 possent
577 490 700 524 cum
743 475 947 540 viginti
994 478 1231 537 quatuor
1274 473 1434 526 libris
1481 475 1562 525 eis
1608 491 1643 525 a
1678 479 1823 542 prin-

309 561 454 625 cipio
489 559 748 610 dimissis.

414 637 467 696 ΙΙ
515 647 604 696 De
655 643 892 696 residuis
945 661 1079 696 vero
1125 645 1287 694 libris
1333 643 1659 696 damnandis
1696 661 1827 697 con-

309 733 540 784 sulimus
578 731 723 795 elegi
759 731 978 793 aliquos
1014 731 1072 778 in
1096 743 1429 794 pergameno
1455 732 1733 796 scriptura
1760 747 1829 782 ac

311 817 635 866 charactere
672 813 920 878 meliore,
956 817 1018 864 ut
1053 813 1449 864 distribuantur
1485 817 1545 864 in
1580 815 1827 869 librariis

311 900 753 964 christianorum,
790 900 983 963 ibique
1020 899 1191 965 ligari
1215 900 1468 951 cathenis
1504 900 1721 966 ferreis,
1758 918 1829 953 ne

309 985 736 1050 subtrahantur,
795 989 858 1036 ut
914 985 1029 1035 sint
1079 986 1137 1033 in
1188 999 1346 1034 usum
1404 985 1829 1037 christianorum

307 1071 675 1122 studiosorum
713 1074 768 1121 et
802 1071 860 1120 in
883 1073 1211 1136 perpetuum
1233 1070 1611 1120 testimonium
1638 1075 1836 1123 contra

307 1155 522 1222 Iudeos.
605 1170 728 1204 cum
786 1157 955 1205 etiam
1013 1155 1100 1204 his
1160 1155 1417 1204 convinci
1474 1158 1706 1220 possunt
1771 1158 1835 1208 de

307 1239 704 1307 blasphemiis,
748 1241 1155 1306 impietatibus,
1206 1239 1485 1290 erroribus
1532 1244 1588 1290 et
1620 1240 1837 1307 heresi-

310 1328 443 1390 bus,
481 1331 704 1393 propter
739 1341 846 1394 que
883 1326 964 1376 eis
1000 1327 1147 1373 iuste
1182 1324 1394 1375 sublati
1427 1325 1554 1374 sint.
1586 1322 1596 1390 Ι

177 1402 242 1470 (D
257 1404 301 1468 4)
416 1403 469 1462 ΙΙ
511 1411 783 1461 Residuos
820 1415 1004 1460 autem
1039 1425 1225 1460 omnes
1259 1409 1462 1460 vindex
1496 1425 1747 1461 errorum
1784 1417 1839 1463 et

308 1498 653 1560 impietatum
699 1509 872 1544 vorax
924 1495 1143 1544 flamma
1198 1499 1511 1558 consumat,
1572 1497 1839 1560 quemad-

309 1580 524 1634 modum
569 1578 1037 1630 Reverendissimi
1097 1579 1334 1629 consilia
1386 1579 1591 1629 domini
1640 1580 1841 1632 Archi-

309 1667 561 1734 episcopi
595 1664 1043 1730 Moguntinensis
1088 1668 1146 1716 et
1189 1665 1620 1716 universitatum
1666 1681 1845 1733 supra

314 1751 762 1818 specificatarum
796 1748 1152 1815 persuadent.

422 1837 546 1888 Hoc
605 1840 717 1898 est,
786 1849 1051 1899 generose
1110 1833 1329 1885 domine
1388 1832 1561 1902 Cesar
1622 1851 1849 1903 semper
1931 1853 1932 1868 ¹

308 1923 584 1989 Auguste,
635 1919 928 1971 consilium
962 1923 1211 1969 nostrum
1256 1934 1421 1984 super
1454 1919 1562 1969 hoc
1594 1924 1848 1986 negocio

312 2027 346 2061 a
372 2009 615 2079 Cesarea
637 2010 824 2058 vestra
849 2005 1149 2056 Maiestate
1174 2005 1333 2054 nobis
1360 2005 1669 2070 commisso,
1710 2021 1851 2060 con-

309 2098 484 2148 forme
545 2093 796 2145 consiliis
853 2089 1327 2142 Reverendissimi
1384 2089 1593 2140 domini
1652 2093 1855 2142 archi-

313 2180 561 2244 episcopi
611 2177 1059 2240 Moguntinensis
1114 2189 1180 2224 ac
1238 2189 1371 2241 sepe
1424 2177 1857 2227 nominatarum

311 2261 755 2312 universitatum.
837 2257 996 2319 Quod
1040 2257 1299 2323 dignetur
1346 2258 1858 2328 eadem-Cesarea

310 2347 576 2397 maiestas
612 2347 802 2395 vestra
839 2342 1267 2394 clementissime
1304 2345 1522 2395 omnino
1548 2347 1860 2414 suscipere

312 2435 480 2494 atque
517 2437 782 2494 tanquam
817 2429 1120 2493 imperator
1154 2445 1222 2479 ac
1258 2429 1713 2481 Christianitatis
1758 2448 1863 2482 su-

309 2529 554 2579 premum
591 2519 786 2579 caput:
844 2506 897 2565 ΙῙ
947 2513 1319 2566 conservator
1354 2519 1639 2580 protector
1670 2531 1865 2568 verus

310 2596 560 2647 dominus
597 2601 766 2660 atque
791 2597 1115 2661 advocatus,
1150 2613 1379 2666 presens
1415 2601 1719 2664 negocium
1762 2618 1867 2653 sa—

306 2681 458 2731 lubri
491 2681 660 2730 inicio
715 2686 958 2746 ceptum,
1016 2683 1473 2733 convenientibus
1516 2683 1728 2735 mediis
1784 2687 1869 2736 ad

311 2768 559 2828 optatum
583 2762 852 2814 deducere
877 2766 1058 2830 finem,
1082 2767 1199 2816 Nec
1216 2765 1347 2816 ullis
1371 2769 1869 2831 persuasionibus
