1942 3109
403 258 552 303 ovon
575 256 704 295 ηπ
729 257 902 294 mmm
927 256 1041 292 non
1066 256 1157 292 sn·
1182 253 1455 293 ηκουσα.
1594 241 1693 293 195

179 364 376 431 dignis.
461 354 514 414 (ἷ
556 364 698 417 Item
741 364 790 413 si
834 360 1043 426 aliquis
1088 362 1358 413 obiiceret
1408 360 1513 413 ‘Tu
1556 363 1693 415 scri·

181 449 345 517 psisti
377 449 580 501 librum
613 448 884 499 famosum
903 446 1233 511 imponendo
1256 446 1456 498 Ioanni
1475 446 1691 499 Reueh-

181 535 259 586 lin
293 534 552 586 terminos
588 531 849 597 quosdam
881 532 1153 597 impuros,
1198 530 1533 599 appellando
1571 547 1694 583 eum

179 619 450 671 hominem
481 620 702 671 vafrum
738 621 795 669 et
836 615 1177 668 levissimum
1216 617 1426 669 habere
1470 632 1695 684 perver-

177 704 326 756 tendi
369 703 610 769 modum,
669 703 810 754 Item
853 702 1453 767 inconstantissimum,
1507 701 1695 753 infeli-

180 807 296 841 cem
338 790 698 859 semiindenm
712 828 726 854 ,
773 787 1067 840 falsarium
1110 786 1505 852 quodammodo
1540 802 1695 838 man-

175 876 294 926 dati
333 875 640 941 imperialis
657 912 672 939 ,
717 873 1081 940 proditorem,
1126 874 1565 937 inconstantem,
1612 872 1694 923 le-

175 975 324 1023 vem,
373 960 683 1023 reprobum,
729 960 1095 1023 pertinacem,
1137 957 1405 1009 furnulum
1442 956 1693 1023 caligan-

165 1034 312 1107 tem,
349 1042 858 1105 mendacissimum,
895 1044 1068 1093 morte
1104 1042 1327 1108 dignum
1363 1045 1420 1093 et
1440 1041 1498 1091 id
1522 1057 1697 1107 genus

178 1127 306 1179 aliis
359 1128 700 1191 nominibus,
750 1126 1079 1194 Respondeo
1138 1142 1224 1178 me
1288 1128 1373 1177 sic
1423 1126 1517 1178 vel
1572 1142 1693 1177 cum

173 1214 358 1278 gratia
400 1213 494 1265 vel
541 1212 995 1263 conditionaliter
1039 1216 1137 1262 aut
1168 1228 1298 1263 vere
1332 1211 1623 1276 loquutnm
1660 1229 1695 1262 a

173 1296 327 1347 nullo
357 1297 420 1347 in
453 1297 657 1347 malam
692 1300 909 1362 partem
947 1288 1132 1363 accipi
1158 1296 1376 1347 debere.
1433 1296 1575 1347 Nam
1599 1312 1693 1347 ne-

174 1396 330 1433 cesse
377 1386 464 1433 est
506 1386 570 1433 ut
615 1382 752 1435 echo
793 1386 923 1434 voci
967 1385 1213 1433 assonet.
1282 1381 1409 1447 Ipse
1454 1381 1600 1433 enim
1634 1382 1694 1431 in

167 1465 452 1532 plerisque
497 1470 614 1519 suis
668 1467 952 1534 opusculis
1010 1471 1068 1519 et
1122 1466 1283 1519 libris
1333 1484 1421 1519 me
1478 1466 1691 1519 centies

163 1553 372 1619 magis,
419 1556 482 1604 ut
515 1554 667 1605 infra
700 1554 758 1605 in
792 1554 1114 1606 theutonico
1152 1553 1425 1619 expressi,
1475 1556 1533 1604 et
1567 1552 1687 1604 sine

165 1638 578 1700 comparatione
615 1637 686 1689 ad
719 1639 828 1707 hec
861 1639 1137 1690 nostratia
1158 1638 1323 1703 longe
1346 1638 1565 1704 turpius
1588 1638 1687 1689 im-

159 1721 365 1772 merito
399 1724 456 1773 et
490 1721 638 1773 false
684 1722 1025 1785 diffamavit,
1073 1722 1219 1786 quod
1259 1724 1441 1789 ipsum
1483 1723 1688 1773 fecisse

163 1804 240 1853 ad
276 1808 514 1855 mortem
567 1817 746 1868 usqne
797 1804 1113 1870 profitebor.
1188 1806 1312 1871 Ego
1366 1806 1540 1871 igitur
1593 1807 1690 1870 qui

159 1903 275 1939 non
309 1889 467 1952 potui
502 1904 570 1939 ex
605 1890 788 1941 scoria
825 1904 1046 1954 aurum,
1096 1906 1167 1941 ex
1206 1891 1453 1943 tenebris
1487 1890 1685 1957 lucem,

161 1988 234 2023 ex
255 1970 406 2021 malo
439 1972 642 2022 bonum
680 1975 736 2022 et
773 1988 840 2023 ex
875 1973 1027 2025 falso
1062 1988 1253 2025 verum
1288 1975 1507 2039 facere,
1541 1977 1686 2026 veri—

155 2062 250 2109 tas
287 2057 430 2121 ipsa,
465 2070 684 2120 semper
719 2059 906 2107 tamen
943 2071 1067 2107 cum
1101 2057 1288 2122 gratia
1332 2060 1391 2109 ct
1430 2073 1687 2111 reveren-

155 2143 271 2202 tia,
308 2154 396 2189 me
431 2140 514 2191 sic
553 2143 610 2191 et
643 2156 753 2192 non
790 2140 958 2193 aliter
992 2141 1241 2192 scribere
1276 2141 1473 2193 voluit.
1541 2144 1689 2207 Quia

156 2228 224 2275 ut
247 2226 439 2273 noster
461 2223 722 2278 Salomon
749 2227 832 2277 ait
867 2226 946 2279 Os
975 2226 1119 2293 quod
1154 2228 1447 2292 mentitur,
1483 2229 1689 2281 occidit

153 2309 419 2360 animam.
463 2307 714 2374 Itemque
747 2312 818 2363 ob
842 2310 898 2360 id
923 2326 1025 2376 ego
1050 2326 1161 2363 non
1182 2312 1360 2363 solum
1383 2328 1565 2379 spere,
1588 2314 1685 2367 sed

149 2393 387 2447 firmiter
417 2392 582 2445 credo
616 2394 762 2459 quod
783 2398 1007 2461 propter
1038 2395 1187 2447 hunc
1220 2412 1397 2447 mcum
1431 2396 1686 2449 libellum

147 2494 414 2545 magnam
447 2480 676 2533 fecerim
699 2477 999 2533 utilitatem
1035 2479 1274 2548 ecclesie
1300 2483 1597 2551 catholice,
1622 2488 1684 2533 ut

145 2565 258 2617 illa
281 2580 390 2632 que
415 2579 621 2631 sponsa
647 2563 856 2617 Christi
875 2568 985 2629 est,
1002 2569 1119 2617 tam
1141 2567 1486 2631 periculosos
1508 2568 1683 2620 homi-

145 2663 281 2711 nes,
319 2652 434 2701 tam
467 2650 788 2717 periculosa
816 2649 1111 2703 eorundem
1138 2652 1353 2717 scripta
1379 2668 1681 2720 precavere

139 2732 399 2787 feliciter
421 2737 612 2799 possit.
647 2736 724 2789 Et
745 2736 892 2791 hanc
917 2737 987 2788 ob
1016 2750 1261 2803 causam,
1287 2737 1335 2787 Ο
1358 2737 1679 2793 beatissime

1269 2820 1332 2875 13
1345 2820 1377 2859 '⁸²
