1942 3109
235 210 338 262 284
413 223 705 262 nrrsronn
731 223 1101 262 onscvnonvu
1124 225 1381 263 vrnonvu
1405 225 1582 261 nome.

237 333 390 380 creta
425 333 484 379 et
517 330 680 394 quasi
716 331 970 382 honesta.
1040 329 1115 378 Et
1160 331 1246 378 est
1286 329 1489 379 bonum
1534 330 1757 393 quando

237 413 444 478 aliquis
477 415 649 465 habet
671 411 948 480 propriam
971 415 1031 463 in
1056 417 1301 486 secreto..
1351 413 1425 462 Et
1448 412 1591 462 dixit
1612 429 1759 464 unus

235 496 307 546 ad
339 513 454 563 me,
492 497 638 564 quod
661 499 936 550 Iohannes
959 497 1309 548 Pfefferkorn
1344 497 1515 548 semel
1548 499 1761 548 rixavit

233 582 520 632 vobiscum
555 582 746 634 dicens
783 581 854 633 ad
887 596 1021 632 vose
1057 579 1309 631 ‘Domine
1336 581 1597 643 Ortvine‚
1632 578 1757 644 Ego

233 665 436 716 vellem
491 667 633 730 quod
679 664 1042 716 comederetis
1090 681 1159 715 ex
1201 667 1392 715 vestra
1436 663 1651 728 patella
1698 667 1759 714 et

233 749 630 813 permitteretis
665 765 751 799 me
789 748 1074 800 comedere
1110 764 1179 798 ex
1212 749 1372 797 mea'.
1429 749 1505 796 Et
1537 763 1637 799 vos
1661 747 1758 798 diu

233 847 344 882 non
377 829 770 883 intellexistis:
819 834 954 896 quia
999 832 1099 883 ille
1133 833 1221 883 vir
1258 835 1343 881 est
1376 830 1543 881 valde
1580 831 1758 881 subti-

230 915 302 965 lis
340 919 398 965 et
431 931 644 982 semper
680 917 926 980 loquitur
959 917 1293 984 enigmatiee
1330 917 1390 964 in
1424 915 1755 980 proverbiis.

231 998 340 1049 Sed
375 999 600 1064 quidam
636 1001 848 1051 amicus
882 993 1098 1064 vester,
1134 1001 1281 1048 sicut
1316 1014 1419 1064 ego
1456 994 1647 1048 audivi
1681 999 1753 1049 ab

231 1083 390 1148 aliis,
431 1084 686 1149 exposuit
707 1085 867 1134 vobis
903 1084 1008 1134 illa
1047 1083 1291 1132 archana
1325 1082 1498 1132 verba
1534 1081 1754 1132 dicens:

231 1165 369 1232 ‘Ego
403 1167 608 1218 vellem
643 1167 788 1231 qnod
825 1166 1187 1218 comederetis
1214 1182 1281 1216 ex
1305 1169 1495 1216 vestra
1519 1165 1755 1230 patella,

233 1247 311 1314 [id
363 1249 470 1315 est]
519 1249 664 1313 quod
700 1251 1088 1315 supponeretis
1122 1254 1366 1300 vestram
1401 1263 1625 1300 uxorem
1659 1250 1756 1300 vel

229 1333 542 1396 munel-em,
579 1337 636 1384 et
669 1334 1069 1398 permitteretis
1104 1347 1189 1382 me
1228 1332 1511 1383 comedere
1537 1349 1603 1384 ex
1628 1348 1751 1384 mea

229 1415 474 1480 patella',
521 1415 578 1465 id
623 1420 709 1466 est
753 1432 862 1467 non
907 1418 1217 1480 tangeretis
1273 1423 1497 1466 uxorem
1552 1429 1751 1480 meam,

229 1499 328 1550 sed
373 1501 632 1550 sineretis
677 1515 764 1548 me
811 1513 933 1548 eam
978 1501 1244 1564 tangere’.
1279 1565 1283 1569 ἓ
1322 1498 1443 1565 Ego
1498 1499 1614 1549 dixi
1658 1501 1749 1550 hic

229 1581 301 1633 ad
345 1583 618 1646 quendam
665 1586 882 1646 poetam
930 1582 1073 1645 quod
1118 1587 1377 1650 quereret
1424 1583 1581 1633 illam
1626 1599 1749 1650 pro·
1810 1633 1831 1650 ,

225 1667 473 1718 ver-biam
517 1667 574 1715 in
618 1666 928 1731 proverbiis
962 1667 1199 1716 Erasmi.
1266 1666 1573 1730 Respondit
1616 1665 1752 1718 mihi

226 1749 372 1815 quod
417 1765 528 1800 non
573 1753 760 1814 potest
801 1751 1072 1799 invenire.
1151 1751 1284 1799 Dixi
1330 1751 1409 1800 ei:
1453 1749 1607 1816 ‘ergo
1650 1751 1747 1802 ille

225 1833 400 1883 Autor
451 1849 561 1883 non
618 1837 704 1882 est
748 1832 1031 1883 sufficiens
1078 1833 1175 1884 sed
1222 1833 1559 1884 diminutus'.
1642 1834 1751 1886 Sed

227 1916 445 1979 quando
484 1915 672 1966 audivi
708 1915 814 1982 hec
837 1915 904 1968 de
928 1917 1175 1967 Iohanne
1199 1917 1577 1981 Pfefferkorn,
1614 1917 1749 1983 dixi,

226 1999 371 2063 quod
407 2003 492 2050 est
528 2001 691 2050 nimis
727 2000 1034 2050 invidiosus
1071 2001 1121 2050 si
1153 2001 1295 2050 feeit
1318 2001 1452 2051 hoc:
1490 2001 1637 2063 Quia
1663 2006 1750 2052 est

223 2099 335 2132 una
371 2084 666 2149 proverbia
700 2083 848 2147 quod
883 2085 1181 2134 amicorum
1216 2085 1401 2134 omnia
1438 2088 1567 2134 sunt
1602 2099 1745 2136 com-

223 2167 440 2228 munia:
489 2168 746 2230 quamvis
793 2167 976 2232 aliqui
1010 2167 1202 2217 dieunt
1236 2166 1385 2231 quod
1418 2183 1617 2219 uxores
1652 2168 1747 2220 de-

221 2249 356 2300 bent
389 2251 590 2314 excipi.
648 2251 778 2317 Ipse
815 2255 1003 2302 tamen
1038 2267 1147 2300 non
1182 2250 1409 2302 deberet
1444 2253 1617 2301 irasci
1654 2268 1744 2304 su-

221 2347 320 2398 per
352 2349 452 2384 vos
489 2335 620 2397 quia
664 2350 764 2387 vos
809 2351 918 2385 non
963 2335 1185 2385 habetis
1230 2349 1483 2386 uxorem=
1534 2340 1591 2385 et
1636 2351 1745 2384 non

219 2417 558 2469 habentibus
613 2420 874 2470 debemus
929 2420 1229 2483 impertire.
1318 2419 1519 2470 Audivi
1574 2419 1741 2468 etiam

220 2501 365 2565 quod
409 2505 722 2567 supponitis
769 2502 1036 2552 ancillam
1070 2502 1423 2566 Impressoris
1460 2502 1744 2566 Quenttel‚

221 2588 301 2637 ita
337 2586 482 2651 quod
516 2587 656 2636 fecit
675 2601 932 2655 puerum:
967 2587 1075 2635 hoc
1098 2601 1207 2636 non
1231 2585 1508 2636 deberetis
1532 2585 1741 2650 facere,

219 2670 443 2720 seilicet
477 2671 662 2722 forare
697 2685 841 2722 nova
877 2670 1170 2720 foramina.
1231 2669 1351 2733 Ego
1376 2685 1593 2734 semper
1626 2684 1740 2721 ma·
