1942 3109
159 213 223 264 16
412 228 698 273 nrxs‘ronffl
735 227 1097 270 osscvnonvn
1134 226 1405 260 vmonvu.

877 427 940 486 6.

373 484 768 598 'Nicolaus
815 531 1426 618 Caprimulgius

721 638 1113 689 baccalaurius

439 724 780 790 Magistro·
813 723 1101 773 Ortvino
1138 722 1381 773 Gratio

153 845 401 896 Salutem
445 845 735 910 plurimam
779 859 900 894 cum
925 833 1144 908 ‘magna
1178 845 1491 894 reverentia
1528 861 1662 911 erga

151 935 394 981 vestram
427 929 770 994 dignitatem,
807 929 953 978 sicut
987 927 1160 978 debeo
1196 929 1442 978 scribens
1474 930 1542 980 ad
1564 947 1662 982 ve—

153 1020 320 1065 stram
353 1015 852 1080 magistralitatem.
923 1013 1273 1064 Venerabilis
1303 1011 1518 1064 domine
1545 1032 1661 1065 ma-

153 1102 350 1165 gister,
411 1100 604 1149 sciatis
653 1099 797 1162 quod
842 1103 926 1148 est
943 1114 1083 1160 ,una
1128 1099 1393 1150 notabilis
1442 1101 1661 1167 questio

155 1200 318 1248 quam
352 1188 478 1248 peto
517 1199 616 1234 seu
650 1200 782 1248 rogo
816 1183 1172 1234 determinari
1206 1199 1241 1234 a
1276 1188 1463 1235 vestra
1486 1187 1663 1250 magi·

153 1266 509 1334 gisfralitate.
589 1267 692 1316 Est
734 1267 824 1317 hic
867 1283 1009 1318 unus
1054 1285 1251 1336 grecus
1298 1270 1391 1332 qui
1435 1271 1664 1320 resumit

157 1353 573 1420 grammaticam
607 1353 838 1416 Urbani,
877 1356 934 1402 et
957 1353 1175 1417 quando
1200 1355 1397 1404 scribit
1418 1369 1659 1422 grecum,

150 1446 282 1488 tunc
318 1454 531 1503 semper
565 1438 720 1502 ponit
743 1437 952 1488 titellos
980 1440 1249 1503 superius.
1312 1441 1661 1504 Quapropter

149 1541 252 1590 ego
305 1521 420 1572 dixi
463 1539 662 1588 nuper:
709 1521 914 1575 ‘tamen
947 1523 1211 1588 magister
1247 1523 1509 1573 Ortvinus
1542 1525 1659 1574 Da-

147 1609 362 1674 ventrie
401 1609 568 1658 etiam
602 1607 934 1671 practicavit
967 1608 1381 1672 grammaticam
1416 1623 1658 1674 grecam,

153 1699 209 1746 et
253 1694 422 1744 etiam
468 1697 553 1743 est
597 1691 878 1742 sufficiens
923 1693 1007 1742 ita
1050 1693 1191 1742 bene
1238 1692 1385 1742 sicut
1428 1692 1552 1756 ille,
1600 1700 1663 1743 et

150 1792 428 1841 nunquam
464 1777 688 1842 scripsit
721 1777 802 1826 ita
839 1777 1087 1852 titellosff·
1116 1779 1173 1824 et
1196 1791 1297 1840 ego
1326 1776 1485 1827 credo
1512 1779 1660 1840 quod

153 1866 233 1914 ita
267 1864 408 1913 bene
445 1862 712 1926 intelligit
745 1863 902 1918 facta
937 1877 1039 1914 sua
1054 1860 1219 1910 'sicut
1243 1861 1357 1924 ille,
1396 1866 1452 1912 et
1478 1862 1661 1912 adhuc

153 1951 342 2015 posset
373 1947 648 2012 corrigere
682 1947 848 1996 istum
883 1947 1148 2012 grecum'3
1186 1944 1283 1996 sed
1308 1946 1408 1998 alii
1430 1962 1538 2004 non
1560 1962 1661 1996 vo-

149 2035 376 2084 luerunt
414 2031 651 2094 credere,
689 2035 746 2081 et
779 2031 916 2082 socii
949 2031 1058 2080 mei
1082 2045 1151 2080 ac
1176 2035 1494 2082 constantes
1514 2031 1659 2096 peti-

149 2123 348 2169 verunt
396 2116 540 2181 quod
581 2117 783 2168 vellem
827 2117 1070 2166 scribere
1117 2115 1187 2169 ad
1231 2116 1660 2172 dominationem

150 2209 408 2265 vestram,
445 2201 588 2265 quod
611 2201 971 2252 notificaretis
996 2200 1129 2256 mihi
1154 2200 1418 2264 quomodo
1445 2205 1549 2263 est,
1587 2217 1665 2250 an

153 2289 410 2340 debemus
446 2302 644 2352 ponere
681 2285 912 2350 titanos,
949 2301 1022 2335 an
1056 2299 1182 2336 non.
1256 2284 1317 2334 Si
1349 2301 1458 2334 non
1493 2265 1677 2359 debe-'-

151 2389 270 2422 mus
315 2388 544 2437 ponere,
603 2376 735 2422 tunc
786 2386 884 2435 per
935 2371 1095 2420 deum
1138 2369 1367 2420 realiter
1410 2370 1665 2468 vole

152 2473 356 2510 vexare
398 2457 555 2508 illum
601 2472 849 2523 grecum,
897 2460 954 2506 et
996 2455 1245 2506 volumus
1290 2455 1478 2505 facere
1516 2451 1734 2523 quodsi,
1842 2450 1868 2465 '³

154 2542 320 2594 debet
353 2557 558 2607 paucos
606 2540 882 2591 auditores
919 2541 1142 2592 habere.
1211 2540 1331 2605 Ego
1366 2541 1507 2590 bene
1544 2538 1689 2590 vidi’

153 2627 221 2678 de
239 2628 397 2678 vobis
413 2625 640 2692 Coloni-e
658 2627 716 2675 in
739 2625 894 2676 domo
911 2626 1145 2676 Henrici
1162 2625 1419 2687 Quentel,
1441 2622 1663 2686 quando
1742 2627 1753 2686 ἶ,

151 2711 336 2761 fuistis
385 2713 657 2759 corrector
701 2713 756 2758 et
799 2707 1069 2761 debuistis
1106 2709 1379 2774 corrigere
1414 2723 1661 2774 grecum,
