1942 3109
353 242 485 277 vor„
526 244 565 276 1.
640 238 682 277 5.
712 239 945 275 munus
971 236 1473 273 srnuszrznnnu.
1617 220 1680 273 13

890 440 953 500 5.

376 548 729 612 Ioanne's
782 544 1464 610 Straussfederius

637 652 928 701 Ortvino
964 650 1207 703 Gratio

149 772 408 825 Salutem
446 773 743 822 maximam
780 774 836 820 et
870 770 1072 821 multas
1107 771 1286 821 bonas
1321 775 1507 821 noctes
1531 772 1680 821 sieut

148 863 281 907 sunt
316 858 489 925 stelle
525 859 583 909 in
620 857 760 924 cele,
798 860 857 905 et
890 857 1073 920 pisces
1107 857 1165 905 in
1189 857 1342 905 mari.
1413 857 1486 905 Et
1509 857 1674 907 debe-

146 944 219 993 tis
268 944 427 994 seire
474 942 618 1006 quod
664 958 767 1007 ego
814 956 931 991 sum
964 956 1160 1003 sanna,
1205 946 1264 991 et
1297 942 1464 991 etiam
1499 946 1676 993 mater

145 1044 289 1079 mea.
371 1028 447 1075 Et
479 1027 683 1077 vellem
716 1026 955 1077 libenter
989 1028 1158 1075 etiam
1184 1026 1371 1075 taliter
1395 1026 1581 1077 audire
1607 1026 1674 1077 de

145 1114 317 1163 vobis
340 1152 355 1176 ,
391 1112 526 1175 quia
562 1128 665 1177 ego
700 1111 883 1175 cogito
920 1110 1148 1161 cottidie
1186 1111 1254 1159 ad
1291 1112 1469 1161 minus
1503 1112 1674 1163 semel

149 1198 219 1247 de
256 1200 455 1248 vestra
488 1196 878 1247 dominatione.
951 1194 1060 1245 Sed
1083 1210 1204 1244 cum
1229 1194 1460 1245 licentia
1487 1196 1674 1247 audite
1721 1258 1732 1269 ‚

148 1298 322 1333 unum
344 1298 601 1346 magnum
617 1281 958 1343 miraculum,
981 1280 1124 1345 quod
1147 1282 1286 1333 feeit
1308 1281 1399 1331 hie
1418 1297 1557 1332 unus
1575 1298 1672 1333 no-

148 1368 385 1417 bilista:
410 1367 665 1418 diabolus
691 1364 994 1417 confundat
1017 1367 1214 1419 eumin
1239 1368 1510 1434 eternum:
1537 1368 1670 1430 quia

149 1452 568 1503 scandalizavit
610 1451 884 1501 dominum
930 1452 1253 1516 magistrum
1287 1454 1532 1501 nostrum
1565 1452 1668 1501 Pe-

150 1542 292 1589 trum
320 1537 513 1601 Meyer
546 1538 607 1585 iu
640 1552 847 1599 mensa,
883 1536 981 1587 ubi
1015 1536 1236 1586 fuerunt
1271 1536 1432 1586 multi
1465 1536 1668 1587 domini

153 1629 209 1674 et
232 1623 521 1689 nobiliste‚
550 1624 607 1671 et
630 1636 739 1671 non
761 1622 955 1672 habuit
980 1636 1144 1671 unam
1169 1624 1386 1687 guttam
1402 1636 1666 1672 verecun-

150 1709 260 1775 die,
298 1707 396 1757 sed
432 1707 541 1755 fuit
574 1707 655 1755 ita
690 1710 980 1773 pretensus
1005 1705 1150 1769 quod
1175 1722 1275 1771 ego
1300 1706 1482 1756 miror,
1540 1707 1666 1772 Ipse

151 1793 319 1842 dixit:
358 1791 525 1841 ‘Ecce
562 1790 753 1841 doctor
774 1791 1012 1841 Ioannes
1032 1776 1302 1841 Reuchlin
1339 1796 1422 1841 est
1457 1792 1670 1844 doctior

156 1893 318 1941 quam
352 1878 491 1939 vos'‚
538 1880 595 1926 et
627 1875 779 1927 dedit
814 1876 867 1925 ei
898 1891 1065 1925 unum
1101 1875 1290 1940 knipp.
1363 1876 1520 1927 Tunc
1553 1894 1668 1929 ma-

155 1964 330 2026 gister
352 1966 543 2011 noster
564 1962 763 2010 Petrus
786 1960 954 2010 dixit:
993 1959 1127 2025 ‘Ego
1151 1962 1426 2011 mitterem
1449 1963 1666 2015 solvere

158 2047 356 2097 collum
391 2062 572 2096 meum
610 2060 679 2094 an
714 2046 818 2096 hoc
852 2049 939 2097 est
959 2059 1164 2095 verum.
1237 2044 1444 2095 Sancta
1467 2046 1666 2112 Maria,

158 2132 347 2181 doctor
370 2130 645 2181 Reuchlin
681 2134 765 2181 est
792 2131 848 2179 in
873 2128 1156 2194 theologia
1180 2130 1326 2179 sieut
1346 2146 1486 2181 unus
1511 2148 1664 2197 puer,

162 2220 215 2265 et
246 2230 390 2264 unus
425 2230 561 2279 puer
595 2216 721 2279 plus
758 2217 865 2264 scit
899 2215 956 2265 in
979 2214 1261 2280 theologia
1287 2230 1450 2278 quam
1475 2216 1665 2269 doctor

157 2300 457 2360 Reuchlin3
498 2298 705 2349 Sancta
732 2299 931 2358 Maria,
968 2298 1206 2351 credatis
1229 2300 1380 2363 mihi,
1408 2302 1541 2364 quia
1565 2318 1664 2367 ego

159 2386 337 2435 habeo
385 2384 809 2447 experientiam:
866 2389 1052 2433 tamen
1107 2384 1224 2448 ipse
1268 2384 1409 2435 nihil
1453 2387 1561 2436 seit
1606 2388 1664 2435 in

159 2470 319 2519 libris
358 2468 792 2530 Sententiarum3
830 2466 1040 2518 Sancta
1063 2468 1260 2532 Maria,
1298 2470 1407 2523 ista
1429 2472 1664 2521 materia

165 2558 248 2603 est
282 2552 530 2616 subtilia,
568 2558 623 2603 et
658 2553 903 2604 homines
938 2569 1047 2603 non
1083 2557 1312 2617 possunt
1345 2554 1427 2603 ita
1466 2569 1664 2617 capere

166 2638 308 2687 sicut
360 2638 773 2702 grammaticam
825 2634 881 2689 et
930 2637 1220 2702 poetriam.
1299 2637 1416 2699 Ego
1467 2637 1671 2684 vellem

170 2722 335 2771 etiam
366 2721 507 2773 bene
542 2725 709 2787 poeta
747 2736 887 2783 esse,
924 2725 984 2771 et
1019 2718 1217 2768 scirem
1251 2718 1420 2765 etiam
1457 2728 1672 2772 compo-
