1942 3109
253 212 351 264 15⁰
505 227 796 266 sparena
832 227 1200 264 onscvnonvn
1234 228 1503 264 vmonvu.

249 338 450 386 nerunt
483 333 556 383 ad
591 349 714 384 eam
749 333 856 384 duo
890 335 984 385 vel
1018 338 1133 384 tres
1169 333 1401 396 fratres,
1451 337 1507 382 et
1540 334 1775 386 fuerunt

251 434 438 471 omnes
483 419 601 487 lete
645 421 860 486 mente,
913 422 972 468 et
1016 418 1216 468 leviter
1260 419 1473 482 sensati
1520 434 1643 468 cum
1679 437 1774 485 ea,

249 508 306 554 et
349 505 606 554 fecerunt
647 519 862 567 omnes,
909 507 974 553 ut
1014 503 1073 552 in
1119 502 1265 554 festo
1310 500 1502 566 Codri,
1547 503 1778 554 fortiter

246 588 489 643 viriliter
521 603 664 653 rem,
707 590 792 638 ita
837 587 984 652 quod
1026 589 1169 639 bene
1204 591 1466 639 contenta
1498 587 1625 638 fuit.
1696 589 1779 638 Et

249 673 470 739 quando
505 672 626 726 dies
659 674 866 737 factus,
901 672 1049 736 quod
1080 673 1207 737 ipsa
1243 672 1435 724 debuit
1457 671 1529 724 ad
1551 671 1776 724 domum

249 761 349 824 ire,
385 764 522 810 tunc
555 757 882 824 ipse-dixit:
921 757 1089 821 ‘veni,
1128 773 1229 823 ego
1262 757 1393 808 volo
1428 760 1484 808 te
1522 759 1773 810 exterius

247 846 498 908 mittere,
544 844 656 892 iam
699 841 857 894 videt
901 845 958 894 te
1005 844 1200 893 nemo’.
1269 842 1404 907 Ipsa
1439 842 1607 892 dixit:
1655 842 1773 894 ‘Da

246 929 382 978 mihi
404 931 572 979 antea
593 942 773 978 meum
797 927 1063 978 solarium
1085 943 1183 992 pro
1208 931 1266 979 te
1290 931 1348 978 et
1372 928 1517 978 alios
1538 931 1771 978 omnes'.

245 1015 321 1062 Et
355 1013 496 1063 dixit
530 1013 682 1077 ipse:
719 1011 841 1078 ‘ego
875 1027 989 1062 non
1021 1027 1243 1077 possum
1278 1027 1375 1078 pro
1412 1013 1557 1064 alios
1592 1012 1771 1064 dare'.

245 1099 322 1147 Et
363 1099 473 1149 fuit
515 1097 624 1148 hoc
663 1096 754 1148 die
795 1098 1023 1162 plenum
1067 1095 1309 1148 officium
1349 1098 1411 1148 ‚in
1457 1097 1650 1161 choro,
1710 1102 1773 1148 et

245 1185 364 1247 ipse
401 1184 510 1233 fuit
543 1181 848 1247 officiunt,
893 1187 1029 1232 tunc
1074 1183 1317 1246 oportuit
1359 1197 1483 1232 eum
1528 1180 1599 1230 ad
1634 1181 1773 1233 cho-

245 1283 363 1316 rum
397 1267 508 1330 ire,
555 1266 626 1315 ad
659 1265 1037 1331 incipiendum
1072 1269 1129 1316 et
1164 1265 1631 1317 conclaudendum
1667 1267 1775 1317 ho-

245 1366 363 1414 ωε,
409 1353 468 1400 et
509 1350 700 1410 statim
747 1349 818 1400 ad
868 1365 990 1400 eam
1026 1351 1241 1401 revenit
1273 1351 1331 1400 in
1367 1350 1671 1400 dalmatica
1710 1355 1777 1402 et

245 1437 304 1485 in
341 1435 514 1498 albis,
565 1438 622 1485 et
664 1435 775 1486 fuit
820 1435 873 1486 ei
909 1435 1227 1486 amicabilis
1262 1437 1322 1486 in
1356 1439 1579 1501 pectore
1615 1436 1775 1488 inter

243 1519 540 1582 mamillae,
579 1523 636 1569 et
670 1521 729 1569 in
763 1520 970 1585 gremio
998 1520 1217 1585 egregie
1241 1519 1396 1584 lusit,
1432 1523 1489 1570 et
1511 1521 1591 1570 ita
1615 1522 1774 1584 quod

243 1620 304 1656 se
350 1603 491 1656 nihil
541 1603 677 1654 mali
721 1602 792 1654 ad
837 1603 995 1654 illam
1039 1604 1301 1668 providit.
1371 1604 1527 1656 Tunc
1573 1609 1771 1662 custos

243 1689 491 1754 pulsavit
535 1687 608 1738 ad
653 1688 904 1752 chorum,
953 1692 1011 1738 et
1055 1688 1177 1754 ipse
1222 1690 1468 1740 cucurrit
1506 1691 1567 1740 in
1614 1689 1769 1742 albis

241 1775 362 1824 sine
386 1772 597 1824 bracha
621 1773 692 1823 ad
713 1773 1151 1824 interessendum
1175 1772 1397 1825 divinis.
1432 1775 1516 1824 -Et
1540 1777 1768 1840 quando

242 1860 475 1923 revenit,
513 1863 646 1908 tunc
681 1858 785 1908 illa
819 1857 970 1908 mala.
1004 1859 1190 1910 bestia
1225 1859 1377 1910 foras
1411 1861 1539 1912 vias
1561 1861 1771 1927 iverat,

243 1949 298 1995 et
331 1944 578 2009 portavit
609 1958 796 1993 secum
830 1943 1031 1992 bonam
1052 1943 1493 2008 superindusiam
1514 1945 1771 1998 tunicam

244 2045 367 2078 cum
413 2027 634 2078 cucullo
681 2027 750 2079 de
783 2029 930 2079 bono
963 2028 1122 2093 nigro
1156 2043 1359 2094 panno.
1429 2029 1504 2078 Et
1540 2031 1770 2093 quando

243 2113 312 2164 ad
349 2113 565 2164 domum
597 2114 779 2178 venit,
828 2117 962 2164 tunc
1008 2113 1197 2162 statim
1240 2113 1506 2179 perscidit
1540 2115 1599 2165 in
1632 2131 1767 2179 par-

239 2203 352 2262 tes,
391 2202 448 2248 et
479 2213 592 2248 non
625 2198 810 2248 timuit
842 2198 1125 2248 incurrere
1158 2214 1360 2264 penam
1396 2202 1772 2252 excommuni-

241 2283 498 2346 cationiS,
536 2281 678 2346 quod
713 2283 1101 2334 vestimentum
1138 2289 1521 2336 consecratum
1546 2284 1765 2338 destru—

184 2394 189 2399 ·
238 2370 336 2418 xit.
407 2369 552 2418 Vere
597 2367 678 2417 ibi
721 2367 1007 2432 impletum
1054 2371 1139 2418 est
1192 2368 1358 2419 illud:
1420 2367 1771 2422 ‘Diviserunt

239 2453 349 2504 sibi
401 2453 737 2504 vestimenta
791 2453 953 2504 mea’.
1024 2452 1099 2502 Et
1142 2456 1273 2502 sunt
1318 2453 1541 2518 quidam
1584 2455 1769 2507 zelosi

238 2538 471 2600 fratres,
521 2537 618 2600 qui
663 2537 882 2601 dicunt,
930 2537 1077 2600 quod
1110 2537 1215 2588 illa
1246 2538 1398 2589 mala
1433 2539 1615 2590 bestia
1660 2539 1761 2590 de-

238 2622 336 2672 bet
370 2623 652 2674 invenisse
696 2624 754 2673 in
799 2621 1121 2688 lyripipiolo
1166 2623 1385 2673 cucullo
1422 2623 1759 2686 quatuorde—

241 2708 346 2758 cim
383 2711 701 2771 coronatos,
747 2705 893 2772 quod
941 2705 1080 2771 (heu
1112 2706 1285 2772 proch
1318 2704 1502 2772 dolor)
1540 2723 1761 2774 semper
