1942 3109
234 220 332 280 ¹62
367 233 746 276 282821001111
760 234 999 275 onnus.
1014 235 1233 274 ΟΟΗῙἛΔ
1244 235 1448 272 DUOB-
1462 235 1517 271 0.
1527 235 1585 270 V.
1598 235 1732 272 Etr.

235 345 390 416 Sunt⁸
411 346 556 396 enim
595 357 812 412 camere
857 343 1167 409 imperialis
1210 340 1425 392 iudices
1474 355 1547 390 ac
1600 343 1779 392 ceteri

234 430 459 484 tandem
495 445 806 482 assessores
841 430 924 480 ita
957 428 1123 491 iusti,
1160 428 1242 478 ita
1268 427 1436 476 etiam
1462 430 1523 475 et
1546 427 1781 492 sapien-

238 520 324 568 tes
362 520 420 566 et
452 515 586 566 boni
608 515 860 579 Itemque
885 511 1101 564 fiscalis
1138 513 1259 578 ipse
1298 515 1413 560 tam
1448 511 1511 560 in
1550 513 1779 562 cunctis

237 601 412 652 solers
461 615 526 650 ac
568 601 722 665 pius,
767 603 830 649 ut
872 613 1231 664 personarum
1278 598 1616 660 acceptores
1654 613 1779 648 esse

240 701 352 738 non
387 685 606 751 possint
627 699 808 748 neque
835 685 1003 734 etiam
1026 683 1223 734 velint.
1286 683 1653 746 Quapropter
1676 698 1775 747 ego

243 770 464 822 eosdem
506 769 790 820 humiliter
833 768 1099 834 deprecor
1144 767 1202 817 in
1248 765 1471 816 Christo
1508 766 1675 831 Iesu,
1716 769 1775 816 ut

241 856 377 906 mihi
419 854 651 905 infinitis
708 852 1107 917 quodammodo
1162 851 1491 904 vulneribus
1548 851 1777 917 indigne

245 939 506 990 confosso
541 943 598 990 et
631 939 701 990 ob
741 937 983 1006 ecclesie
1018 939 1282 988 honorem
1326 938 1579 1002 graviter
1626 937 1777 987 labo-

242 1026 394 1076 ranti
427 1025 520 1091 pie
557 1025 994 1089 compatiantur,
1034 1038 1102 1072 ac
1136 1023 1436 1074 veritatem
1470 1022 1657 1086 ipsam
1680 1036 1783 1087 pro

245 1127 332 1160 me
369 1113 562 1160 contra
595 1113 816 1160 nostros
853 1107 1207 1158 adversarios
1252 1106 1508 1157 districto
1550 1106 1781 1172 iusticie

247 1195 436 1260 gladio
472 1193 765 1246 defensent
799 1197 857 1244 et
891 1193 1087 1260 previa
1122 1207 1340 1257 semper
1378 1192 1617 1242 aliorum
1646 1205 1781 1254 pro-

247 1282 544 1332 vocatione
589 1278 949 1344 respondenti
1004 1293 1073 1328 ac
1125 1281 1332 1328 temere
1386 1275 1531 1326 nihil
1588 1277 1789 1340 agenti

249 1381 472 1430 prorsus
513 1366 828 1430 ignoscant.
901 1353 954 1413 ([
1000 1363 1269 1430 Preterea
1315 1361 1419 1412 hoc
1464 1362 1653 1425 ipsum
1690 1361 1785 1411 ad-

253 1451 443 1500 iiciam
488 1448 572 1498 Eo
617 1451 864 1512 tempore
901 1462 1009 1511 quo
1046 1461 1213 1512 super
1246 1449 1549 1496 memorato
1588 1445 1785 1497 libello

251 1533 458 1584 iniuste
504 1534 804 1582 accusatus
849 1545 1057 1596 essem,
1104 1532 1391 1596 profectus
1436 1545 1558 1581 sum
1612 1531 1787 1582 conti-

254 1632 362 1668 nuo
411 1612 570 1681 (quia
613 1615 696 1666 nil
751 1616 1004 1666 conscire
1059 1617 1196 1680 sibi,
1254 1615 1411 1666 nulla
1468 1615 1788 1680 pallescere

258 1701 450 1767 culpa)
497 1701 568 1752 ad
623 1702 1037 1752 serenissimum
1090 1705 1338 1752 nostrum
1392 1701 1793 1766 imperatorem

257 1804 381 1840 cum
422 1788 628 1840 litteris
670 1786 1155 1853 promotorialibus
1210 1785 1432 1853 ducisse
1478 1785 1545 1836 de
1592 1784 1795 1851 Mony-

124 1872 296 1940 5115in
307 1874 448 1924 chen
471 1888 657 1924 sorore
681 1872 856 1937 ipsius
881 1871 1231 1923 nobilissima
1257 1874 1313 1921 et
1336 1868 1604 1935 opltima,
1637 1871 1801 1922 Inter

260 1957 598 2025 pergendum
635 1962 818 2010 autem
853 1957 1058 2023 scripsi
1090 1955 1339 2023 Auguste
1374 1969 1517 2006 unas
1563 1955 1799 2007 litteras

262 2059 402 2109 quas
437 2044 756 2097 adversario
791 2059 914 2093 meo
949 2046 1050 2093 aut
1080 2042 1265 2106 potius
1290 2041 1348 2090 in
1372 2039 1602 2091 Christo
1628 2041 1797 2092 fratri

261 2129 592 2180 tabellarius
629 2127 950 2194 Stutgardie
984 2128 1355 2195 presentaret,
1390 2128 1453 2174 ut
1486 2125 1538 2174 si
1578 2124 1805 2191 aliquid

233 2207 249 2240 ³
263 2214 402 2264 iuris
439 2215 634 2261 contra
669 2226 754 2262 me
791 2210 1051 2274 haberet,
1090 2215 1189 2260 aut
1224 2211 1273 2261 si
1308 2209 1639 2261 tormentali
1672 2227 1803 2264 mea

269 2311 540 2364 campana
577 2295 778 2348 aliisve
811 2295 948 2346 meis
986 2295 1210 2360 scriptis
1247 2294 1470 2360 indigne
1508 2294 1669 2362 lesus
1718 2297 1807 2348 vi·

266 2382 512 2447 deretur,
559 2397 644 2434 me
687 2379 1009 2446 neophitum
1054 2384 1111 2430 et
1156 2380 1361 2432 Christi
1403 2383 1665 2444 tyronem
1712 2380 1810 2433 vel

270 2482 456 2525 coram
493 2465 736 2533 Cesarea
771 2466 1072 2518 Maiestate
1116 2464 1209 2518 vel
1253 2463 1602 2518 consiliariis
1650 2467 1807 2520 eius·

271 2550 394 2600 dem
441 2551 1019 2615 circumspectissimis
1065 2555 1233 2614 atque
1278 2550 1503 2614 optimis
1558 2551 1807 2602 iuridice

275 2634 612 2682 conveniret.
682 2636 887 2685 Verum
933 2634 1219 2698 Capnione
1264 2637 1453 2683 nostro
1494 2634 1646 2686 illuc
1694 2653 1809 2686 nou

272 2717 557 2779 veniente,
595 2732 698 2766 nec
732 2717 828 2767 via
861 2719 999 2768 iuris
1022 2719 1319 2780 quicquam
1344 2732 1429 2766 me
1454 2722 1661 2769 contra
1688 2726 1813 2773 sta·
