1942 3109
272 171 369 225 180
405 185 784 224 rarsnxconm
809 185 1048 224 narnus.
1070 185 1289 223 con-rm
1314 185 1525 222 nuos.
1542 189 1599 223 0.
1616 189 1682 224 v.
1702 191 1835 228 arr.

133 344 250 412 (tu)
400 345 785 412 Responsio
823 344 904 394 ad
929 347 1391 410 argumentum
1418 359 1690 409 quorun—

403 430 528 482 dam
564 429 1015 481 contendentium
1050 429 1366 480 Ioannem
1400 430 1689 483 Reueh-

406 517 505 566 lin
541 531 669 566 non
707 516 1174 581 composuisse
1202 513 1687 567 obscurorum

406 601 700 652 virorum
756 599 1127 667 epistolas,
1188 598 1333 664 quod
1390 599 1541 650 licet
1592 602 1685 652 ita

407 690 584 752 esset,
617 685 758 736 nihil
791 689 978 736 tamen
1004 683 1075 736 ad
1099 699 1212 735 rem
1236 684 1426 734 facere
1453 689 1677 750 potest.

375 798 429 857 ί
466 807 514 856 Ο
537 805 860 856 beatissime
885 807 1075 869 pater,
1114 804 1161 854 Ο
1186 803 1656 857 reverendissimi
1678 805 1805 856 Car—

271 891 488 946 dinales
504 928 518 955 ,
579 889 627 941 Ο
683 889 1145 940 christianissime
1198 892 1369 952 atque
1430 890 1809 942 invictissime

271 979 603 1043 Imperator,
639 975 880 1040 possetis
917 973 1140 1038 quidem
1174 973 1421 1024 obiicere
1458 975 1602 1026 mihi
1650 993 1815 1027 servo

271 1063 510 1115 omnium
541 1063 732 1112 vestro
801 1057 941 1111 ‘Non
978 1062 1064 1110 est
1114 1058 1257 1122 quod
1290 1058 1494 1109 Ioanni
1527 1059 1817 1112 Reuchlin

271 1149 520 1214 imponas
557 1143 904 1196 execrabiles
929 1143 1301 1194 obscurorum
1323 1143 1568 1195 virorum
1592 1145 1814 1210 episto-

272 1234 378 1285 las.
461 1230 783 1297 indignatur
825 1229 1013 1294 potius
1054 1227 1187 1278 illas
1234 1242 1357 1278 esse
1402 1228 1591 1280 editas
1640 1244 1813 1294 quam

273 1319 578 1385 glorietur’.
625 1313 956 1380 Respondeo
999 1313 1265 1364 Ioannem
1306 1312 1591 1364 Reuchlin
1646 1315 1813 1382 longe

273 1403 552 1454 deteriora
587 1400 674 1451 his
711 1400 936 1450 fecisse.
996 1399 1183 1450 Primo
1218 1398 1391 1464 igitur
1426 1399 1477 1448 si
1510 1415 1605 1451 me
1642 1401 1811 1452 tradi-

274 1489 356 1538 dit
378 1499 546 1551 supra
567 1484 760 1533 datam
793 1481 952 1534 fidem
986 1487 1170 1534 stante
1206 1486 1398 1534 nostra
1436 1484 1715 1549 amicitia,
1752 1491 1810 1535 ut

276 1585 442 1637 supra
477 1569 771 1635 probatum
807 1572 920 1632 est,
961 1572 1019 1619 et
1053 1569 1277 1620 litteras
1312 1569 1447 1636 Urie
1484 1585 1579 1621 me
1618 1573 1811 1638 postea

279 1656 349 1708 ad
369 1653 670 1724 cesaream
685 1652 1042 1705 Maiestatem
1062 1655 1218 1704 iussu
1238 1653 1647 1721 archipresulis
1672 1659 1815 1708 ferre

279 1741 553 1810 oportuit,
591 1755 702 1791 non
735 1739 958 1802 mirum,
996 1740 1045 1790 si
1068 1743 1315 1804 tempore
1337 1753 1489 1789 nunc
1511 1740 1817 1810 inimicitie

278 1828 426 1880 tales
459 1828 682 1878 litteras
716 1823 1157 1896 ipseeffuderit.
1234 1815 1287 1874 (I
1322 1822 1607 1876 Secundo.
1670 1829 1727 1879 si
1768 1830 1821 1880 in

279 1929 383 1966 sua
431 1907 841 1962 consultatione
887 1907 1013 1972 plus
1049 1923 1216 1972 quam
1250 1910 1499 1974 oportuit
1534 1915 1601 1961 et
1638 1915 1817 1965 eurio-

279 2016 346 2051 sa
383 2001 442 2050 et
475 1997 720 2064 prolixa,
760 2009 925 2046 ausus
963 1995 1075 2045 fuit
1106 1995 1209 2046 sub
1245 1995 1393 2045 bona
1426 1992 1533 2045 fide
1564 1999 1819 2051 scribere

281 2085 457 2136 multa
501 2081 794 2133 mendacia
843 2080 1195 2130 serenissimo
1239 2081 1427 2130 nostro
1480 2081 1819 2148 imperatori

281 2171 340 2219 in
375 2169 626 2218 favorem
661 2164 952 2230 Iudeorum
990 2167 1189 2216 contra
1214 2164 1593 2228 Christianos,
1634 2172 1700 2218 et
1732 2169 1819 2220 de·

282 2251 410 2302 inde
445 2251 614 2316 longe
653 2248 816 2313 plura
863 2248 922 2298 in
967 2249 1274 2318 execrabili
1316 2264 1418 2300 sua
1462 2248 1819 2314 defensione,

285 2337 508 2388 minime
543 2335 798 2399 dubium,
835 2334 970 2399 quin
1006 2334 1175 2384 etiam
1210 2336 1303 2400 pie
1340 2333 1493 2385 credi
1516 2341 1717 2399 possit
1738 2340 1817 2390 Io-

283 2438 482 2474 annem
514 2421 788 2474 Reuchlin
828 2420 922 2471 vel
964 2435 1064 2485 per
1110 2434 1171 2469 se
1204 2420 1298 2471 vel
1332 2435 1430 2484 per
1464 2435 1603 2471 suos
1638 2423 1817 2489 impu-

284 2507 479 2557 denter
501 2505 636 2555 illas
661 2505 938 2569 expuisse.
1003 2495 1056 2554 (I
1091 2503 1279 2554 Tertio
1314 2517 1413 2568 per
1446 2505 1615 2570 signa
1652 2522 1815 2574 argu·

285 2588 600 2641 mentabor:
671 2589 738 2638 In
803 2588 1022 2640 oculari
1080 2585 1225 2638 enim
1282 2586 1510 2652 speculo
1570 2589 1816 2642 Ioannes

285 2672 562 2725 Reuchlin
597 2676 883 2736 comparat
916 2671 1319 2725 humanitatem
1344 2670 1555 2723 Christi
1596 2673 1821 2727 habitui
