1942 3109
352 248 411 292 58.
437 253 552 289 1011.
578 252 983 291 ecnnuu’rzxcx.
1032 245 1098 291 54.
1116 253 1288 290 wnm.
1311 254 1531 291 nmcor.
1590 236 1691 291 325

193 358 424 424 Quando
479 358 707 411 haberet
763 359 1095 409 sententiam
1158 362 1349 409 eontra
1402 358 1689 425 Reuchlin,

192 450 326 495 tune
372 444 555 494 statim
598 443 773 494 vellet
805 444 962 494 illum
998 444 1275 495 doctorem
1311 442 1375 494 de
1412 444 1575 495 Wiek
1612 445 1689 509 ei-

191 536 314 580 tare
355 533 409 581 et
443 527 723 579 declarare
761 544 880 579 eum
914 528 1247 595 hereticum:
1292 528 1423 593 quia
1468 544 1537 579 ex
1567 543 1690 580 ver-

189 616 280 667 bis
329 615 449 665 eius
500 613 718 679 collegit
763 613 977 679 aliquos
1024 614 1287 664 articulos
1340 613 1690 679 hereticalea.

195 698 304 750 Sed
339 714 484 749 nune
523 701 601 747 est
637 696 803 748 aliud.
861 700 935 749 Et
972 698 1212 750 credatis
1248 698 1382 748 mihi
1417 695 1561 762 quod
1584 712 1692 748 non

189 786 333 835 bene
371 787 484 833 stat
526 783 828 847 negocium:
875 784 1009 847 quia
1050 799 1195 833 nune
1240 798 1453 849 semper
1496 785 1624 833 sunt
1656 796 1693 831 x

189 870 443 919 fautores
486 866 736 917 Iohannis
779 867 1073 931 Reuehlin‚
1130 869 1227 919 ubi
1269 883 1379 919 non
1424 872 1509 918 eet
1550 882 1690 917 unua

189 951 602 1017 Theologorum.
675 954 730 1002 et
774 950 991 1015 quando
1035 952 1145 1001 fuit
1188 958 1312 1017 post
1355 952 1690 1016 disputatum

194 1053 231 1086 a
255 1035 546 1101 Theologis
563 1038 837 1098 votatum,
873 1038 1009 1084 tune
1044 1036 1270 1085 fuerunt
1304 1050 1453 1085 xvm
1480 1036 1575 1099 qui
1595 1050 1691 1085 vo·

190 1125 454 1173 taverunt
475 1137 565 1186 pro
587 1120 860 1172 Reuehlin
887 1123 943 1171 et
966 1118 1144 1171 solum
1167 1124 1377 1185 septem
1400 1134 1497 1184 pro
1516 1118 1691 1169 Theo-

189 1207 355 1272 logiS.
412 1207 486 1255 Et
521 1205 584 1256 ad
617 1205 724 1255 hue
757 1203 846 1254 illi
880 1209 1091 1270 septem
1124 1220 1235 1255 non
1269 1204 1526 1255 dixerunt
1549 1202 1694 1267 quod

190 1291 420 1342 deberet
465 1290 695 1341 comburi
740 1288 1035 1354 Speculum
1084 1289 1351 1353 Oculare,
1410 1288 1505 1339 sed
1551 1287 1692 1338 limi-

190 1380 452 1427 taverunt
495 1376 661 1427 verba
706 1390 823 1425 sua.
903 1376 1050 1440 Ergo
1096 1390 1204 1425 non
1258 1374 1437 1425 habeo
1489 1374 1692 1425 bonam

191 1462 541 1525 sperantiam.
609 1461 720 1510 Vos
765 1458 977 1511 debetis
1014 1460 1195 1510 omnia
1229 1460 1418 1509 facere
1456 1472 1561 1524 que
1597 1474 1690 1523 po-

189 1547 352 1596 testis
409 1544 546 1610 quod
596 1546 858 1595 moriatur
912 1545 1009 1595 ille
1059 1544 1335 1596 Iohannes
1391 1544 1459 1595 de
1504 1543 1688 1608 Wick‚

191 1632 325 1696 quia
361 1632 482 1695 ipse
519 1633 598 1680 est
633 1644 800 1680 causa
837 1630 981 1694 quod
1002 1630 1272 1681 Reuehlin
1306 1630 1451 1680 bene
1486 1632 1600 1679 stat
1635 1632 1691 1677 et

189 1714 465 1779 Theologi
497 1715 650 1764 male.
719 1714 790 1763 Et
825 1715 934 1763 nisi
969 1714 1088 1778 ipse
1125 1715 1352 1778 fuisset,
1396 1713 1538 1763 talia
1580 1727 1689 1763 non

189 1801 436 1850 fuissent
479 1802 805 1864 perpetrata.
885 1798 958 1847 Et
1002 1800 1083 1849 sie
1132 1799 1293 1849 eredo
1351 1797 1494 1863 quod
1546 1798 1685 1848 bene

189 1882 448 1946 expedivi
481 1898 563 1933 me
597 1882 878 1933 scribendo
917 1882 1060 1947 quod
1093 1887 1289 1947 postea
1322 1899 1431 1933 non
1455 1884 1687 1947 potestis

186 1966 328 2019 mihi
350 1968 586 2019 scribere
610 1967 746 2017 talia
768 1967 1067 2031 vituperia.
1128 1968 1273 2033 Ergo
1297 1968 1515 2019 Valete.
1546 1967 1687 2021 ,Da-

184 2058 304 2103 tum
337 2052 578 2118 Romane
615 2052 790 2118 Curiq.

889 2304 974 2357 54.
1214 2350 1219 2356 .

497 2424 547 2483 11
590 2418 1057 2487 Wilhelmue
1102 2422 1379 2485 Brieot

457 2526 784 2592 Magistro
831 2525 1115 2575 Ortvino
1161 2523 1417 2574 Gratio.

292 2647 436 2709 Quia
481 2661 693 2712 semper
733 2643 920 2711 petitis
963 2644 1105 2704 quod
1144 2643 1271 2694 volo
1323 2642 1485 2694 vobis
1540 2658 1685 2694 nova

189 2732 465 2796 seribere,
515 2735 571 2781 et
615 2744 714 2795 ego
758 2732 942 2777 tamen
976 2740 1106 2789 sepe
1143 2726 1322 2776 scribo
1357 2725 1543 2787 vobis,
1589 2724 1686 2774 sed
