1942 3109
67 261 550 308 nAuzm-urons
587 259 892 298 essenon.
917 257 1227 300 unvanus.
1251 259 1429 295 novar.
1494 243 1597 294 275

69 368 372 433 intelligis.
441 366 608 416 Hunc
655 365 823 416 etiam
863 364 1049 416 locum
1094 368 1285 416 noster
1320 377 1599 430 exponens

75 453 442 510 Ollilambius
477 451 666 503 divino
701 449 946 518 preditus
984 451 1234 516 ingenio,
1270 449 1413 500 libro
1451 463 1598 498 .xxv.

71 545 146 595 de
195 542 397 588 natura
439 537 769 587 rusticorum
811 540 868 586 et
909 535 1245 586 nebulonum
1289 549 1358 584 ac
1393 531 1602 600 pseudo

74 623 512 678 christianorum
545 621 830 686 vafricii8‚
863 620 989 672 vult
1023 635 1123 686 per
1157 618 1485 670 coridonem
1522 615 1603 682 (id
1632 605 1636 608 ⁴

75 707 234 778 quod
279 707 734 760 commentatores
776 703 835 757 in
879 705 1027 756 hunc
1060 719 1235 768 usque
1258 703 1415 754 'diem
1450 703 1605 769 igno-

69 793 300 857 rarunt)
353 795 668 846 umbrosum
723 793 908 860 Diane
965 789 1213 854 intelligi
1264 792 1604 853 venatorem,

73 883 184 948 qui
239 881 300 928 in
341 877 556 940 Cyntho
617 883 674 928 et
725 878 1027 940 Helicone,
1087 875 1267 926 sacris
1323 873 1607 924 Musarum

73 961 382 1026 montibus,
421 962 578 1011 albos
603 959 800 1012 volens
827 959 1117 1011 cuniculos
1155 973 1372 1024 capere,
1412 971 1606 1009 corvos

76 1065 155 1102 ac
205 1047 594 1110 nycticoraces
643 1047 808 1111 cepit.
889 1047 1009 1113 Que
1052 1059 1141 1096 res
1186 1057 1351 1108 quam
1394 1045 1469 1093 sit
1524 1044 1608 1092 iu-

75 1129 294 1186 eunda’
319 1130 536 1196 auditu,
605 1145 764 1182 nemo
811 1145 1033 1196 prorsus
1078 1129 1377 1195 ignorabit.
1436 1129 1609 1192 Qua-

72 1221 312 1288 propter
345 1221 400 1266 te
439 1231 534 1267 oro
571 1219 739 1279 atque
777 1213 1024 1279 obsecro,
1059 1218 1124 1264 ut
1158 1229 1251 1281 ero
1288 1213 1457 1264 etiam
1495 1213 1609 1263 cal-

75 1305 328 1366 chotypo
371 1299 612 1366 imprimi
667 1303 916 1350 actutum
940 1299 1172 1363 ‘faeias‚
1230 1313 1299 1348 ne
1359 1302 1472 1350 tam
1514 1313 1611 1348 ne-

75 1386 340 1440 cessaria
387 1388 612 1450 cognitu
659 1388 874 1435 ceteros
898 1385 1108 1452 nostre·
1151 1383 1317 1434 sortis
1361 1383 1612 1434 homines

69 1474 428 1542 pretereant.
487 1469 627 1521 Nam
663 1468 911 1534 arg-ntuli
946 1469 1187 1534 quidam,
1224 1481 1491 1520 novarum
1525 1482 1613 1517 re-

71 1571 205 1609 rum
232 1551 671 1623 (que²nusquam
705 1553 856 1621 sunt)
889 1554 1268 1621 indagatores,
1303 1553 1431 1604 dum
1466 1565 1613 1604 nova

75 1639 294 1694 cudere
327 1640 651 1703 posteritati
684 1644 999 1708 satagunt,·
1026 1641 1085 1690 in
1130 1639 1319 1690 aliena
1349 1639 1518 1688 nimis
1556 1641 1613 1687 et

71 1723 285 1778 futilia.
317 1719 652 1773 dilabuntur.
719 1725 860 1775 Vale
895 1725 1150 1790 Delphis.
1188 1741 1257 1774 ex
1288 1721 1614 1774 Phebadum

73 1803 364 1873 spelunca
401 1805 764 1855 sacerdotum.
823 1809 902 1858 Te
937 1809 1233 1872 plurimum
1270 1807 1484 1858 salutat
1516 1823 1612 1856 no-

73 1897 209 1946 stra
249 1885 558 1952 Calliopea.
629 1888 836 1940 Iterum
867 1891 1015 1946 vale.

831 2107 882 2160 6.

451 2193 503 2256 «1
547 2188 897 2258 Coridon
941 2192 1251 2260 Luscus

528 2298 824 2350 Nicolao
859 2299 1187 2365 Loripedi

710 2383 784 2438 ,8.
820 2384 886 2436 P.
921 2385 993 2436 D.

190 2484 336 2538 Sunt
382 2484 666 2551 complura
709 2489 770 2538 in
821 2492 1071 2540 nostrum
1124 2487 1409 2540 Maronem
1466 2502 1611 2540 com-

69 2571 385 2637 mentaria,
422 2571 552 2622 sunt
585 2571 787 2622 infiniti
821 2589 920 2639 per
955 2577 1132 2626 totum
1167 2589 1308 2642 pene
1344 2579 1615 2627 terrarum

71 2657 278 2710 orbem
322 2657 687 2724 interpretes,
737 2662 796 2708 at
839 2673 999 2710 nemo
1044 2660 1203 2710 illum
1246 2660 1411 2725 plene
1448 2662 1616 2712 intel-

67 2743 247 2807 liget,
273 2735 298 2806 ΙΙ
319 2743 430 2793 nisi
453 2748 510 2794 et
531 2757 678 2797 nova
699 2743 1069 2797 obscurorum
1082 2745 1608 2812 Reuchlinistarum,
1628 2743 1751 2810 ciijb

1204 2829 1311 2881 18*
