1942 3109
234 224 334 277 362
415 242 708 277 nmsronm
736 243 1102 278 onscvnonvu
1127 243 1381 278 vmonvu
1406 242 1585 277 nown.

235 345 477 396 Christi?
515 346 575 397 Si
614 346 868 410 creditis,
907 347 1125 410 quando
1163 362 1291 412 ergo
1316 350 1609 411 postquam
1632 346 1754 397 mis-

235 446 354 480 sam
399 431 618 496 legistis
669 429 739 494 (si
774 432 975 481 saltem
1012 432 1069 480 in
1108 448 1252 483 anno
1276 432 1459 482 -semel
1496 432 1754 497 legistis),

236 516 428 565 statim
464 515 685 578 quando
721 515 791 565 ad
839 516 1055 566 domum
1100 517 1299 566 iterum
1341 516 1581 580 vaditiS,
1630 532 1755 567 eon-

238 601 443 651 cubina
487 605 676 651 vestra
722 600 933 651 habens
980 616 1158 651 mores
1204 604 1261 651 et
1293 602 1607 665 inspectum
1643 602 1760 651 acsi

239 688 388 734 esset
432 700 544 733 una
587 686 877 749 meretrix,
929 686 1221 737 vobiscum
1262 686 1321 734 in
1367 685 1524 735 domo
1561 686 1655 736 vel
1702 686 1757 735 in

237 784 427 819 mensa
462 768 552 819 vel
589 770 648 819 in
697 786 918 820 camera
969 766 1078 835 [est
1122 770 1346 833 hilaris,
1394 769 1562 833 ludit,
1610 772 1757 821 ioca-

237 858 354 917 tur,
394 857 450 903 et
487 852 682 903 taliter
715 855 960 918 qualiter
996 854 1137 904 facit
1162 851 1331 919 etc.]?
1368 854 1573 904 dicatis
1599 855 1757 904 nobis

237 940 287 987 si
326 938 551 989 creditis
589 938 728 989 adeo
774 954 1035 1005 magnum
1080 953 1205 989 esse
1247 939 1518 1002 fructum,
1564 944 1620 989 et
1663 940 1757 1002 qui

237 1022 340 1073 deo
385 1023 604 1089 placet,
652 1040 720 1074 ex
766 1025 964 1087 missa,
1012 1025 1159 1073 sieut
1202 1024 1260 1072 in
1294 1022 1669 1073 decretalibus
1706 1027 1763 1074 et

237 1109 294 1157 in
344 1108 684 1158 tractatibus
738 1109 1141 1173 Theologorum
1194 1111 1339 1157 stat:
1394 1110 1577 1170 Quare
1630 1124 1762 1173 ergo

236 1208 335 1243 vos
371 1192 595 1243 habetis
631 1197 718 1243 tot
750 1191 1053 1256 beneficia,
1101 1205 1208 1258 que
1253 1197 1482 1257 possent
1517 1193 1763 1256 quinque

241 1282 340 1327 aut
374 1292 471 1328 sex
507 1276 734 1328 devotos
771 1276 1089 1327 sacerdotes
1125 1280 1439 1325 sustentare
1466 1276 1563 1339 qui
1585 1276 1764 1326 liben-

239 1365 325 1411 ter
359 1362 612 1426 legerent
645 1362 875 1424 missas,
923 1362 1020 1424 qui
1052 1360 1255 1410 libenti
1292 1362 1474 1410 animo
1511 1361 1768 1410 facerent

242 1445 657 1512 predicationes
683 1445 754 1495 ad
777 1445 1042 1509 populum
1068 1449 1126 1495 et
1149 1444 1217 1494 ad
1245 1444 1479 1508 elerum,
1519 1446 1617 1508 qui
1640 1462 1767 1510 pos-

245 1532 371 1578 sent
395 1528 527 1579 dare
557 1529 791 1579 consilia
815 1545 912 1594 pro
939 1530 1144 1581 honore
1171 1528 1286 1594 dei,
1323 1545 1423 1594 pro
1448 1528 1768 1580 salvatione

244 1614 576 1677 animarum,
613 1628 712 1678 pro
737 1614 1003 1665 libertate
1029 1614 1450 1677 ecelesiastica,
1490 1615 1769 1679 corrigere

242 1699 405 1764 vitia,
443 1702 499 1749 et
534 1697 748 1748 vellent
781 1713 981 1763 rogare
1017 1697 1177 1749 deum
1212 1714 1310 1761 pro
1345 1698 1563 1748 domino
1588 1698 1769 1763 Papa,

243 1798 339 1847 pro
364 1782 543 1847 Rege,
581 1797 677 1846 pro
702 1782 996 1848 Episcopis
1030 1787 1086 1833 et
1120 1798 1219 1847 pro
1245 1782 1373 1831 aliis
1401 1780 1774 1848 ChristicoliS,

243 1882 340 1932 pro
365 1881 506 1932 paee
535 1870 590 1917 et
625 1867 899 1931 sanitate,
937 1870 1087 1917 sicut
1121 1871 1237 1917 stat
1271 1868 1329 1916 in
1366 1867 1677 1931 tranquilla
1714 1873 1777 1918 et

244 1952 436 2003 silenti
483 1952 654 2002 missa
705 1956 832 2017 post
886 1952 1125 2003 Sanctus
1180 1955 1237 2002 et
1289 1956 1415 2016 post
1467 1952 1545 2002 Te
1601 1952 1777 2017 igitur

245 2036 674 2088 clementissime
709 2039 906 2102 pater?
954 2038 1015 2087 Si
1052 2036 1279 2087 creditis
1314 2039 1531 2085 tantum
1565 2037 1775 2087 bonum

243 2123 436 2173 venire
461 2138 529 2171 ex
554 2123 724 2171 missa
747 2137 846 2187 pro
870 2122 1016 2172 vivis
1044 2126 1215 2185 atque
1246 2120 1528 2170 defunc-tis
1544 2158 1557 2185 ,
1595 2135 1777 2183 quare

244 2221 355 2255 non
392 2205 709 2270 supi-adatis
745 2204 850 2254 illa
887 2220 997 2272 que
1031 2205 1253 2255 habetis
1288 2206 1347 2253 in
1382 2205 1679 2269 superfluO,
1718 2208 1780 2255 et

249 2290 531 2340 dimittitis
569 2289 702 2339 aliis
737 2289 898 2339 bonis
933 2288 1151 2341 devotis
1189 2292 1247 2339 et
1281 2287 1460 2338 doctis
1495 2288 1662 2353 viris,
1709 2293 1781 2338 ut

246 2374 378 2425 deus
416 2373 613 2424 exinde
650 2374 1129 2441 preconisoeretur
1164 2376 1222 2424 et
1257 2373 1439 2439 anime
1467 2388 1653 2423 eorum
1680 2374 1783 2435 qui

246 2462 591 2511 mortuorunt
628 2459 792 2507 eitius
819 2474 886 2509 ex
909 2458 1177 2523 purganti
1199 2458 1328 2522 igne
1354 2456 1779 2519 redimerentur,

250 2546 308 2593 et
343 2542 476 2592 deus
511 2543 672 2592 nobis
711 2542 1086 2593 amicabiliter
1121 2542 1379 2607 placatus
1416 2556 1525 2591 non
1563 2542 1648 2591 sie
1670 2542 1778 2591 im-

246 2628 494 2679 mitteret
517 2627 679 2677 nobis
704 2625 956 2677 deorsum
982 2626 1269 2692 pustulas,
1310 2629 1365 2676 et
1388 2640 1497 2675 non
1528 2626 1612 2675 sie
1647 2640 1781 2690 per-

250 2716 465 2763 cuteret
501 2711 660 2761 nobis
697 2712 886 2762 vinum
924 2716 983 2762 et
1016 2710 1185 2776 plada
1222 2726 1320 2775 per
1356 2710 1681 2775 grandinem
1720 2716 1785 2760 et
