1942 3109
280 240 377 292 198
450 255 737 293 amarent,-
762 255 1128 293 onsevnonvn
1151 255 1404 292 vmonvu
1427 256 1603 294 nove..

991 445 1071 497 10.

344 562 727 649 Magister
768 561 1057 628 Noster
1097 560 1705 644 Bartholomeus

847 665 1197 731 Kuokuk

690 770 1026 836 Magistro
1063 769 1350 824 Ortvino

274 889 495 940 Salutes
538 888 969 941 innumerabiles
1019 905 1140 940 eum
1175 904 1382 940 summa
1418 889 1768 942 veneratione

272 991 307 1024 a
340 980 497 1041 parte
536 979 680 1026 ante.
751 975 1103 1028 Venerabilis
1137 974 1434 1039 Magister,
1479 988 1590 1023 non
1623 974 1769 1024 facto

269 1061 618 1130 preambulo,
666 1065 763 1111 aut
806 1061 978 1110 multo
1017 1060 1250 1110 circuitu
1283 1060 1574 1110 verborum
1607 1058 1767 1109 habe-

271 1147 343 1196 tis
390 1147 532 1197 seire
579 1149 726 1197 sicut
768 1161 945 1212 nuper
989 1145 1291 1210 scripsistis
1335 1144 1470 1194 mihi
1505 1143 1648 1208 quod
1681 1143 1772 1194 de·

267 1231 453 1280 berem
508 1231 665 1281 vobis
723 1230 1007 1281 notificare
1067 1229 1309 1293 qualiter
1375 1229 1661 1294 negocium
1718 1230 1776 1279 in

270 1329 440 1366 eausa
484 1313 613 1364 fidei
668 1317 783 1364 stat
824 1315 943 1364 hic:
999 1314 1193 1364 sciatis
1250 1313 1393 1378 quod
1445 1315 1586 1365 bene
1641 1317 1774 1378 stat,

269 1399 365 1451 sed
400 1398 637 1451 nondum
674 1400 847 1450 exivit
871 1397 1160 1449 Sententia
1196 1398 1513 1453 diffinitiva.
1582 1397 1656 1448 Et
1692 1404 1780 1449 est

267 1486 358 1534 hie
402 1500 541 1535 unus
586 1485 791 1536 Iurista
838 1485 933 1547 qui
986 1487 1217 1534 vocatur
1259 1483 1532 1534 Martinus
1579 1483 1776 1534 Groui-

268 1585 403 1635 gen,
437 1570 645 1620 Doctor
681 1569 974 1632 Senensis,
1019 1573 1080 1619 ut
1115 1570 1234 1634 ipse
1271 1568 1432 1634 dicit,
1479 1569 1616 1619 satis
1651 1584 1777 1637 pre-

265 1660 455 1706 tensus
490 1659 547 1706 et
581 1654 864 1720 superbus.
936 1653 1065 1720 Ipse
1111 1653 1274 1705 debet
1308 1654 1600 1704 latinisare
1638 1652 1778 1718 Spe·

268 1740 448 1790 culum
482 1739 724 1805 oculare,
762 1742 819 1790 et
842 1743 927 1790 est
949 1738 1113 1790 valde
1137 1742 1605 1806 presumptuosuS,
1643 1740 1780 1802 quia

269 1827 421 1893 eupit
464 1825 676 1878 videri·
738 1825 945 1888 Aliqui=
971 1823 1203 1875 laudant
1248 1838 1398 1888 eum,
1457 1828 1512 1875 et
1558 1824 1783 1891 quesivi

265 1927 437 1976 nuper
485 1927 552 1962 ex
600 1911 709 1961 eis:
781 1908 946 1972 ‘Quid
1004 1909 1126 1974 plus
1187 1910 1298 1958 seit
1354 1923 1518 1973 quam
1575 1909 1782 1959 alius‘P

266 1997 420 2046 Tunc
455 1995 754 2066 dixerunt„
788 1993 931 2058 quod
964 1993 1135 2045 habet
1177 1994 1378 2046 bonam
1421 1993 1673 2044 notitiam
1721 1995 1786 2043 in

266 2095 446 2147 greco.
516 2079 593 2130 Et
638 2080 719 2131 sic
761 2078 963 2132 videtis
1012 2079 1155 2143 quod
1199 2094 1308 2130 non
1354 2083 1440 2129 est
1475 2077 1785 2128 curandum

264 2165 331 2216 de
376 2181 468 2230 eo,
515 2166 647 2229 quia
694 2178 914 2230 grecum
950 2179 1059 2214 non
1096 2168 1180 2214 est
1215 2163 1282 2215 (le
1319 2164 1566 2214 essentia
1603 2162 1786 2230 Sacrq

265 2251 553 2316 scripture.
622 2249 697 2299 Et
742 2249 901 2300 eredo
948 2247 1092 2313 quod
1137 2265 1246 2300 non
1289 2250 1400 2300 seit
1433 2262 1601 2299 unum
1637 2265 1788 2315 pun-

267 2339 413 2385 ctum
457 2335 514 2384 in
558 2334 715 2386 libris
762 2331 1184 2385 Sententiarum.
1255 2334 1371 2384 Nec
1417 2333 1536 2398 ipse
1583 2339 1792 2398 posset

264 2420 396 2470 mihi
429 2420 665 2470 formare
699 2433 861 2468 unum
898 2418 1288 2484 Syllogismum
1321 2419 1380 2470 in
1415 2418 1632 2470 Bar-oco
1682 2425 1793 2470 aut

265 2503 550 2570 celarent,
588 2505 719 2569 quia
752 2518 863 2554 non
898 2506 984 2554 est
1017 2503 1247 2569 logicus.
1316 2504 1442 2570 Ipse
1478 2519 1660 2570 nuper
1681 2521 1788 2556 vo-

265 2590 416 2641 cavit
447 2605 531 2640 me
569 2590 809 2640 asinum:
856 2592 912 2638 et
954 2587 1072 2638 dixi
1117 2590 1194 2639 ei:
1240 2587 1308 2639 ‘si
1352 2603 1412 2639 es
1447 2589 1528 2639 ita
1565 2589 1789 2655 audax,

263 2680 393 2725 tune
429 2673 649 2740 disputa
684 2675 938 2724 meeum':
987 2676 1043 2722 et
1077 2674 1304 2724 tibisavi
1340 2689 1460 2724 eum
1498 2673 1794 2726 audacter

262 2759 337 2809 Et
394 2759 587 2810 tacuit.
673 2760 825 2810 Tune
875 2757 1110 2808 ulterius
1167 2757 1416 2809 vexando
1476 2775 1597 2810 eum
1663 2759 1796 2810 dixi
