1942 3109
255 237 323 286 42
393 247 774 286 rnrnnrcoum
797 247 1274 285 nursicacourm
1299 245 1501 282 nuos.
1518 245 1771 282 oxum,

259 355 341 405 eis
375 355 883 420 perseveraverint,
931 358 1081 405 certe
1126 357 1261 404 tunc
1294 352 1501 418 poterit
1535 349 1777 419 Cesarea

256 439 556 505 Maiestas,
613 454 778 504 quam
831 441 995 490 unice
1045 455 1209 505 super
1254 453 1313 489 se
1362 451 1548 487 coram
1594 435 1777 486 Pilato

261 529 476 576 stantes
508 525 721 591 regiam
754 524 958 576 habere
994 527 1328 589 potestatem
1362 522 1603 586 professi
1636 524 1779 586 sunt,

128 607 272 676 (mh)
299 615 566 675 tanquam
589 610 866 677 hereticos
887 609 1193 674 sacrilegos
1216 609 1275 658 in
1308 607 1497 658 divina
1528 605 1537 672 Ι
1568 611 1625 657 et
1656 621 1780 672 pro-

263 699 386 761 pria
433 709 620 746 eorum
662 695 790 760 lege
835 694 1112 760 condigna
1156 691 1637 743 animadversione
1680 706 1780 755 pu—

257 781 398 832 nire.
472 769 525 829 ([
558 778 680 846 Hec
715 782 844 828 sunt
875 777 1237 830 serenissime
1275 775 1474 845 Cesar,
1520 791 1629 844 que
1662 791 1783 843 mee

265 865 508 915 exilitati
553 866 914 914 occurrerunt
955 860 1338 929 respondenda
1380 865 1567 928 vestre
1625 860 1786 912 celsi—

261 947 470 1014 tudini,
517 963 684 1014 quam
727 963 828 1014 pro
861 947 993 1000 fidei
1028 945 1307 1014 catholice
1339 946 1683 1010 reverentia,
1729 949 1792 996 et

266 1048 366 1099 pro
413 1048 512 1085 suo
561 1035 782 1099 proprio
837 1034 1073 1096 honore,
1134 1034 1419 1084 exoratam
1470 1030 1666 1092 velim,
1724 1035 1793 1079 ut

265 1118 416 1168 istud
449 1119 601 1182 pium
645 1118 965 1183 negocium,
1014 1115 1159 1181 quod
1198 1118 1346 1166 inter
1379 1115 1653 1166 Romanos
1688 1115 1791 1164 im-

265 1206 554 1268 peratores
597 1203 949 1254 sanctissimo
998 1201 1229 1252 consilio
1272 1203 1477 1251 vestra·
1516 1198 1795 1250 celsitudo

268 1289 522 1354 primitus
577 1289 845 1352 tentavit,
903 1289 1075 1338 etiam
1118 1290 1377 1336 strennue
1422 1283 1680 1349 perficiat
1718 1284 1801 1333 Et

271 1373 494 1436 quidem
529 1373 578 1422 si
611 1372 960 1423 dissimulare
995 1385 1107 1422 non
1140 1369 1394 1434 velimus,
1430 1383 1541 1420 non
1574 1368 1802 1419 modica

275 1456 346 1506 ad
381 1457 824 1521 prosequendum
851 1459 1075 1520 ceptum
1096 1457 1389 1520 negocium
1411 1458 1597 1522 vestre
1620 1453 1803 1506 Maie-

271 1540 408 1590 stati
461 1540 732 1590 incumbit
781 1539 1095 1590 necessitas
1150 1538 1211 1590 Si
1271 1539 1416 1590 enim
1461 1539 1807 1591 concedatur

271 1623 460 1691 Iudeis
487 1639 582 1675 eos
617 1623 858 1674 retinere
895 1623 1069 1695 libros
1107 1624 1204 1688 qui
1238 1622 1517 1690 imperiali
1548 1625 1805 1677 iussione

274 1710 354 1759 eis
401 1709 614 1760 fuerint
659 1706 865 1772 ablati,
921 1694 1035 1758 non
1078 1721 1274 1773 parum
1319 1708 1650 1759 roborantur
1692 1711 1812 1775 ipsi

271 1796 332 1844 in
389 1809 492 1844 sua
535 1792 796 1859 perfidia,
851 1793 1206 1843 insultabunt
1254 1792 1623 1858 Christianis,
1682 1794 1807 1845 obi-

277 1879 539 1944 cientque
585 1879 694 1943 eis,
748 1877 861 1928 nisi
913 1877 1048 1928 libri
1102 1893 1291 1928 eorum
1344 1879 1467 1928 veri
1512 1882 1703 1929 essent
1750 1885 1814 1930 et

275 1965 490 2030 sancti,
527 1979 638 2016 non
674 1966 755 2016 eis
791 1964 1035 2015 fuissent
1069 1961 1349 2028 imperiali
1381 1961 1605 2013 decreto
1641 1965 1813 2014 resti·

275 2051 404 2102 tuti.
475 2050 847 2102 Vacillabunt
872 2048 1184 2099 Christiani
1217 2047 1497 2112 simplices
1532 2047 1681 2098 talia
1706 2063 1817 2099 au-

275 2135 521 2196 dientes,
577 2135 975 2196 habebuntque
1029 2135 1181 2184 viros
1234 2132 1659 2183 ecclesiasticos
1716 2147 1817 2183 su-

276 2221 498 2282 spectos
551 2216 708 2267 velut
764 2215 1023 2266 mendose
1078 2215 1336 2266 volumen
1382 2216 1817 2268 Thalmudicum

275 2303 602 2351 incusantes
656 2299 730 2348 Et
784 2300 868 2350 sic
925 2298 1224 2365 synagoga
1282 2301 1519 2368 sathane
1576 2300 1819 2353 tandem

277 2386 454 2436 stabit
490 2386 548 2434 in
581 2384 807 2449 honore,
845 2382 1092 2436 ecclesia
1124 2400 1258 2436 vero
1286 2385 1495 2436 Christi
1528 2388 1819 2451 sanguine

275 2468 512 2518 fundata
545 2470 844 2519 vacillabit
879 2471 938 2519 in
976 2469 1319 2520 confusione.
1391 2469 1599 2521 Valeat
1646 2474 1709 2520 et
1757 2473 1823 2520 in

277 2555 526 2617 eternum
561 2551 806 2616 gaudeat
839 2552 1085 2619 Cesarea
1118 2553 1415 2617 maiestas,
1464 2563 1631 2617 quam
1672 2553 1824 2605 deus

277 2637 516 2700 optimus
574 2636 951 2699 maximusque
1010 2651 1110 2704 sue
1170 2634 1411 2703 ecclesie
1470 2652 1825 2689 conservare

275 2718 534 2782 dignetur
569 2734 668 2783 per
699 2719 856 2768 milia
879 2725 1129 2785 tempora
1153 2720 1394 2770 felicem.
1464 2721 1679 2772 Datum
1706 2721 1827 2774 Co-
