1942 3109
282 228 354 273 49.
376 232 534 269 mm.
563 228 848 271 narolus.
883 227 946 272 5⁰.
974 231 1187 271 Anonm
1211 229 1543 271 cunenses.
1594 215 1697 271 313

173 338 420 393 suadere
467 337 644 391 talia?
693 337 800 388 Sed
847 340 978 403 quia
1023 338 1294 404 Theologi
1336 338 1695 391 colonienses

173 424 380 477 volunt
414 423 496 473 ita
541 422 772 474 subtiles
812 422 1019 488 videri,
1066 440 1168 490 ego
1213 424 1496 475 ostendam
1537 426 1695 477 vobis

181 524 355 559 unam
387 508 731 573 prophetIam
766 508 832 559 de
866 509 1110 560 Iohanne
1134 508 1406 560 Reuehlin
1442 524 1547 579 que
1580 526 1693 561 ma·

187 594 280 659 gis
319 594 418 643 erit
452 592 523 643 ad
558 594 911 659 propositum.
971 594 1047 644 Et
1080 599 1276 660 postea
1311 593 1694 646 demonstrabo

185 679 357 729 etiam
380 678 538 735 illam
572 679 916 743 prophetiam
952 693 1118 743 quam
1152 680 1241 730 illi
1277 682 1514 745 ponunt,
1554 677 1695 743 quod

179 766 270 814 est
303 778 404 828 pro
439 761 710 813 Reuchlin
746 768 803 815 et
835 778 946 815 non
994 770 1187 817 eontra
1234 780 1373 816 eum.
1443 763 1695 818 Videatis

177 848 357 914 igitur
393 846 668 913 Sophoniq
705 850 908 915 prime,
953 851 1052 901 ubi
1094 851 1365 916 propheta
1412 850 1494 900 sic
1530 849 1694 900 dicit:

181 933 294 998 „Et
330 934 438 983 erit
471 933 529 981 in
563 937 804 998 tempore
842 933 968 996 ille,
1018 935 1307 985 scrutabor
1339 935 1693 986 Hierusalem

179 1020 244 1067 in
273 1016 522 1067 lucernis
561 1021 616 1068 et
648 1017 892 1067 visitabo
929 1031 1095 1083 super
1128 1017 1331 1069 defixos
1375 1019 1435 1067 in
1478 1019 1694 1086 fecibus

125 1110 130 1117 ·
181 1101 321 1167 suis,
383 1100 481 1165 qui
522 1101 714 1151 dieunt
757 1102 815 1151 in
863 1100 1115 1153 cordibus
1158 1103 1273 1153 suis
1318 1104 1460 1153 ete.”
1538 1100 1695 1152 Nune

179 1188 316 1251 quia
349 1200 450 1237 vos
479 1186 838 1238 colonienses
873 1187 1203 1255 pretenditis
1239 1188 1545 1253 scripturas
1581 1192 1696 1238 tra·

179 1270 317 1321 here
363 1271 433 1321 ad
477 1271 748 1336 placitum
791 1276 1065 1324 vestrum:
1117 1272 1374 1323 Audiatis
1429 1271 1694 1337 quomodo

182 1357 355 1407 etiam
379 1372 481 1422 ego
505 1372 726 1422 possum
751 1374 1025 1423 exponere
1048 1359 1219 1410 verba
1244 1358 1526 1428 prophete.
1596 1358 1693 1408 Di-

189 1441 269 1488 cit
305 1454 426 1506 ergo
464 1441 713 1493 dominus
750 1457 848 1508 per
884 1460 944 1495 os
992 1444 1287 1511 prophete:
1335 1442 1443 1494 “Et
1490 1444 1595 1495 erit
1636 1445 1694 1493 in

181 1524 274 1575 die
307 1524 435 1590 illa,
472 1529 764 1579 scrutabor
797 1529 1204 1593 Hierusalem‘',
1240 1529 1297 1579 id
1334 1534 1418 1581 est
1449 1530 1694 1582 visitabo

179 1610 478 1661 ecelesiam
519 1628 722 1680 meam,
787 1616 1039 1680 cogitans
1086 1616 1383 1667 reformare
1431 1632 1581 1679 eam,
1640 1619 1697 1665 et

175 1692 384 1744 tollere
423 1706 628 1745 errores
665 1698 714 1747 si
749 1702 879 1748 sunt
915 1698 1092 1762 aliqui
1125 1700 1184 1748 in
1220 1714 1315 1749 eat
1354 1703 1409 1750 et
1446 1698 1587 1750 “hoo
1610 1700 1692 1750 fa-

181 1780 331 1829 ·ciam
367 1777 424 1826 in
460 1776 752 1846 lucernis”‚
797 1780 854 1832 id
905 1786 989 1833 est
1022 1782 1393 1834 mediantibus
1440 1783 1691 1836 doetissi-

178 1864 288 1912 mis
333 1860 497 1926 viria,
542 1865 684 1914 sieut
727 1870 854 1916 sunt
897 1868 955 1917 in
996 1867 1254 1920 Almania
1288 1868 1551 1919 Erasmus
1586 1868 1693 1920 Ro-

178 1944 496 1998 terodamus
543 1953 598 2000 et
641 1950 916 2001 Iohannes
960 1950 1259 2018 Reuehlin,
1308 1958 1364 2004 et
1408 1952 1691 2004 Matianus

174 2030 373 2083 Ruffus
413 2036 471 2083 et
506 2034 631 2085 alii:
669 2034 766 2086 “et
797 2035 1041 2087 visitabo
1076 2052 1242 2103 super
1272 2038 1477 2101 vir-off,
1512 2036 1571 2087 id
1608 2042 1694 2088 est

175 2117 518 2183 Theologos,
566 2118 866 2185 “defixos'’,
912 2119 968 2170 id
1019 2126 1105 2172 est
1140 2122 1501 2173 obstinaciter
1534 2121 1693 2173 indu-

174 2203 362 2263 ratos,
399 2200 497 2250 “in
530 2202 746 2270 fecibus
784 2205 953 2271 suis''‚
998 2206 1054 2257 id
1090 2212 1175 2259 est
1208 2209 1267 2258 in
1304 2208 1537 2273 quadam
1576 2224 1691 2260 sor-

174 2282 312 2334 dida
349 2287 406 2334 et
438 2287 786 2341 tenebricosa
823 2294 880 2342 et
919 2292 1109 2358 inepta
1145 2293 1477 2360 Theologia‚
1526 2309 1689 2357 quam

173 2374 310 2422 ante
331 2384 518 2436 pauca
542 2373 732 2439 secula
765 2382 1171 2443 usurpaverunt
1204 2379 1337 2441 sibi,
1375 2378 1691 2442 relinquen-

172 2461 260 2507 tes
295 2456 428 2508 illos
465 2456 728 2521 antiquos
764 2464 819 2513 et
853 2460 1108 2513 literatos
1146 2462 1454 2527 Theologos
1490 2464 1586 2527 qui
1630 2464 1688 2513 in

172 2556 306 2593 vera
341 2542 468 2594 luce
507 2542 903 2608 seripturarum
939 2547 1378 2598 ambulaverunt.
1437 2546 1557 2613 Ipsi
1592 2564 1687 2599 au-

169 2630 283 2677 tem
317 2643 428 2678 non
463 2628 650 2680 sciunt
683 2645 863 2695 neque
899 2631 1108 2682 latinas
1144 2644 1323 2695 neque
1360 2646 1556 2697 grecas
1590 2648 1688 2683 ne-

171 2724 282 2775 que
306 2711 606 2765 hebraicas
631 2714 880 2778 litteras,
915 2718 980 2764 ut
1014 2714 1229 2780 possint
1263 2716 1567 2777 scripturas
1602 2716 1687 2763 in-
