1942 3109
252 216 321 267 60
512 231 802 267 EPISTOLAE
840 231 1206 267 OBSCVBOBVM
1243 232 1514 269 vmonvu.

252 336 392 385 dixit
441 336 519 399 ei,
569 336 713 400 quod
758 350 877 400 sum
921 341 1116 400 poeta,
1155 341 1210 387 et
1245 338 1367 401 ipsa
1403 336 1570 387 dixit:
1633 335 1770 401 ‘Ego

254 418 443 470 audivi
479 418 621 483 qu‘od
648 422 781 471 estis
805 422 982 471 bonus
1008 424 1200 486 poeta:
1241 438 1368 486 ergo
1394 421 1612 471 debetis
1637 422 1774 469 mihi

254 505 425 555 semel
456 506 699 557 scribere
736 520 903 555 unum
943 520 1194 556 carmen:
1233 510 1289 555 et
1325 521 1426 571 ego
1463 505 1575 555 feci
1611 505 1770 568 illud,

252 594 309 640 et
348 592 573 641 cantavi
607 590 673 640 de
707 606 832 640 sero
868 591 927 639 in
960 590 1155 655 platea
1191 589 1334 654 quod
1369 592 1492 656 ipsa
1529 590 1772 650 audivit3

252 680 309 726 et
343 679 538 741 postea
574 676 804 740 exposui
842 676 893 725 ei
928 676 1235 725 teutonice:
1275 678 1329 725 et
1365 679 1449 725 est
1473 675 1614 723 hoc:

322 777 367 828 O
396 777 545 827 alma
567 779 773 840 Venus}‚
812 776 1013 827 amoris
1039 776 1316 826 inventrix
1343 779 1399 825 et
1423 775 1774 840 dominatrix,

388 862 575 923 Quare
612 866 740 911 tuus
776 860 923 911 filius
961 864 1047 911 est
1079 860 1336 911 inimicus
1371 862 1556 911 meus?

321 945 369 994 O
405 944 638 1009 pulchra
674 946 976 1007 Dorothea,
1018 959 1182 1008 quam
1218 960 1320 1010 ego
1345 944 1492 1009 elegi
1518 945 1774 1008 amicam,

386 1029 505 1078 Fac
540 1030 673 1079 mihi
712 1030 878 1079 etiam
914 1030 999 1079 sic
1035 1029 1276 1093 qualiter
1311 1044 1412 1093 ego
1447 1029 1578 1079 tibi:

316 1114 610 1163 Pulchrior
635 1128 693 1163 es
719 1117 779 1163 tu
803 1115 949 1163 inter
972 1128 1158 1163 omnes
1183 1114 1344 1164 huius
1363 1114 1514 1163 urbis
1531 1112 1776 1177 puellae,

382 1198 457 1245 Et
491 1197 751 1261 splendes
785 1200 931 1247 sicut
962 1198 1160 1260 stella,
1199 1201 1254 1246 et
1287 1197 1432 1259 rides
1458 1198 1602 1247 sicut
1624 1213 1775 1248 rosa.

244 1296 378 1361 Ipsa
428 1297 567 1347 dixit
614 1297 757 1384 Qd
800 1298 921 1348 vult
963 1313 1064 1362 per
1121 1314 1274 1347 suam
1328 1298 1502 1348 vitam
1547 1314 1777 1349 servare

249 1380 389 1431 illud
424 1387 649 1448 propter
680 1398 783 1431 me.
855 1382 968 1433 Vos
1005 1382 1218 1433 debetis
1253 1382 1388 1431 mihi
1421 1382 1552 1431 dare
1591 1384 1778 1432 consi-

248 1464 383 1516 lium
422 1466 690 1531 quomodo
727 1467 899 1517 debeo
936 1482 1020 1517 me
1059 1482 1268 1531 regere,
1309 1471 1364 1517 et
1390 1465 1655 1529 quomodo
1680 1465 1779 1516 de-

249 1550 354 1599 beo
412 1551 601 1601 facere
661 1550 805 1615 quod
854 1554 1004 1600 amat
1047 1566 1148 1599 me.
1232 1551 1304 1599 Et
1348 1552 1592 1616 parcatis
1636 1551 1778 1599 mihi

251 1634 394 1696 quod
432 1635 513 1684 fui
550 1636 630 1684 ita
666 1650 888 1700 grossus
924 1634 1215 1685 scribendo
1253 1634 1321 1683 ad
1346 1634 1777 1684 dominationem

248 1722 509 1768 vestram.
584 1720 729 1781 Quia
776 1723 859 1768 est
909 1717 1245 1769 consuetudo
1293 1734 1416 1768 mea
1465 1717 1608 1781 quod
1653 1732 1778 1767 sum

252 1802 483 1851 socialis
510 1817 630 1850 cum
670 1790 861 1851 emieis
898 1805 1051 1853 meis.
1097 1803 1300 1854 Valete
1327 1802 1384 1851 in
1419 1803 1637 1853 nomine
1675 1802 1776 1852 be—

248 1885 473 1935 nedicti.
545 1886 629 1934 Ex
664 1886 955 1951 Lyptzick.

956 2082 1055 2143 22.

464 2184 939 2269 Gferhardus
987 2186 1554 2271 Schirruglius

538 2306 877 2371 Magistro
915 2307 1202 2358 Ortvino
1241 2306 1484 2359 Gratio

317 2439 565 2491 Salutem
619 2439 756 2490 dicit
809 2443 1026 2493 variam
1205 2460 1304 2508 per
1347 2443 1551 2494 domini
1594 2446 1773 2495 nostri

956 2527 1206 2592 gloriam,

316 2610 425 2671 Qui
461 2610 760 2660 resurrexit
794 2628 827 2660 a
864 2612 1112 2674 mortuis,
1253 2615 1309 2661 et
1345 2628 1491 2661 nunc
1528 2612 1687 2663 sedet
1711 2616 1771 2664 in

959 2695 1116 2761 celis.
