1942 3109
206 215 310 268 21ss
387 230 679 266 EPISTOLAE
705 229 1076 266 OBSCVROBVM
1103 230 1357 266 vmonvu
1384 231 1562 266 NOVAE.

205 338 384 386 iratus
420 351 586 401 super
621 333 848 402 Itidem,
887 337 945 385 et
979 335 1198 385 faceret
1233 334 1314 385 eis
1349 337 1514 384 tanta
1547 335 1742 386 mala-⁹.

208 421 367 472 Dixit
400 419 677 487 plebanus
713 417 992 471 ‘Scribere
1040 433 1141 470 seu
1188 435 1513 484 componere
1557 420 1740 472 libros

210 508 299 556 est
331 520 444 555 una
478 520 683 570 magna
728 518 847 567 rea,
898 508 955 554 et
999 519 1114 554 non
1157 505 1424 568 competit
1467 504 1578 554 nisi
1619 519 1740 554 ma—

210 590 336 654 gnis
362 592 419 640 et
439 589 638 640 Doctis
662 589 812 640 Viris
850 589 946 652 qui
981 592 1110 638 sunt
1145 587 1418 640 altissime
1455 588 1740 654 graduati,

209 672 385 723 multo
430 673 609 722 minus
642 673 879 724 Iohanni
921 671 1274 723 Pfefferkorn
1320 673 1416 736 qui
1461 677 1547 724 est
1579 673 1739 724 Ideo-

210 763 301 807 ta:
340 761 398 808 et
430 758 580 823 Ergo
616 757 888 822 Theologi
924 755 1290 808 colonienses
1324 772 1610 822 nunquam
1641 757 1740 809 de-

211 842 464 892 buissent
496 839 827 908 pretendere
864 839 1012 904 quod
1042 839 1258 891 vellent
1278 841 1590 893 hominibus
1612 857 1740 907 per-

212 925 447 978 suadere
493 924 640 990 quod
672 924 1028 978 Pfefferkorn
1075 926 1353 990 componit
1396 926 1558 976 talia.
1629 925 1740 977 Sed

211 1013 260 1061 si
318 1026 423 1076 ego
472 1025 653 1061 essem
696 1010 1034 1076 Imperator,
1089 1009 1210 1076 Ego
1255 1010 1462 1062 vellem
1504 1011 1738 1062 Pfeffer-

212 1095 354 1146 korn
391 1099 449 1146 et
479 1093 787 1154 Hoehstrat
820 1093 1161 1160 suspendere
1199 1093 1272 1144 ad
1303 1110 1473 1144 unum
1514 1095 1740 1159 patibu-

213 1180 364 1228 lum'.
421 1177 729 1243 Respondi:
767 1175 938 1241 ‘Quid
970 1179 1112 1230 feeit
1133 1177 1410 1244 Magister
1435 1182 1625 1230 noster
1647 1179 1742 1230 Ia-

215 1263 385 1312 cobus
420 1261 487 1312 de
523 1262 937 1331 Eoehstraten?
984 1263 1196 1312 Tamen
1231 1266 1317 1314 est
1347 1263 1524 1327 bonus
1560 1263 1740 1328 Impe-

212 1347 398 1410 rialiS,
455 1344 601 1410 quod
658 1360 759 1411 ego
816 1345 946 1396 volo
1005 1347 1242 1411 probare·
1281 1362 1382 1411 per
1425 1347 1742 1412 Epistolam

216 1446 373 1480 suam
410 1429 480 1480 ad
514 1430 928 1496 Mperatorem,
965 1430 1026 1479 in
1061 1444 1174 1494 qua
1207 1431 1291 1480 sio
1327 1431 1551 1481 seribit:
1591 1433 1742 1496 „Va-

216 1514 335 1565 leat
382 1517 438 1564 et
480 1515 541 1564 in
594 1517 845 1581 eternum
898 1512 1145 1580 gaudeat
1191 1513 1423 1582 cesaria
1467 1514 1743 1566 Maiestas

217 1614 383 1664 quam
426 1598 561 1650 deus
617 1599 853 1663 optimus
907 1599 1287 1662 maximusque
1341 1613 1438 1664 sue
1483 1598 1742 1666 Ecclesiq

218 1697 547 1734 conservare
586 1682 845 1750 dignetur
866 1699 965 1748 per
988 1682 1146 1733 milia
1169 1670 1419 1747 teinpora
1442 1682 1742 1734 felicem'’.'

214 1768 375 1819 Dixit
409 1767 713 1833 plebanus:
753 1767 874 1832 ‘ego
908 1766 1030 1817 vidi
1061 1782 1100 1816 x
1131 1765 1530 1818 malefactores
1553 1769 1740 1818 morti-

217 1853 403 1917 ficari,
461 1857 521 1904 et
574 1851 762 1902 nullus
816 1852 927 1902 fuit
981 1851 1064 1900 ita
1117 1849 1316 1916 dignus
1361 1852 1556 1902 mortis
1596 1852 1748 1902 sicut

216 1937 553 2000 Hochstrat,
592 1937 689 2000 qui
722 1937 839 1985 tam
866 1935 1070 1985 bonum
1108 1937 1165 1985 et
1187 1935 1540 1988 innocentem
1561 1936 1744 1988 virum

217 2023 301 2072 sic
336 2021 543 2072 iniuste
582 2020 845 2082 tribulat,
893 2021 949 2068 et
985 2019 1166 2070 adhue
1199 2020 1366 2086 petiit
1390 2021 1563 2070 etiam
1585 2019 1744 2070 adiu-

216 2107 421 2157 torium
456 2121 491 2155 a
524 2105 678 2170 Rege
713 2103 957 2168 Franeie
997 2104 1091 2168 qui
1127 2108 1212 2154 est
1256 2103 1516 2168 publicus
1560 2105 1746 2155 inimi-

220 2204 318 2240 cus
362 2189 615 2253 Mperii,
664 2191 859 2238 eontra
901 2187 1206 2239 Iohannem
1247 2188 1550 2240 Reuehlin:
1598 2190 1748 2254 quod

221 2277 309 2324 est
345 2274 551 2323 orImen
584 2271 705 2340 lese
741 2273 1082 2322 maiestati&
1123 2276 1180 2324 et
1213 2287 1382 2338 super
1416 2273 1523 2324 hoc
1554 2273 1746 2324 Romae

217 2357 587 2408 lamentavit'.
638 2356 919 2422 Respondi
943 2355 1090 2422 quod
1106 2357 1414 2408 Hoehstrat
1435 2358 1578 2408 facit
1601 2357 1750 2408 talia

219 2441 341 2493 zelo
377 2440 531 2504 fidei,
570 2445 627 2490 et
653 2440 787 2492 fides
812 2441 990 2492 maior
1017 2445 1104 2492 est
1131 2455 1296 2506 quam
1325 2442 1654 2506 imperator,
1688 2445 1752 2492 et

220 2525 492 2590 Theologi
527 2541 637 2576 non
674 2529 873 2576 curant
908 2525 1360 2590 superioritatem
1393 2526 1747 2594 secularem&

220 2611 381 2660 Tunc
433 2609 708 2673 plebanus
756 2610 1039 2678 abseessit
1083 2609 1303 2660 dicens:
1360 2608 1428 2660 ‘O
1471 2610 1748 2660 Innocen-

219 2695 431 2744 tissime
466 2693 773 2758 Reuehlin,
810 2693 980 2746 debes
1014 2697 1076 2742 tu
1111 2692 1194 2743 sic
1227 2694 1467 2744 tractari
1499 2709 1538 2743 a
1569 2694 1752 2758 pessi-
