1942 3109
1182 97 1209 110 s

349 210 486 244 vot..
526 209 580 244 ι..
650 203 717 244 40.
755 209 1047 246 naseam
1084 207 1481 246 msumnun.
1598 197 1697 248 115

144 317 412 369 subtilem
446 315 807 366 retoriealem
851 315 1215 381 allegoriam,
1262 329 1425 380 quam
1470 316 1569 368 ille
1604 333 1693 368 re-

145 418 284 468 gens
327 401 580 452 bul-salis
627 399 908 468 pretendit
951 402 1011 450 in
1071 416 1175 450 suo
1234 417 1495 453 sermone.
1568 403 1691 469 Ego

143 504 307 554 spero
346 486 498 552 quod
531 485 666 537 volo
701 484 881 535 adhue
913 487 1094 537 multa
1126 487 1189 536 in
1223 486 1329 537 hae
1374 487 1521 538 alma
1564 489 1689 538 uni·

143 574 417 623 versitate
462 571 686 621 discere
729 575 842 620 tam
882 571 1051 622 utilia
1096 572 1247 622 siout
1287 571 1393 622 hoe
1438 572 1689 624 notabile

145 661 247 707 est.
319 657 504 706 Hodie
555 657 665 706 emi
711 671 1030 719 processum
1074 657 1269 722 bui-se:
1330 671 1455 706 eras
1512 655 1686 708 debeo

147 757 384 806 arguere
417 743 480 790 in
516 740 896 805 disputatione
928 740 1169 803 bursafi,
1206 739 1275 789 de
1296 740 1403 790 illa
1424 741 1685 805 materia,

147 831 331 876 utrum
375 826 618 875 materia
663 826 844 890 prima
888 825 964 875 sit
1013 840 1111 875 ens
1148 825 1209 875 in
1256 829 1413 891 actu,
1456 826 1551 878 vel
1585 843 1683 892 po-

147 912 348 962 tentia.
423 909 654 978 Colonie
689 926 758 960 ex
792 911 965 961 bursa
1000 909 1310 960 Laurentii.

867 1125 966 1186 40.

365 1229 852 1296 Herbordus
893 1229 1471 1298 Mistladerius

581 1344 921 1409 Magistro
958 1344 1243 1396 Ortvino

145 1437 580 1504 incomparabili
611 1439 673 1488 in
708 1438 963 1489 doetrIna
998 1439 1311 1506 preceptori
1344 1455 1445 1490 suo
1491 1439 1685 1490 sulsis-

852 1532 991 1582 simo

184 1627 438 1678 Salutem
473 1625 610 1676 dicit
645 1641 810 1691 quam
843 1642 1003 1677 nemo
1041 1626 1387 1679 dinumerare
1421 1629 1645 1694 poterit.

252 1763 729 1814 Illuminatissime
764 1764 1063 1829 magister,
1110 1763 1329 1828 quando
1374 1764 1609 1814 discessi
1646 1780 1683 1815 a

151 1853 344 1898 vestra
385 1847 760 1898 dominatione
781 1846 876 1907 ,ad
913 1847 1121 1899 Suollis
1168 1854 1297 1900 ante
1344 1848 1450 1898 duo
1488 1861 1686 1910 annos,

147 1934 483 1999 promisistis
527 1933 665 1983 mihi
711 1932 782 1983 ad
827 1947 1050 1983 manum
1094 1949 1273 1985 meam
1311 1933 1457 1999 quod.
1492 1932 1683 1984 velitis

147 2019 284 2068 mihi
316 2019 640 2082 frequenter
684 2017 958 2082 seribere,
1010 2020 1066 2067 et
1108 2019 1243 2068 mihi
1286 2017 1504 2069 modum
1548 2018 1681 2068 dare

147 2103 398 2154 dictandi
434 2104 491 2152 in
526 2103 726 2155 vestris
760 2101 1185 2152 dictaminibus:
1224 2105 1314 2152 ast
1334 2117 1446 2151 non
1469 2102 1685 2165 facitis,

153 2193 210 2239 et
243 2189 379 2240 mihi
409 2204 522 2240 non
558 2187 807 2238 scribitis
845 2186 965 2236 sive
1003 2187 1231 2252 .vivitis,
1278 2187 1397 2238 sive
1444 2203 1554 2238 non
1598 2188 1681 2239 vi-

149 2274 306 2337 vitis3
352 2274 473 2324 sive
519 2273 714 2324 vivitis
763 2272 886 2322 sive
934 2286 1045 2322 non
1078 2272 1302 2336 vivitis,
1348 2287 1459 2324 non
1492 2280 1680 2324 tamen

152 2360 394 2410 scribitis
429 2363 494 2408 ut
529 2359 645 2408 scio
683 2355 818 2422 quid
855 2359 969 2420 est,
1008 2355 1275 2421 quomodo
1311 2355 1403 2408 vel
1428 2358 1677 2421 qualiter

152 2447 248 2494 est.
321 2443 533 2494 Sancte
557 2442 713 2506 deus,
752 2439 1027 2505 quomodo
1050 2457 1136 2492 me
1162 2441 1507 2493 sollicitatis:
1546 2459 1679 2508 rogo

148 2545 244 2580 vos
285 2532 519 2594 propter
562 2526 724 2578 deum
773 2529 830 2576 et
873 2529 1129 2576 sanetum
1164 2525 1488 2593 Georgium,
1536 2528 1679 2578 libe-

152 2619 266 2665 rate
301 2630 390 2666 me
427 2629 504 2664 ex
551 2627 678 2662 mea.
725 2626 888 2674 eura,
936 2611 1071 2675 quia
1113 2613 1278 2663 timeo
1322 2612 1469 2675 quod
1514 2613 1684 2673 eaput

152 2699 302 2750 vobis
349 2697 540 2760 dolet,
598 2695 694 2746 vel
749 2693 896 2757 quod
939 2693 1163 2746 habetis
1207 2693 1582 2816 infiffiitatem
1624 2693 1687 2732 in
