<?xml version="1.0" encoding="UTF-8"?>
<!DOCTYPE html PUBLIC "-//W3C//DTD XHTML 1.0 Transitional//EN"
    "http://www.w3.org/TR/xhtml1/DTD/xhtml1-transitional.dtd">
<html xmlns="http://www.w3.org/1999/xhtml" xml:lang="en" lang="en">
 <head>
  <title>
</title>
<meta http-equiv="Content-Type" content="text/html;charset=utf-8" />
  <meta name='ocr-system' content='tesseract 3.04.00' />
  <meta name='ocr-capabilities' content='ocr_page ocr_carea ocr_par ocr_line ocrx_word'/>
</head>
<body>
  <div class='ocr_page' id='page_1' title='image "./epistolaeobscur00huttgoog_0615.png"; bbox 0 0 1942 3109; ppageno 0'>
   <div class='ocr_carea' id='block_1_1' title="bbox 287 213 1827 264">
    <p class='ocr_par' dir='ltr' id='par_1_1' title="bbox 287 213 1827 264">
     <span class='ocr_line' id='line_1_1' title="bbox 287 213 1827 264; baseline 0.001 -2"><span class='ocrx_word' id='word_1_1' title='bbox 287 213 382 262; x_wconf 81' lang='lat'><strong>154</strong></span> <span class='ocrx_word' id='word_1_2' title='bbox 421 227 802 264; x_wconf 72' lang='lat' dir='ltr'><strong>rnrnntconm</strong></span> <span class='ocrx_word' id='word_1_3' title='bbox 829 225 1303 262; x_wconf 60' lang='lat' dir='ltr'><strong>nuruumconrna</strong></span> <span class='ocrx_word' id='word_1_4' title='bbox 1330 225 1535 261; x_wconf 68' lang='lat' dir='ltr'><strong>nuos.</strong></span> <span class='ocrx_word' id='word_1_5' title='bbox 1552 226 1685 261; x_wconf 82' lang='lat' dir='ltr'><strong>o.v.</strong></span> <span class='ocrx_word' id='word_1_6' title='bbox 1702 228 1827 263; x_wconf 63' lang='lat' dir='ltr'><strong>nr».</strong></span> 
     </span>
    </p>
   </div>
   <div class='ocr_carea' id='block_1_2' title="bbox 283 330 1835 2080">
    <p class='ocr_par' dir='ltr' id='par_1_2' title="bbox 283 330 1835 2080">
     <span class='ocr_line' id='line_1_2' title="bbox 283 330 1827 398; baseline 0 -16"><span class='ocrx_word' id='word_1_7' title='bbox 283 334 408 397; x_wconf 87' lang='lat' dir='ltr'><strong>pria</strong></span> <span class='ocrx_word' id='word_1_8' title='bbox 431 347 672 398; x_wconf 83' lang='lat' dir='ltr'><strong>persona</strong></span> <span class='ocrx_word' id='word_1_9' title='bbox 695 332 833 383; x_wconf 89' lang='lat' dir='ltr'><strong>illuc</strong></span> <span class='ocrx_word' id='word_1_10' title='bbox 855 331 1159 397; x_wconf 84' lang='lat' dir='ltr'><strong>proficisci,</strong></span> <span class='ocrx_word' id='word_1_11' title='bbox 1196 330 1293 382; x_wconf 79' lang='lat' dir='ltr'><strong>sed</strong></span> <span class='ocrx_word' id='word_1_12' title='bbox 1314 330 1495 381; x_wconf 82' lang='lat' dir='ltr'><strong>solum</strong></span> <span class='ocrx_word' id='word_1_13' title='bbox 1520 331 1649 382; x_wconf 81' lang='lat' dir='ltr'><strong>suis</strong></span> <span class='ocrx_word' id='word_1_14' title='bbox 1675 338 1827 382; x_wconf 79' lang='lat' dir='ltr'><strong>astu-</strong></span> 
     </span>
     <span class='ocr_line' id='line_1_3' title="bbox 287 416 1823 483; baseline 0 -17"><span class='ocrx_word' id='word_1_15' title='bbox 287 419 390 470; x_wconf 80' lang='lat' dir='ltr'><strong>ciis</strong></span> <span class='ocrx_word' id='word_1_16' title='bbox 429 423 486 468; x_wconf 88' lang='lat' dir='ltr'><strong>et</strong></span> <span class='ocrx_word' id='word_1_17' title='bbox 519 433 618 483; x_wconf 85' lang='lat' dir='ltr'><strong>per</strong></span> <span class='ocrx_word' id='word_1_18' title='bbox 651 433 780 469; x_wconf 82' lang='lat' dir='ltr'><strong>suos</strong></span> <span class='ocrx_word' id='word_1_19' title='bbox 815 419 1007 468; x_wconf 85' lang='lat' dir='ltr'><strong>nescio</strong></span> <span class='ocrx_word' id='word_1_20' title='bbox 1044 432 1180 480; x_wconf 84' lang='lat' dir='ltr'><strong>quos</strong></span> <span class='ocrx_word' id='word_1_21' title='bbox 1215 417 1273 466; x_wconf 89' lang='lat' dir='ltr'><strong>in</strong></span> <span class='ocrx_word' id='word_1_22' title='bbox 1310 416 1581 466; x_wconf 84' lang='lat' dir='ltr'><strong>continuo</strong></span> <span class='ocrx_word' id='word_1_23' title='bbox 1632 417 1823 469; x_wconf 86' lang='lat' dir='ltr'><strong>labore</strong></span> 
     </span>
     <span class='ocr_line' id='line_1_4' title="bbox 286 500 1821 566; baseline -0.001 -14"><span class='ocrx_word' id='word_1_24' title='bbox 286 504 398 554; x_wconf 87' lang='lat' dir='ltr'><strong>fuit</strong></span> <span class='ocrx_word' id='word_1_25' title='bbox 430 508 493 552; x_wconf 90' lang='lat' dir='ltr'><strong>ut</strong></span> <span class='ocrx_word' id='word_1_26' title='bbox 527 519 684 554; x_wconf 86' lang='lat' dir='ltr'><strong>omne</strong></span> <span class='ocrx_word' id='word_1_27' title='bbox 721 505 807 554; x_wconf 86' lang='lat' dir='ltr'><strong>ius</strong></span> <span class='ocrx_word' id='word_1_28' title='bbox 843 506 1090 554; x_wconf 86' lang='lat' dir='ltr'><strong>nostrum</strong></span> <span class='ocrx_word' id='word_1_29' title='bbox 1124 500 1421 566; x_wconf 84' lang='lat' dir='ltr'><strong>impediret</strong></span> <span class='ocrx_word' id='word_1_30' title='bbox 1454 505 1515 550; x_wconf 88' lang='lat' dir='ltr'><strong>et</strong></span> <span class='ocrx_word' id='word_1_31' title='bbox 1550 506 1621 551; x_wconf 89' lang='lat' dir='ltr'><strong>ut</strong></span> <span class='ocrx_word' id='word_1_32' title='bbox 1658 503 1821 553; x_wconf 86' lang='lat' dir='ltr'><strong>silen-</strong></span> 
     </span>
     <span class='ocr_line' id='line_1_5' title="bbox 286 584 1820 652; baseline 0 -16"><span class='ocrx_word' id='word_1_33' title='bbox 286 588 423 637; x_wconf 85' lang='lat' dir='ltr'><strong>tium</strong></span> <span class='ocrx_word' id='word_1_34' title='bbox 461 585 630 652; x_wconf 84' lang='lat' dir='ltr'><strong>(quod</strong></span> <span class='ocrx_word' id='word_1_35' title='bbox 665 603 764 638; x_wconf 87' lang='lat' dir='ltr'><strong>nos</strong></span> <span class='ocrx_word' id='word_1_36' title='bbox 801 601 1083 652; x_wconf 87' lang='lat' dir='ltr'><strong>nunquam</strong></span> <span class='ocrx_word' id='word_1_37' title='bbox 1118 584 1438 651; x_wconf 85' lang='lat' dir='ltr'><strong>petivimus)</strong></span> <span class='ocrx_word' id='word_1_38' title='bbox 1480 585 1555 636; x_wconf 86' lang='lat' dir='ltr'><strong>ab</strong></span> <span class='ocrx_word' id='word_1_39' title='bbox 1584 591 1820 652; x_wconf 83' lang='lat' dir='ltr'><strong>utraque</strong></span> 
     </span>
     <span class='ocr_line' id='line_1_6' title="bbox 287 669 1817 740; baseline -0.001 -18"><span class='ocrx_word' id='word_1_40' title='bbox 287 677 446 737; x_wconf 85' lang='lat' dir='ltr'><strong>parte</strong></span> <span class='ocrx_word' id='word_1_41' title='bbox 483 673 880 740; x_wconf 74' lang='lat' dir='ltr'><strong>preciperetur.</strong></span> <span class='ocrx_word' id='word_1_42' title='bbox 952 671 1111 734; x_wconf 81' lang='lat' dir='ltr'><strong>Quod</strong></span> <span class='ocrx_word' id='word_1_43' title='bbox 1146 672 1244 722; x_wconf 87' lang='lat' dir='ltr'><strong>nbi</strong></span> <span class='ocrx_word' id='word_1_44' title='bbox 1276 686 1311 721; x_wconf 85' lang='lat' dir='ltr'><strong>a</strong></span> <span class='ocrx_word' id='word_1_45' title='bbox 1346 669 1478 721; x_wconf 80' lang='lat' dir='ltr'><strong>sede</strong></span> <span class='ocrx_word' id='word_1_46' title='bbox 1504 672 1817 735; x_wconf 81' lang='lat' dir='ltr'><strong>apostolica</strong></span> 
     </span>
     <span class='ocr_line' id='line_1_7' title="bbox 287 755 1814 820; baseline -0.003 -12"><span class='ocrx_word' id='word_1_47' title='bbox 287 757 396 808; x_wconf 83' lang='lat' dir='ltr'><strong>tali</strong></span> <span class='ocrx_word' id='word_1_48' title='bbox 431 756 750 808; x_wconf 86' lang='lat' dir='ltr'><strong>conditione</strong></span> <span class='ocrx_word' id='word_1_49' title='bbox 787 758 1169 820; x_wconf 75' lang='lat' dir='ltr'><strong>impetrasset,</strong></span> <span class='ocrx_word' id='word_1_50' title='bbox 1214 759 1278 804; x_wconf 90' lang='lat' dir='ltr'><strong>ut</strong></span> <span class='ocrx_word' id='word_1_51' title='bbox 1320 757 1509 806; x_wconf 80' lang='lat' dir='ltr'><strong>stante</strong></span> <span class='ocrx_word' id='word_1_52' title='bbox 1552 755 1685 807; x_wconf 91' lang='lat' dir='ltr'><strong>illic</strong></span> <span class='ocrx_word' id='word_1_53' title='bbox 1724 757 1814 806; x_wconf 79' lang='lat' dir='ltr'><strong>lite</strong></span> 
     </span>
     <span class='ocr_line' id='line_1_8' title="bbox 287 839 1816 905; baseline 0.001 -17"><span class='ocrx_word' id='word_1_54' title='bbox 287 841 433 890; x_wconf 88' lang='lat' dir='ltr'><strong>ultro</strong></span> <span class='ocrx_word' id='word_1_55' title='bbox 489 842 739 905; x_wconf 86' lang='lat' dir='ltr'><strong>citroque</strong></span> <span class='ocrx_word' id='word_1_56' title='bbox 799 839 1081 892; x_wconf 83' lang='lat' dir='ltr'><strong>scribendi</strong></span> <span class='ocrx_word' id='word_1_57' title='bbox 1136 839 1423 890; x_wconf 84' lang='lat' dir='ltr'><strong>silentium</strong></span> <span class='ocrx_word' id='word_1_58' title='bbox 1482 849 1816 904; x_wconf 83' lang='lat' dir='ltr'><strong>servaretur,</strong></span> 
     </span>
     <span class='ocr_line' id='line_1_9' title="bbox 289 925 1817 990; baseline 0 -16"><span class='ocrx_word' id='word_1_59' title='bbox 289 925 526 989; x_wconf 87' lang='lat' dir='ltr'><strong>ipsemet</strong></span> <span class='ocrx_word' id='word_1_60' title='bbox 561 941 786 978; x_wconf 84' lang='lat' dir='ltr'><strong>servare</strong></span> <span class='ocrx_word' id='word_1_61' title='bbox 822 939 934 976; x_wconf 90' lang='lat' dir='ltr'><strong>non</strong></span> <span class='ocrx_word' id='word_1_62' title='bbox 968 925 1151 990; x_wconf 87' lang='lat' dir='ltr'><strong>potuit</strong></span> <span class='ocrx_word' id='word_1_63' title='bbox 1188 929 1285 974; x_wconf 93' lang='lat' dir='ltr'><strong>aut</strong></span> <span class='ocrx_word' id='word_1_64' title='bbox 1320 925 1525 975; x_wconf 85' lang='lat' dir='ltr'><strong>saltem</strong></span> <span class='ocrx_word' id='word_1_65' title='bbox 1560 928 1655 976; x_wconf 83' lang='lat' dir='ltr'><strong>sui</strong></span> <span class='ocrx_word' id='word_1_66' title='bbox 1688 941 1817 990; x_wconf 85' lang='lat' dir='ltr'><strong>qnos</strong></span> 
     </span>
     <span class='ocr_line' id='line_1_10' title="bbox 285 1008 1822 1080; baseline 0 -20"><span class='ocrx_word' id='word_1_67' title='bbox 285 1011 406 1075; x_wconf 79' lang='lat' dir='ltr'><strong>ipse</strong></span> <span class='ocrx_word' id='word_1_68' title='bbox 443 1010 856 1062; x_wconf 77' lang='lat' dir='ltr'><strong>dissimulanter</strong></span> <span class='ocrx_word' id='word_1_69' title='bbox 890 1010 1246 1080; x_wconf 80' lang='lat' dir='ltr'><strong>subornavit,</strong></span> <span class='ocrx_word' id='word_1_70' title='bbox 1280 1008 1457 1060; x_wconf 79' lang='lat' dir='ltr'><strong>veluti</strong></span> <span class='ocrx_word' id='word_1_71' title='bbox 1480 1009 1643 1062; x_wconf 86' lang='lat' dir='ltr'><strong>modo</strong></span> <span class='ocrx_word' id='word_1_72' title='bbox 1670 1011 1822 1076; x_wconf 86' lang='lat' dir='ltr'><strong>(proh</strong></span> 
     </span>
     <span class='ocr_line' id='line_1_11' title="bbox 289 1083 1826 1161; baseline -0.001 -16"><span class='ocrx_word' id='word_1_73' title='bbox 289 1095 490 1160; x_wconf 89' lang='lat' dir='ltr'><strong>pudor:</strong></span> <span class='ocrx_word' id='word_1_74' title='bbox 529 1083 742 1161; x_wconf 77' lang='lat' dir='ltr'><strong>nephas</strong></span> <span class='ocrx_word' id='word_1_75' title='bbox 777 1100 865 1146; x_wconf 84' lang='lat' dir='ltr'><strong>est</strong></span> <span class='ocrx_word' id='word_1_76' title='bbox 897 1093 1107 1158; x_wconf 84' lang='lat' dir='ltr'><strong>dicere)</strong></span> <span class='ocrx_word' id='word_1_77' title='bbox 1145 1094 1317 1144; x_wconf 86' lang='lat' dir='ltr'><strong>latius</strong></span> <span class='ocrx_word' id='word_1_78' title='bbox 1354 1109 1483 1146; x_wconf 85' lang='lat' dir='ltr'><strong>cum</strong></span> <span class='ocrx_word' id='word_1_79' title='bbox 1516 1109 1731 1160; x_wconf 75' lang='lat' dir='ltr'><strong>merore</strong></span> <span class='ocrx_word' id='word_1_80' title='bbox 1771 1101 1826 1146; x_wconf 82' lang='lat' dir='ltr'><strong>et</strong></span> 
     </span>
     <span class='ocr_line' id='line_1_12' title="bbox 288 1170 1827 1245; baseline 0.001 -17"><span class='ocrx_word' id='word_1_81' title='bbox 288 1179 588 1244; x_wconf 74' lang='lat' dir='ltr'><strong>lachrymis</strong></span> <span class='ocrx_word' id='word_1_82' title='bbox 614 1179 1007 1245; x_wconf 78' lang='lat' dir='ltr'><strong>explicabitur.</strong></span> <span class='ocrx_word' id='word_1_83' title='bbox 1070 1170 1123 1230; x_wconf 71' lang='lat'><strong>([</strong></span> <span class='ocrx_word' id='word_1_84' title='bbox 1157 1179 1493 1242; x_wconf 76' lang='lat' dir='ltr'><strong>Priusquam</strong></span> <span class='ocrx_word' id='word_1_85' title='bbox 1526 1183 1717 1230; x_wconf 82' lang='lat' dir='ltr'><strong>tamen</strong></span> <span class='ocrx_word' id='word_1_86' title='bbox 1757 1181 1827 1230; x_wconf 83' lang='lat' dir='ltr'><strong>ad</strong></span> 
     </span>
     <span class='ocr_line' id='line_1_13' title="bbox 290 1263 1825 1330; baseline 0 -16"><span class='ocrx_word' id='word_1_87' title='bbox 290 1263 396 1314; x_wconf 91' lang='lat' dir='ltr'><strong>hoc</strong></span> <span class='ocrx_word' id='word_1_88' title='bbox 430 1264 752 1330; x_wconf 83' lang='lat' dir='ltr'><strong>deveniam,</strong></span> <span class='ocrx_word' id='word_1_89' title='bbox 788 1265 894 1316; x_wconf 91' lang='lat' dir='ltr'><strong>hoc</strong></span> <span class='ocrx_word' id='word_1_90' title='bbox 928 1265 1105 1316; x_wconf 88' lang='lat' dir='ltr'><strong>solum</strong></span> <span class='ocrx_word' id='word_1_91' title='bbox 1140 1263 1423 1327; x_wconf 82' lang='lat' dir='ltr'><strong>adiecero,</strong></span> <span class='ocrx_word' id='word_1_92' title='bbox 1460 1278 1573 1328; x_wconf 86' lang='lat' dir='ltr'><strong>quo</strong></span> <span class='ocrx_word' id='word_1_93' title='bbox 1598 1263 1674 1314; x_wconf 78' lang='lat' dir='ltr'><strong>ad</strong></span> <span class='ocrx_word' id='word_1_94' title='bbox 1698 1280 1825 1316; x_wconf 88' lang='lat' dir='ltr'><strong>con·</strong></span> 
     </span>
     <span class='ocr_line' id='line_1_14' title="bbox 291 1347 1825 1416; baseline 0 -16"><span class='ocrx_word' id='word_1_95' title='bbox 291 1350 713 1400; x_wconf 75' lang='lat' dir='ltr'><strong>summationem</strong></span> <span class='ocrx_word' id='word_1_96' title='bbox 759 1349 997 1416; x_wconf 71' lang='lat' dir='ltr'><strong>historie</strong></span> <span class='ocrx_word' id='word_1_97' title='bbox 1042 1350 1161 1401; x_wconf 87' lang='lat' dir='ltr'><strong>sive</strong></span> <span class='ocrx_word' id='word_1_98' title='bbox 1206 1349 1377 1400; x_wconf 80' lang='lat' dir='ltr'><strong>totius</strong></span> <span class='ocrx_word' id='word_1_99' title='bbox 1422 1347 1825 1412; x_wconf 79' lang='lat' dir='ltr'><strong>quodammodo</strong></span> 
     </span>
     <span class='ocr_line' id='line_1_15' title="bbox 291 1431 1826 1500; baseline 0.002 -18"><span class='ocrx_word' id='word_1_100' title='bbox 291 1434 542 1497; x_wconf 77' lang='lat' dir='ltr'><strong>negocii,</strong></span> <span class='ocrx_word' id='word_1_101' title='bbox 596 1449 682 1483; x_wconf 89' lang='lat' dir='ltr'><strong>me</strong></span> <span class='ocrx_word' id='word_1_102' title='bbox 739 1433 880 1482; x_wconf 89' lang='lat' dir='ltr'><strong>nihil</strong></span> <span class='ocrx_word' id='word_1_103' title='bbox 937 1431 1092 1484; x_wconf 83' lang='lat' dir='ltr'><strong>aliud</strong></span> <span class='ocrx_word' id='word_1_104' title='bbox 1144 1433 1331 1484; x_wconf 87' lang='lat' dir='ltr'><strong>dicere</strong></span> <span class='ocrx_word' id='word_1_105' title='bbox 1378 1447 1530 1484; x_wconf 86' lang='lat' dir='ltr'><strong>nunc</strong></span> <span class='ocrx_word' id='word_1_106' title='bbox 1586 1435 1826 1500; x_wconf 83' lang='lat' dir='ltr'><strong>amplius</strong></span> 
     </span>
     <span class='ocr_line' id='line_1_16' title="bbox 290 1515 1827 1581; baseline 0.004 -17"><span class='ocrx_word' id='word_1_107' title='bbox 290 1529 480 1579; x_wconf 86' lang='lat' dir='ltr'><strong>posse,</strong></span> <span class='ocrx_word' id='word_1_108' title='bbox 527 1529 692 1578; x_wconf 86' lang='lat' dir='ltr'><strong>quam</strong></span> <span class='ocrx_word' id='word_1_109' title='bbox 739 1529 966 1566; x_wconf 85' lang='lat' dir='ltr'><strong>causam</strong></span> <span class='ocrx_word' id='word_1_110' title='bbox 1010 1517 1189 1581; x_wconf 83' lang='lat' dir='ltr'><strong>ipsam</strong></span> <span class='ocrx_word' id='word_1_111' title='bbox 1232 1515 1473 1581; x_wconf 83' lang='lat' dir='ltr'><strong>pendere</strong></span> <span class='ocrx_word' id='word_1_112' title='bbox 1514 1531 1707 1570; x_wconf 83' lang='lat' dir='ltr'><strong>coram</strong></span> <span class='ocrx_word' id='word_1_113' title='bbox 1742 1535 1827 1570; x_wconf 82' lang='lat' dir='ltr'><strong>sa·</strong></span> 
     </span>
     <span class='ocr_line' id='line_1_17' title="bbox 293 1599 1829 1670; baseline 0.007 -24"><span class='ocrx_word' id='word_1_114' title='bbox 293 1602 588 1649; x_wconf 79' lang='lat' dir='ltr'><strong>crosancta</strong></span> <span class='ocrx_word' id='word_1_115' title='bbox 625 1599 756 1651; x_wconf 87' lang='lat' dir='ltr'><strong>sede</strong></span> <span class='ocrx_word' id='word_1_116' title='bbox 791 1602 1107 1666; x_wconf 80' lang='lat' dir='ltr'><strong>apostolica</strong></span> <span class='ocrx_word' id='word_1_117' title='bbox 1139 1602 1200 1651; x_wconf 88' lang='lat' dir='ltr'><strong>in</strong></span> <span class='ocrx_word' id='word_1_118' title='bbox 1222 1601 1359 1652; x_wconf 92' lang='lat' dir='ltr'><strong>urbe</strong></span> <span class='ocrx_word' id='word_1_119' title='bbox 1380 1600 1670 1668; x_wconf 85' lang='lat' dir='ltr'><strong>Romana,</strong></span> <span class='ocrx_word' id='word_1_120' title='bbox 1706 1621 1829 1670; x_wconf 83' lang='lat' dir='ltr'><strong>spe-</strong></span> 
     </span>
     <span class='ocr_line' id='line_1_18' title="bbox 291 1685 1829 1752; baseline 0.004 -19"><span class='ocrx_word' id='word_1_121' title='bbox 291 1699 422 1734; x_wconf 81' lang='lat' dir='ltr'><strong>rans</strong></span> <span class='ocrx_word' id='word_1_122' title='bbox 459 1688 514 1734; x_wconf 86' lang='lat' dir='ltr'><strong>et</strong></span> <span class='ocrx_word' id='word_1_123' title='bbox 549 1685 640 1751; x_wconf 88' lang='lat' dir='ltr'><strong>pie</strong></span> <span class='ocrx_word' id='word_1_124' title='bbox 679 1685 910 1736; x_wconf 83' lang='lat' dir='ltr'><strong>credens</strong></span> <span class='ocrx_word' id='word_1_125' title='bbox 935 1687 993 1735; x_wconf 92' lang='lat' dir='ltr'><strong>in</strong></span> <span class='ocrx_word' id='word_1_126' title='bbox 1020 1685 1243 1736; x_wconf 86' lang='lat' dir='ltr'><strong>Christo</strong></span> <span class='ocrx_word' id='word_1_127' title='bbox 1266 1685 1465 1750; x_wconf 85' lang='lat' dir='ltr'><strong>Ihesu‚</strong></span> <span class='ocrx_word' id='word_1_128' title='bbox 1506 1689 1659 1752; x_wconf 83' lang='lat' dir='ltr'><strong>quod</strong></span> <span class='ocrx_word' id='word_1_129' title='bbox 1682 1691 1829 1740; x_wconf 83' lang='lat' dir='ltr'><strong>veri-</strong></span> 
     </span>
     <span class='ocr_line' id='line_1_19' title="bbox 290 1770 1835 1836; baseline 0.003 -17"><span class='ocrx_word' id='word_1_130' title='bbox 290 1773 380 1820; x_wconf 83' lang='lat' dir='ltr'><strong>tas</strong></span> <span class='ocrx_word' id='word_1_131' title='bbox 414 1772 540 1836; x_wconf 84' lang='lat' dir='ltr'><strong>ipsa</strong></span> <span class='ocrx_word' id='word_1_132' title='bbox 574 1774 658 1820; x_wconf 86' lang='lat' dir='ltr'><strong>tot</strong></span> <span class='ocrx_word' id='word_1_133' title='bbox 693 1770 980 1822; x_wconf 83' lang='lat' dir='ltr'><strong>doctorum</strong></span> <span class='ocrx_word' id='word_1_134' title='bbox 1015 1771 1309 1822; x_wconf 80' lang='lat' dir='ltr'><strong>sententiis</strong></span> <span class='ocrx_word' id='word_1_135' title='bbox 1346 1771 1669 1836; x_wconf 84' lang='lat' dir='ltr'><strong>approbata</strong></span> <span class='ocrx_word' id='word_1_136' title='bbox 1704 1789 1835 1824; x_wconf 85' lang='lat' dir='ltr'><strong>eum</strong></span> 
     </span>
     <span class='ocr_line' id='line_1_20' title="bbox 291 1855 1832 1924; baseline 0.003 -20"><span class='ocrx_word' id='word_1_137' title='bbox 291 1857 369 1904; x_wconf 86' lang='lat' dir='ltr'><strong>sit</strong></span> <span class='ocrx_word' id='word_1_138' title='bbox 421 1855 755 1920; x_wconf 87' lang='lat' dir='ltr'><strong>triumphum</strong></span> <span class='ocrx_word' id='word_1_139' title='bbox 809 1855 880 1906; x_wconf 83' lang='lat' dir='ltr'><strong>ad</strong></span> <span class='ocrx_word' id='word_1_140' title='bbox 933 1857 1107 1906; x_wconf 88' lang='lat' dir='ltr'><strong>totius</strong></span> <span class='ocrx_word' id='word_1_141' title='bbox 1160 1856 1465 1922; x_wconf 71' lang='lat' dir='ltr'><strong>christiane</strong></span> <span class='ocrx_word' id='word_1_142' title='bbox 1535 1857 1832 1924; x_wconf 76' lang='lat' dir='ltr'><strong>religionis</strong></span> 
     </span>
     <span class='ocr_line' id='line_1_21' title="bbox 290 1939 1835 2010; baseline 0.003 -21"><span class='ocrx_word' id='word_1_143' title='bbox 290 1939 552 1991; x_wconf 85' lang='lat' dir='ltr'><strong>honorem</strong></span> <span class='ocrx_word' id='word_1_144' title='bbox 595 1939 884 2005; x_wconf 81' lang='lat' dir='ltr'><strong>habitura,</strong></span> <span class='ocrx_word' id='word_1_145' title='bbox 933 1955 1095 2005; x_wconf 84' lang='lat' dir='ltr'><strong>quem</strong></span> <span class='ocrx_word' id='word_1_146' title='bbox 1139 1939 1297 1990; x_wconf 86' lang='lat' dir='ltr'><strong>nulla</strong></span> <span class='ocrx_word' id='word_1_147' title='bbox 1343 1940 1419 2004; x_wconf 77' lang='lat' dir='ltr'><strong>sit</strong></span> <span class='ocrx_word' id='word_1_148' title='bbox 1451 1945 1701 2010; x_wconf 75' lang='lat' dir='ltr'><strong>venture</strong></span> <span class='ocrx_word' id='word_1_149' title='bbox 1742 1960 1835 2008; x_wconf 88' lang='lat' dir='ltr'><strong>po-</strong></span> 
     </span>
     <span class='ocr_line' id='line_1_22' title="bbox 291 2025 1123 2080; baseline 0.001 -6"><span class='ocrx_word' id='word_1_150' title='bbox 291 2027 568 2078; x_wconf 83' lang='lat' dir='ltr'><strong>steritatis</strong></span> <span class='ocrx_word' id='word_1_151' title='bbox 602 2025 859 2080; x_wconf 84' lang='lat' dir='ltr'><strong>deletura</strong></span> <span class='ocrx_word' id='word_1_152' title='bbox 895 2025 1123 2078; x_wconf 86' lang='lat' dir='ltr'><strong>oblivio.</strong></span> 
     </span>
    </p>
   </div>
   <div class='ocr_carea' id='block_1_3' title="bbox 830 2161 1287 2212">
    <p class='ocr_par' dir='ltr' id='par_1_3' title="bbox 830 2161 1287 2212">
     <span class='ocr_line' id='line_1_23' title="bbox 830 2161 1287 2212; baseline 0 -2"><span class='ocrx_word' id='word_1_153' title='bbox 830 2161 1287 2212; x_wconf 85' lang='lat' dir='ltr'><strong>Protestatio.</strong></span> 
     </span>
    </p>
   </div>
   <div class='ocr_carea' id='block_1_4' title="bbox 290 2269 1841 2764">
    <p class='ocr_par' dir='ltr' id='par_1_4' title="bbox 290 2269 1841 2764">
     <span class='ocr_line' id='line_1_24' title="bbox 396 2269 1833 2343; baseline 0.004 -14"><span class='ocrx_word' id='word_1_154' title='bbox 396 2269 449 2329; x_wconf 70' lang='lat'><strong>([</strong></span> <span class='ocrx_word' id='word_1_155' title='bbox 483 2278 770 2328; x_wconf 83' lang='lat' dir='ltr'><strong>Protestor</strong></span> <span class='ocrx_word' id='word_1_156' title='bbox 804 2277 977 2343; x_wconf 85' lang='lat' dir='ltr'><strong>igitur</strong></span> <span class='ocrx_word' id='word_1_157' title='bbox 1022 2279 1128 2330; x_wconf 87' lang='lat' dir='ltr'><strong>hoc</strong></span> <span class='ocrx_word' id='word_1_158' title='bbox 1172 2279 1326 2342; x_wconf 93' lang='lat' dir='ltr'><strong>loco,</strong></span> <span class='ocrx_word' id='word_1_159' title='bbox 1370 2278 1579 2332; x_wconf 85' lang='lat' dir='ltr'><strong>dehinc</strong></span> <span class='ocrx_word' id='word_1_160' title='bbox 1631 2285 1833 2334; x_wconf 83' lang='lat' dir='ltr'><strong>iterum</strong></span> 
     </span>
     <span class='ocr_line' id='line_1_25' title="bbox 291 2364 1833 2434; baseline 0.005 -23"><span class='ocrx_word' id='word_1_161' title='bbox 291 2366 460 2428; x_wconf 84' lang='lat' dir='ltr'><strong>atque</strong></span> <span class='ocrx_word' id='word_1_162' title='bbox 496 2365 695 2414; x_wconf 79' lang='lat' dir='ltr'><strong>iterum</strong></span> <span class='ocrx_word' id='word_1_163' title='bbox 735 2366 1018 2429; x_wconf 84' lang='lat' dir='ltr'><strong>protestor</strong></span> <span class='ocrx_word' id='word_1_164' title='bbox 1062 2379 1129 2414; x_wconf 92' lang='lat' dir='ltr'><strong>ac</strong></span> <span class='ocrx_word' id='word_1_165' title='bbox 1174 2364 1357 2428; x_wconf 84' lang='lat' dir='ltr'><strong>quoad</strong></span> <span class='ocrx_word' id='word_1_166' title='bbox 1400 2365 1598 2417; x_wconf 80' lang='lat' dir='ltr'><strong>vixero</strong></span> <span class='ocrx_word' id='word_1_167' title='bbox 1648 2374 1833 2434; x_wconf 82' lang='lat' dir='ltr'><strong>prote·</strong></span> 
     </span>
     <span class='ocr_line' id='line_1_26' title="bbox 291 2448 1835 2515; baseline 0.004 -17"><span class='ocrx_word' id='word_1_168' title='bbox 291 2449 510 2512; x_wconf 84' lang='lat' dir='ltr'><strong>stabor,</strong></span> <span class='ocrx_word' id='word_1_169' title='bbox 546 2465 630 2500; x_wconf 89' lang='lat' dir='ltr'><strong>me</strong></span> <span class='ocrx_word' id='word_1_170' title='bbox 665 2463 777 2500; x_wconf 90' lang='lat' dir='ltr'><strong>non</strong></span> <span class='ocrx_word' id='word_1_171' title='bbox 813 2449 1184 2515; x_wconf 79' lang='lat' dir='ltr'><strong>composuisse</strong></span> <span class='ocrx_word' id='word_1_172' title='bbox 1221 2448 1367 2498; x_wconf 89' lang='lat' dir='ltr'><strong>hunc</strong></span> <span class='ocrx_word' id='word_1_173' title='bbox 1399 2449 1609 2502; x_wconf 86' lang='lat' dir='ltr'><strong>librum</strong></span> <span class='ocrx_word' id='word_1_174' title='bbox 1648 2453 1727 2503; x_wconf 85' lang='lat' dir='ltr'><strong>ad</strong></span> <span class='ocrx_word' id='word_1_175' title='bbox 1750 2454 1835 2504; x_wconf 87' lang='lat' dir='ltr'><strong>Io-</strong></span> 
     </span>
     <span class='ocr_line' id='line_1_27' title="bbox 295 2532 1835 2596; baseline 0.006 -18"><span class='ocrx_word' id='word_1_176' title='bbox 295 2546 494 2580; x_wconf 83' lang='lat' dir='ltr'><strong>annem</strong></span> <span class='ocrx_word' id='word_1_177' title='bbox 517 2532 792 2584; x_wconf 87' lang='lat' dir='ltr'><strong>Reuchlin</strong></span> <span class='ocrx_word' id='word_1_178' title='bbox 817 2539 913 2585; x_wconf 84' lang='lat' dir='ltr'><strong>aut</strong></span> <span class='ocrx_word' id='word_1_179' title='bbox 939 2534 1187 2596; x_wconf 79' lang='lat' dir='ltr'><strong>quemvis</strong></span> <span class='ocrx_word' id='word_1_180' title='bbox 1226 2533 1397 2584; x_wconf 84' lang='lat' dir='ltr'><strong>alium</strong></span> <span class='ocrx_word' id='word_1_181' title='bbox 1434 2534 1835 2588; x_wconf 81' lang='lat' dir='ltr'><strong>offendendum</strong></span> 
     </span>
     <span class='ocr_line' id='line_1_28' title="bbox 291 2613 1837 2684; baseline 0.008 -22"><span class='ocrx_word' id='word_1_182' title='bbox 291 2613 390 2662; x_wconf 85' lang='lat' dir='ltr'><strong>sed</strong></span> <span class='ocrx_word' id='word_1_183' title='bbox 423 2617 610 2678; x_wconf 87' lang='lat' dir='ltr'><strong>potius</strong></span> <span class='ocrx_word' id='word_1_184' title='bbox 647 2615 718 2666; x_wconf 78' lang='lat' dir='ltr'><strong>ad</strong></span> <span class='ocrx_word' id='word_1_185' title='bbox 763 2617 1029 2680; x_wconf 87' lang='lat' dir='ltr'><strong>optimum</strong></span> <span class='ocrx_word' id='word_1_186' title='bbox 1076 2631 1347 2680; x_wconf 87' lang='lat' dir='ltr'><strong>quemque</strong></span> <span class='ocrx_word' id='word_1_187' title='bbox 1390 2618 1837 2684; x_wconf 82' lang='lat' dir='ltr'><strong>informandum,</strong></span> 
     </span>
     <span class='ocr_line' id='line_1_29' title="bbox 290 2697 1841 2764; baseline 0.007 -18"><span class='ocrx_word' id='word_1_188' title='bbox 290 2701 354 2746; x_wconf 84' lang='lat' dir='ltr'><strong>ut</strong></span> <span class='ocrx_word' id='word_1_189' title='bbox 388 2700 624 2748; x_wconf 84' lang='lat' dir='ltr'><strong>veritate</strong></span> <span class='ocrx_word' id='word_1_190' title='bbox 660 2697 894 2750; x_wconf 87' lang='lat' dir='ltr'><strong>huiusce</strong></span> <span class='ocrx_word' id='word_1_191' title='bbox 931 2700 1153 2764; x_wconf 85' lang='lat' dir='ltr'><strong>negocii</strong></span> <span class='ocrx_word' id='word_1_192' title='bbox 1188 2704 1247 2750; x_wconf 87' lang='lat' dir='ltr'><strong>et</strong></span> <span class='ocrx_word' id='word_1_193' title='bbox 1279 2707 1583 2764; x_wconf 86' lang='lat' dir='ltr'><strong>perspecta</strong></span> <span class='ocrx_word' id='word_1_194' title='bbox 1632 2711 1694 2755; x_wconf 83' lang='lat' dir='ltr'><strong>et</strong></span> <span class='ocrx_word' id='word_1_195' title='bbox 1750 2723 1841 2757; x_wconf 87' lang='lat' dir='ltr'><strong>co·</strong></span> 
     </span>
    </p>
   </div>
  </div>
 </body>
</html>
