1942 3109
227 244 324 296 180
403 259 694 296 nms'romn
719 257 1089 316 onscvnonvn
1114 259 1368 294 vinonvn
1394 258 1575 294 Nova.

221 365 417 433 leticia
463 366 686 430 aperui,
736 365 868 430 quia
915 365 1152 430 cognovi
1197 365 1442 430 sigillum
1476 368 1757 415 vestrum:

222 454 279 500 et
313 449 428 515 legi
465 453 522 500 et
556 450 812 516 intelligo
849 447 995 514 quod
1016 449 1340 501 Dominatio
1364 454 1557 501 vestra
1594 452 1759 515 cupit

222 537 368 586 scire
405 535 674 601 quomodo
709 540 896 586 tamen
930 534 1181 585 homines
1214 535 1515 600 loquuntur
1548 535 1644 585 hic
1680 535 1751 588 de

223 637 396 672 eausa
441 619 569 672 fidei
621 622 769 672 inter
821 635 920 671 vos
963 612 1279 686 Theologos
1343 624 1401 670 et
1442 619 1751 671 Iohannem

217 705 510 756 Reuchlin.
569 707 710 758 Volo
745 705 904 755 vobis
939 705 1211 766 scribere,
1250 704 1349 755 sed
1382 721 1494 756 non
1529 703 1751 756 debetis

219 789 356 839 mihi
389 790 596 841 habere
633 806 730 855 pro
767 790 942 854 male,
982 790 1115 854 qnia
1148 805 1260 840 non
1297 793 1427 839 sunt
1462 805 1560 854 pro
1584 793 1747 854 parte

217 879 424 926 vestra.
508 875 711 926 Omnes
767 874 962 926 dicunt
1016 874 1162 944 qnod
1208 874 1484 940 Theologi
1528 875 1749 924 faciunt

215 959 492 1011 Reuchlin
527 960 675 1011 sicut
711 961 894 1026 scribe
933 963 991 1009 et
1024 959 1272 1026 pharisei
1305 960 1563 1010 fecerunt
1590 959 1749 1010 Chri·-

219 1048 333 1109 ste,
381 1047 439 1096 et
485 1044 631 1109 quod
673 1045 794 1110 ipse
841 1055 1061 1109 semper
1104 1044 1213 1094 fuit
1264 1044 1469 1109 probus
1519 1045 1636 1108 vir,
1688 1049 1745 1094 et

219 1131 328 1180 fuit
373 1131 432 1179 in
469 1128 722 1180 Concilio
770 1129 997 1179 duorum
1032 1129 1451 1195 Imperatorum.
1522 1129 1599 1178 Et
1644 1145 1745 1180 sua

216 1215 466 1264 iul-istria
513 1215 732 1265 iuvavit
775 1213 981 1263 multas
1026 1214 1292 1264 civitates
1342 1217 1399 1280 et
1430 1215 1745 1280 Principes,

215 1299 290 1347 Et
336 1313 523 1348 omnes
568 1298 901 1349 invenerunt
945 1311 1069 1346 eum
1112 1298 1343 1361 probum
1382 1303 1457 1348 eet
1506 1297 1745 1350 fidelem.

215 1383 288 1432 Et
323 1382 470 1447 quod
503 1382 776 1447 Theologi
811 1379 1065 1432 invident
1100 1382 1276 1448 glorie
1312 1384 1517 1448 ipsiuS‚
1544 1387 1615 1434 ·et
1647 1399 1744 1434 vo-

215 1468 438 1518 luerunt
473 1481 596 1516 eum
641 1466 929 1516 declarare
975 1464 1283 1532 hereticum
1330 1481 1431 1532 per
1474 1466 1640 1518 devia
1686 1474 1745 1519 et

213 1551 525 1602 nullitates.
599 1550 830 1614 Quando
865 1549 1009 1600 talia
1046 1550 1237 1614 audio,
1273 1554 1411 1602 tunc
1444 1555 1611 1603 teneo
1646 1569 1743 1618 op-

213 1638 482 1701 positum:
519 1634 628 1686 Sed
653 1635 810 1684 scitis
833 1635 975 1685 bene
1002 1634 1151 1698 quod
1172 1635 1335 1685 multi
1360 1623 1528 1687 canes
1552 1653 1745 1702 super«

213 1723 426 1771 latrant
459 1735 644 1771 unum.
705 1720 983 1770 Dixerunt
1014 1732 1190 1785 nuper
1224 1719 1329 1772 duo
1354 1721 1615 1786 Magistri
1648 1738 1740 1774 ve·

213 1807 430 1857 nientes
467 1821 536 1856 ex
573 1803 836 1869 Colonia,
885 1809 942 1856 et
988 1819 1129 1854 unus
1176 1821 1243 1855 ex
1290 1805 1371 1856 eis
1418 1809 1504 1857 est
1539 1807 1737 1859 nobili·

213 1893 383 1955 tariS,
431 1889 576 1954 quod
625 1905 813 1941 omnes
857 1890 954 1953 qui
997 1893 1172 1954 agunt
1218 1894 1415 1940 contra
1448 1891 1741 1957 Renchlin,

215 1980 345 2026 sunt
391 1975 753 2026 communiter
787 1973 1001 2039 Spurii,
1046 1973 1138 2024 vel
1171 1974 1447 2040 Infames‚
1492 1977 1585 2027 vel
1610 1977 1741 2028 ‘Bn-

211 2061 392 2111 fones.
465 2058 625 2122 Quod
659 2059 768 2110 fuit
801 2059 937 2108 mihi
969 2073 1175 2124 magna
1208 2060 1569 2112 verecundia.
1632 2061 1741 2113 Sed

211 2147 453 2210 ipsorum
488 2159 630 2194 unus
657 2142 934 2194 audacter
956 2143 1097 2193 dixit
1122 2143 1266 2207 quod
1292 2161 1480 2196 omnes
1508 2146 1740 2197 eircum-

216 2233 434 2280 stantes
461 2227 782 2278 audieruntx
822 2227 1091 2292 ‘Domini,
1129 2233 1191 2278 ut
1226 2228 1565 2295 intelligatis
1603 2247 1739 2296 qua.-

210 2316 282 2366 lis
338 2315 412 2364 sit
463 2313 576 2366 ista
625 2327 799 2363 causa
849 2315 1045 2363 contra
1086 2312 1390 2364 Iohannem
1434 2315 1741 2369 Reuchlin:

209 2399 312 2450 illa
350 2413 524 2449 causa
558 2397 758 2449 habuit
790 2398 1125 2463 principium
1162 2413 1196 2448 a
1230 2397 1478 2453 Iohanne
1502 2401 1742 2453 Pfeffer—

210 2485 378 2545 kern,
429 2483 525 2546 qui
573 2486 659 2532 est
699 2481 899 2532 similis
944 2498 1004 2532 re
1042 2486 1099 2532 et
1134 2484 1353 2534 nomine
1392 2487 1453 2535 et·
1484 2486 1743 2538 omnibus

209 2567 384 2618 modis
408 2567 540 2616 huic
562 2566 801 2617 Iohanni
823 2565 1176 2617 Pfefferkorn
1212 2569 1309 2632 qui
1342 2568 1453 2618 fuit
1484 2569 1578 2618 hic
1616 2587 1745 2621 cum

209 2651 518 2716 forcipibus
555 2650 756 2701 calidis
793 2651 1111 2701 laceratus:
1149 2652 1282 2715 quia
1318 2653 1487 2703 etiam
1525 2659 1613 2704 est
1644 2655 1743 2706 Iu·

209 2735 344 2802 dens
364 2736 714 2801 baptizatus,
755 2739 812 2786 et
837 2737 1007 2786 etiam
1031 2740 1257 2800 propter
1282 2739 1567 2802 nequitias
1594 2754 1745 2804 quas
