1942 3109
139 247 378 283 svuuAa.
395 247 528 282 11110.
543 245 612 280 nn
627 244 932 282 sunum-An
955 245 1196 282 navem„
1220 245 1523 283 mrum-ro.
1562 233 1661 283 159

137 352 392 404 mandato
429 350 499 402 ad
535 352 706 402 totius
743 350 1045 418 christiane
1080 351 1369 417 religionis
1401 352 1659 404 honorem

141 451 398 488 concesso
423 437 756 488 malevolam
777 437 954 500 ipsius
979 435 1361 488 defensionem
1386 440 1443 487 et
1476 439 1661 488 omnia

139 522 253 573 alia
297 536 404 588 que
447 523 507 571 in
553 521 863 572 istiusmodi
909 522 1146 588 negocio
1192 521 1485 583 edidisset,
1530 537 1658 588 sup-

135 609 294 674 primi
329 611 387 658 et
421 623 452 658 e
488 606 666 656 medio
703 606 999 657 confestim
1036 606 1162 656 tolli
1188 606 1537 657 severissime
1565 607 1659 658 de-

135 692 431 743 mandavit.
505 691 610 741 hoc
645 691 838 756 itaque
873 691 1197 742 mandatum
1231 692 1543 754 recentius,
1590 690 1657 741 de

135 794 239 842 quo
274 778 486 827 nullam
521 778 581 827 in
617 778 734 826 suis
771 777 997 842 scriptis
1021 777 1353 828 mentionem
1378 776 1538 839 facit,
1576 776 1660 826 al-

134 863 237 912 teri
290 862 470 926 ipsius
525 861 787 912 mandato
846 862 1071 927 penitus
1138 860 1445 924 derogavit.
1538 861 1661 926 Ego

135 953 320 998 tamen
375 945 554 995 veluti
609 947 892 1011 legitimus
947 945 1264 1010 obedientie
1318 942 1465 994 filius
1519 946 1660 996 nihil

135 1036 328 1081 contra
352 1029 726 1080 adversarium
761 1030 944 1082 moliri
980 1033 1261 1091 statuens,
1297 1029 1461 1078 immo
1499 1033 1554 1078 et
1588 1045 1659 1080 ne

131 1115 388 1181 cogitans
425 1113 674 1178 quidem,
711 1115 824 1180 legi
859 1119 916 1166 et
941 1114 1132 1165 audivi
1154 1114 1419 1164 Ioannem
1442 1113 1659 1164 Reueh-

129 1202 214 1252 lin
248 1199 532 1250 silentium
565 1200 728 1248 nobis
765 1215 800 1248 a
823 1199 1069 1265 Cesarea
1092 1199 1395 1250 Maiestate
1431 1199 1655 1263 imposi-

130 1291 247 1334 tum
284 1286 342 1332 et
375 1297 474 1347 per
507 1297 568 1332 se
605 1286 662 1332 et
684 1297 783 1346 per
805 1297 932 1332 suos
958 1285 1195 1348 turpiter
1220 1288 1277 1334 et
1298 1298 1467 1348 supra
1494 1297 1658 1346 quam

129 1369 392 1432 cuiquam
429 1366 698 1416 credibile
735 1370 823 1417 est
855 1367 1230 1420 inhumaniter
1274 1385 1399 1419 mea
1444 1353 1659 1433 script‘a

127 1468 346 1518 semper
401 1449 774 1519 preveniendo
828 1451 1143 1516 infregisse.
1242 1444 1293 1502 (I
1349 1454 1415 1503 In
1469 1455 1662 1520 primis

124 1540 300 1606 igitur
333 1541 396 1588 ut
431 1537 743 1588 rationibus
775 1538 965 1588 omnia
1012 1539 1341 1601 probentur,
1388 1540 1657 1605 impressa

125 1628 214 1674 est
250 1623 486 1689 quedam
521 1621 750 1672 infamis
787 1622 1073 1672 sententia
1107 1638 1205 1686 per
1239 1622 1658 1676 Renchlinistas

122 1707 378 1759 omnibus
415 1708 572 1759 nobis
608 1708 983 1756 irreverenter
1016 1705 1287 1767 illudens,
1336 1709 1427 1756 cui
1461 1710 1659 1760 titulus

123 1795 260 1844 ‘Nos
306 1793 675 1843 scubulorum’
723 1795 800 1842 ‚et
835 1805 882 1838 c.
956 1787 1211 1839 Secundo
1256 1790 1376 1854 ipse
1424 1791 1661 1844 Ioannes

122 1876 404 1928 Reuchlin
425 1876 588 1925 nimis
614 1874 938 1927 inobediens
958 1872 1201 1942 cesaree
1225 1873 1513 1926 Maiestati
1536 1881 1663 1942 post

119 1959 269 2013 illud
305 1958 520 2008 silentii
554 1959 869 2010 mandatum
907 1957 1053 2024 quod
1088 1973 1233 2008 anno
1278 1958 1661 2011 decimotertio

124 2049 184 2097 in
223 2059 410 2095 mense
445 2042 606 2093 Iunio
643 2047 949 2108 emanavit,
996 2043 1236 2109 imprimi
1279 2042 1423 2092 fecit
1454 2043 1661 2094 multas

123 2128 429 2195 epistolas,
487 2130 545 2176 et
589 2141 722 2176 suas
769 2132 826 2176 et
872 2129 1106 2179 aliorum
1152 2127 1435 2179 succisive
1483 2126 1553 2176 ad
1598 2143 1659 2178 se

121 2214 358 2275 missas,
414 2211 820 2262 invectivarum
877 2213 1091 2264 aculeis
1136 2229 1323 2264 omnes
1370 2228 1469 2263 nos
1512 2213 1659 2262 iniu-

121 2297 374 2350 stissime
408 2298 749 2360 pungentes,
785 2310 926 2358 quas
961 2294 1256 2348 ‘clarorum
1278 2298 1538 2349 virorum’
1574 2299 1660 2348 in·

121 2382 387 2447 scripsit,
445 2393 594 2431 anno
639 2378 1055 2443 decimoquarto
1098 2381 1157 2430 in
1200 2398 1387 2433 mense
1434 2382 1659 2433 Martio.

119 2471 192 2520 In
239 2467 441 2532 quibus
491 2463 710 2528 quidem
763 2463 1019 2529 epistolis
1064 2463 1113 2530 ᾧ
1168 2467 1342 2529 primo
1402 2466 1659 2518 columna

122 2555 310 2619 prima
347 2556 541 2603 contra
579 2549 967 2618 evangelicam
1003 2551 1415 2618 preceptionem
1440 2553 1659 2618 abipso

121 2637 416 2688 Bilibaldo
454 2633 668 2701 (nescio
705 2635 834 2702 quo)
871 2636 930 2686 in
965 2635 1326 2701 Nurenberga
1360 2636 1523 2687 nimis
1556 2639 1657 2688 im-

121 2723 222 2789 pie
267 2738 386 2772 sum
433 2723 614 2789 lesus,
660 2740 745 2776 me
793 2726 849 2775 et
893 2721 1252 2791 semiiudeum
1298 2725 1355 2774 et
1398 2721 1463 2773 de
1512 2727 1660 2774 terra
