1942 3109
205 226 274 279 26
343 240 722 281 rnrsarconm
747 238 1221 281 nurnns.conraa
1244 242 1727 279 samosatam».

312 338 365 399 (ἶ
401 348 450 399 Ο
489 348 801 401 charissimi
831 350 1075 400 lectores
1108 350 1167 399 in
1202 348 1421 400 Christo
1438 347 1611 399 Ihesu
1644 349 1751 399 iu·-

205 435 354 501 giter
376 434 709 499 honorandi,
747 434 912 500 quale
939 432 1219 501 (obsecro)
1248 437 1335 486 est
1354 434 1463 485 hoc
1487 434 1729 500 signum,

207 520 354 585 quod
411 522 534 585 ipse
579 519 853 570 Reuchlin
909 520 993 570 ita
1050 519 1203 571 dolet
1262 520 1731 571 consultationem

205 620 364 657 suam
399 620 522 657 esse
557 604 936 671 publicatam?
981 605 1084 655 Est
1117 606 1369 671 profecto
1413 606 1730 672 pessimum,

207 707 274 742 eo
311 690 458 756 quod
491 691 611 755 ipse
651 694 819 755 caput
851 689 1041 740 mundi
1075 690 1467 741 secretissimis
1504 691 1730 755 quibus·
1766 741 1781 759 ,

205 776 334 827 dam
365 774 712 827 diverticulis
750 779 807 826 et
839 774 1006 825 falsis
1030 774 1486 841 persuasionibus
1512 778 1731 827 secreto

209 862 280 911 ab
325 861 450 924 ipsa
491 861 734 910 veritate
781 864 1017 911 conatus
1067 860 1141 912 sit
1178 865 1465 926 avertere,
1512 864 1571 911 et
1602 876 1731 927 pro-

207 950 402 1011 pterea
448 959 636 995 omnes
685 944 796 1014 alie
840 945 1241 998 universitates
1290 944 1448 1011 (quia
1492 946 1635 997 bene
1672 949 1731 996 et

205 1035 404 1082 sancte
462 1030 832 1097 scripserunt)
890 1031 1026 1081 mihi
1084 1046 1307 1081 suarum
1366 1030 1733 1083 consultatio·

207 1129 338 1166 num
375 1116 564 1181 copias
601 1115 748 1167 ultro
783 1120 842 1167 et
863 1131 975 1167 non
998 1119 1193 1183 rogate
1218 1115 1506 1181 dederunt,
1543 1130 1731 1180 quem-

209 1200 498 1252 admodum
541 1200 881 1254 bedellorum
927 1201 1313 1267 chirographis
1360 1201 1557 1253 docere
1600 1216 1733 1267 pos-

211 1302 358 1353 sum,
403 1290 467 1336 ut
501 1301 603 1352 ego
638 1292 905 1351 tanquam
937 1302 1105 1338 verus
1142 1291 1201 1337 et
1233 1286 1484 1337 delectus
1520 1286 1735 1337 sollici-

207 1377 359 1423 tator
394 1376 748 1437 augmentum
770 1372 897 1423 fidei
921 1370 1241 1439 Christiane
1274 1385 1572 1437 procurare
1604 1386 1737 1437 pos·-

211 1474 342 1509 sem.
421 1447 474 1506 (I
515 1457 803 1507 Postremo
837 1472 908 1506 ne
943 1456 1168 1521 longum
1204 1456 1411 1508 faciam
1444 1454 1613 1507 Aliud
1642 1460 1735 1507 est

209 1540 500 1607 publicare
549 1541 786 1591 consilia
831 1543 1051 1592 secreta
1098 1556 1206 1610 que
1242 1545 1555 1593 tractantur
1586 1542 1737 1592 inter

210 1627 492 1691 principes
519 1628 578 1677 et
603 1627 881 1691 clvitates,
920 1640 1087 1690 quam
1114 1640 1220 1695 que
1246 1628 1551 1693 respiciunt
1568 1625 1735 1676 'fidem

213 1711 554 1762 catholicam
591 1714 648 1760 et
685 1711 985 1763 ecclesiam
1020 1711 1137 1777 dei,
1187 1712 1245 1762 in
1290 1726 1400 1776 qua
1446 1711 1602 1764 nulla
1636 1710 1734 1761 de—

211 1798 308 1849 bet
345 1812 466 1847 esse
493 1796 712 1861 divisio,
747 1796 906 1847 nulla
931 1795 1229 1862 discordia,
1271 1796 1485 1847 nullum
1506 1795 1733 1847 scisma.

212 1882 381 1932 Immo
419 1882 590 1933 etiam
625 1885 687 1933 ut
719 1896 911 1933 verum
947 1882 1162 1947 fatear,
1209 1882 1349 1933 nihil
1384 1882 1611 1945 occulti,
1648 1882 1735 1931 ni-

209 1966 292 2017 hil
337 1967 481 2033 quod
524 1968 788 2019 tenebras
833 1968 987 2019 volet
1028 1968 1089 2019 in
1126 1970 1312 2019 causis
1346 1964 1476 2018 fidei
1510 1970 1609 2017 aut
1642 1984 1735 2017 ec—

213 2054 388 2123 clesie
423 2056 678 2121 negocio,
711 2052 806 2105 vel
843 2052 1117 2119 agendum
1137 2052 1229 2103 vel
1254 2051 1603 2104 scribendum
1626 2057 1735 2118 est,

211 2140 347 2202 quia
380 2144 528 2191 teste
563 2139 850 2190 salvatore
886 2143 1101 2203 nostro,
1140 2139 1249 2201 Qui
1283 2154 1393 2189 non
1426 2138 1603 2188 intrat
1636 2150 1739 2202 per

209 2225 446 2286 ostium,
491 2223 585 2273 hic
620 2224 709 2273 fur
746 2225 831 2272 est
867 2224 922 2271 et
955 2220 1119 2273 latro.
1191 2223 1338 2285 Quia
1374 2224 1545 2288 igitur
1579 2220 1739 2272 aliud

211 2312 302 2357 est
343 2308 500 2371 loqui
543 2306 612 2357 de
656 2306 1037 2372 publicatione
1084 2322 1375 2359 causarum
1420 2306 1737 2373 prophana-

211 2406 332 2442 rum
367 2405 532 2455 quam
569 2391 1110 2458 ecclesiasticarum,
1154 2394 1298 2445 nihil
1346 2398 1433 2445 est
1467 2390 1613 2457 quod
1645 2390 1737 2441 Io-

213 2490 388 2526 annes
441 2475 714 2529 Reuchlin
773 2493 932 2530 suam
986 2478 1453 2529 consultationem
1498 2493 1599 2544 per
1640 2490 1737 2527 eos

211 2559 559 2624 publicatam
597 2563 937 2628 criminetur,
974 2564 1176 2627 quibus
1210 2562 1267 2612 id
1301 2578 1399 2627 per
1436 2562 1738 2631 cesaream

215 2643 572 2695 Maiestatem
627 2646 976 2697 commissum
1020 2648 1144 2699 fuit.
1215 2648 1337 2715 Hec
1372 2649 1557 2697 omnia
1588 2646 1733 2711 pro-1

27 2724 34 2875 ἰ
82 2723 195 2791 (Β4)
222 2727 483 2780 culdubio
539 2745 574 2780 a
627 2731 766 2782 viris
823 2734 1169 2798 sapientibus
1224 2735 1281 2783 et
1324 2731 1512 2797 bonis,
1571 2732 1739 2783 immo
