1942 3109
292 214 388 264 174
465 227 758 264 sprsroms
783 228 1153 264 onscvnonvn
1176 228 1432 264 vrnonvu
1456 227 1637 264 noua.
1668 251 1679 261 ..

289 334 384 394 qui
441 333 858 384 combusserunt
911 331 1212 397 Speculum
1258 331 1499 383 Oculare
1543 331 1820 382 Iohannis

285 416 591 467 Reuchlinz
637 417 736 468 sed
782 433 884 482 ego
930 416 1189 468 deberem
1231 416 1389 467 vobis
1433 416 1623 466 facere
1666 416 1822 465 sicut
1919 447 1920 450 =

287 515 388 550 vos
423 501 617 551 facitis
653 503 813 566 mihi,
853 506 909 552 et
942 517 1053 552 non
1089 500 1345 552 deberem
1378 500 1539 551 vobis
1564 500 1821 552 scribere
1918 489 1920 554 ἶ

285 599 453 635 unam
487 589 730 650 guttam:
767 586 864 636 sed
899 591 1086 636 tamen
1120 601 1232 636 non
1266 585 1596 648 faciam,.et
1630 584 1821 634 adhuc
1918 591 1920 650 ᾗ

279 670 458 720 ‘semel
491 670 620 721 volo
656 669 941 736 indulgere
964 671 1125 722 vobis
1141 708 1154 734 ,
1190 671 1272 720 ita
1295 673 1481 719 tamen
1506 668 1652 732 quod
1676 671 1823 720 seri—

1918 659 1920 694 ἱ

1918 699 1920 760 ἱ

291 755 442 805 batis
465 754 602 804 mihi
626 755 832 804 statim.
889 755 966 804 Et
1000 754 1218 804 debetis
1254 755 1399 804 scire
1436 753 1683 817 qualiter
1715 755 1825 804 isti
1919 761 1920 820 ᾗ

285 839 480 905 iul-iste
519 842 575 888 et
611 838 924 890 adversarii
959 853 1081 888 cum
1118 837 1393 888 adiutorio
1416 837 1679 900 Diaboli,
1717 840 1819 901 qui
1902 873 1911 882 .

287 927 376 972 est
408 922 586 973 hostis
622 921 750 973 fidei
784 915 1105 990 Christiane
1150 937 1251 988 per
1294 937 1427 972 suas
1472 920 1819 986 blandicias,
1918 969 1920 1002 j

285 1007 434 1056 sicut
467 1007 556 1074 pie
595 1006 864 1071 creditur,
913 1007 1334 1071 acquisiverunt
1378 1006 1579 1057 multos
1622 1007 1821 1057 fauto-
1919 1003 1920 1006 ’

286 1107 406 1155 res,
444 1095 500 1142 et
531 1093 797 1158 precipue
835 1090 1162 1144 Curtisanos
1208 1092 1306 1156 qui
1348 1095 1482 1142 sunt
1523 1089 1591 1140 de
1636 1093 1816 1156 parti-

285 1177 389 1225 bus
435 1176 838 1241 superioribus,
887 1179 951 1226 *et
1004 1191 1113 1227 non
1166 1176 1377 1226 habent
1418 1176 1621 1226 bonam
1670 1175 1823 1226 Con-

286 1260 612 1324 scientiam,
649 1263 706 1308 et
741 1259 987 1309 inferunt
1020 1275 1252 1326 magnas
1288 1261 1523 1310 iniurias
1559 1259 1821 1326 predicto

286 1342 558 1407 Magistro
601 1346 817 1405 nostr0‚
873 1347 1145 1394 vexantes
1192 1361 1313 1395 eum
1358 1345 1505 1394 sieut
1552 1343 1821 1408 beanum,

289 1430 346 1477 et
369 1427 619 1478 dicentes
646 1426 791 1491 quod
826 1427 1065 1492 ipsemet
1100 1433 1187 1479 est
1221 1428 1532 1495 hereticus,
1573 1432 1629 1478 et
1669 1428 1823 1492 quod

286 1511 557 1577 Theologi
591 1513 650 1561 in
676 1511 912 1564 Colonia
945 1515 1077 1562 sunt
1098 1513 1362 1564 Bufones.
1424 1511 1628 1563 Sancte
1655 1511 1823 1578 deuS‚

288 1595 419 1658 quid
452 1594 710 1646 debemus
746 1596 966 1646 dicere?
1002 1597 1123 1647 Non
1161 1600 1246 1647 est
1280 1611 1538 1662 magnum
1572 1596 1823 1646 miracu-

283 1679 398 1729 lum
444 1679 590 1742 quod
635 1695 798 1729 sacra
835 1680 1143 1746 Theologia
1189 1681 1353 1732 debet
1397 1683 1479 1731 ita
1514 1680 1823 1746 »scandali-

284 1763 428 1827 sari,
477 1767 532 1814 et
576 1764 775 1815 haberi
817 1780 914 1830 pro
959 1781 1070 1817 una
1105 1767 1409 1829 frascaria,
1448 1769 1504 1816 et
1538 1765 1829 1831 Theologi

286 1849 383 1912 qui
417 1851 548 1899 sunt
582 1849 729 1898 sicut
765 1843 1009 1913 apostoli
1042 1849 1159 1913 dei,
1196 1849 1401 1900 debent
1434 1850 1621 1915 sperni
1648 1853 1830 1914 quasi

239 1933 245 1936 ’
285 1936 474 1982 essent
509 1932 705 1981 stulti?
745 1931 999 1982 Credatis
1034 1934 1168 1984 mihi
1204 1933 1457 1998 firmiter,
1496 1933 1640 1997 quod
1676 1934 1829 1986 fides

286 2015 584 2066 Catholica
628 2015 859 2067 habebit
901 2033 1160 2082 magnum
1206 2019 1413 2068 malum
1468 2017 1698 2084 exinde,
1766 2027 1833 2070 et

287 2116 388 2166 ego
434 2102 628 2164 time0,
677 2101 822 2164 quod
869 2103 977 2152 erit
1020 2117 1133 2152 una
1180 2103 1431 2152 confusio
1468 2103 1525 2152 in
1565 2103 1831 2155 ecclesia

282 2185 391 2235 dei.
470 2179 657 2234 Etiam
703 2185 924 2250 dicunt,
976 2186 1121 2250 quod
1164 2187 1417 2238 dominus
1464 2188 1833 2253 apostolicus

283 2273 369 2318 est
403 2283 500 2334 pro
525 2272 685 2334 parte
711 2269 975 2321 Iohannis
998 2270 1299 2334 Reuchlinae,
1336 2274 1469 2335 quia
1492 2273 1613 2336 ipse
1642 2274 1835 2324 etiam

282 2357 369 2403 est
411 2357 578 2418 poeta
625 2357 680 2404 et
725 2355 882 2405 favet
926 2355 1160 2406 iuristis.
1242 2354 1352 2405 Sed
1396 2359 1587 2406 tamen
1648 2373 1833 2424 spero
1919 2353 1920 2398 5

283 2437 428 2500 quod
464 2454 566 2489 sua
603 2437 1045 2490 Sanctissimitas
1080 2440 1489 2490 illuminabitur
1532 2455 1635 2506 per
1661 2443 1837 2507 ‘gra-
1918 2459 1920 2504 3

282 2523 419 2571 tiam
467 2521 922 2587 Spiritussancti‚
971 2528 1029 2574 et
1073 2540 1182 2575 non
1228 2523 1385 2575 dabit
1430 2525 1639 2575 malam
1692 2543 1839 2579 sen·
1919 2523 1920 2536 ³

283 2606 516 2656 tentiam
531 2644 545 2671 ,
