1942 3109
527 262 593 306 53.
617 265 886 302 ‚ronAmus
915 265 1320 302 scnnuwrzrcx.
1615 250 1714 302 323

196 377 340 425 des?
387 373 482 422 Est
517 371 840 422 scandalum
877 371 1019 434 quod
1054 371 1187 421 talis
1230 373 1315 420 vir
1356 371 1519 422 debet
1560 370 1712 436 pedi·

194 463 309 512 bus
357 461 464 508 suis
511 457 794 507 ambulare
841 473 938 522 per
982 457 1222 507 merdam
1270 461 1325 507 et
1370 472 1468 521 per
1502 456 1709 507 lutum'.

195 543 502 609 Respondit
546 543 698 607 ipse:
745 539 818 590 ‘hi
861 546 916 590 in
966 543 1212 592 curribus
1251 546 1306 591 et
1338 543 1399 591 hi
1431 543 1491 591 in
1527 543 1711 605 equis:

197 645 302 680 nos
340 632 519 679 autem
555 628 613 676 in
649 627 863 676 nomine
900 626 1105 676 domini
1129 628 1411 676 venimus'.
1471 627 1605 675 Dixi
1630 629 1709 677 ei:

196 713 326 765 ‘Sed
371 729 516 762 nunc
563 715 650 762 est
693 727 891 776 magna
935 712 1128 776 pluvia
1174 716 1229 762 et
1272 712 1482 777 frigus'.
1554 712 1709 761 Tunc

190 799 407 852 levavit
441 812 633 847 manus
671 812 798 846 suas
837 795 906 846 ad
954 797 1151 845 coelum
1199 796 1417 846 dicens:
1466 795 1705 860 ‘Rorate,

193 884 333 952 celi,
372 882 630 946 desuper,
669 885 725 931 et
759 883 933 932 nubes
969 880 1165 944 pluant
1198 882 1437 931 iustum’.
1507 882 1581 930 Et
1618 897 1707 932 co-

189 968 375 1034 gitavi
406 983 641 1016 mecum:
680 964 746 1014 ‘O
785 965 948 1027 deus,
986 980 1096 1013 non
1133 969 1218 1013 est
1250 981 1450 1029 magna
1483 967 1709 1015 miseria

195 1051 344 1117 quod
379 1051 505 1101 taus
539 1052 812 1116 Magister
846 1052 1036 1099 noster
1070 1048 1235 1098 debet
1266 1049 1470 1099 habere
1506 1050 1709 1098 malam
1740 1031 1749 1038 ”

187 1139 506 1190 fortunam?
546 1140 676 1186 ante
714 1135 848 1185 duos
887 1149 1059 1184 annos
1098 1150 1197 1199 ego
1233 1133 1348 1184 vidi
1373 1151 1493 1184 eum
1517 1135 1707 1184 venire

185 1225 419 1274 Romam
456 1238 575 1272 cum
611 1222 791 1271 tribus
829 1221 1016 1284 equis,
1057 1223 1111 1270 et
1145 1235 1290 1269 nunc
1312 1219 1469 1270 vadit
1492 1235 1589 1284 per
1613 1235 1707 1283 pe-

186 1309 323 1359 des'.
407 1308 479 1356 Et
523 1307 636 1356 dixi
685 1307 766 1356 ei:
814 1304 1015 1357 ‘Vultis
1066 1320 1262 1369 equum
1306 1306 1536 1356 meum?’
1600 1304 1706 1354 Re-

187 1392 414 1458 spondit
445 1394 565 1458 ipse
602 1392 856 1441 metrice:

192 1479 307 1543 Qui
340 1477 468 1528 dare
505 1477 627 1528 vult
663 1475 820 1540 aliis,
867 1492 975 1526 non
1018 1475 1182 1526 debet
1226 1475 1409 1526 dicere
1446 1475 1703 1528 ‘Vultis?'

188 1565 349 1614 Tunc
386 1563 526 1612 dixi:
565 1561 688 1610 ‘Per
722 1560 908 1626 deum,
947 1563 1141 1612 eximie
1178 1561 1419 1626 domine,
1456 1565 1576 1629 Ego
1602 1564 1699 1613 ha-

181 1651 293 1700 beo
328 1661 496 1697 unam
531 1648 870 1711 vacantiam,
919 1651 976 1697 et
1020 1651 1311 1714 propterea
1357 1652 1573 1712 oportet
1615 1663 1701 1698 me

181 1731 461 1784 velociter
511 1730 620 1780 ire:
675 1732 817 1781 alias
872 1730 1075 1782 vellem
1118 1732 1276 1782 vobis
1324 1730 1452 1782 dare
1504 1745 1699 1795 equum

185 1817 407 1865 meum'.
475 1815 548 1863 Et
581 1817 660 1866 sic
697 1816 969 1880 dereliqui
1006 1832 1141 1866 eum.
1213 1817 1363 1866 Ecce
1400 1831 1545 1865 nunc
1592 1817 1699 1866 sci-

103 1943 106 1946 .
187 1900 268 1948 tis
307 1898 567 1960 quomodo
603 1905 740 1964 stat,
799 1905 854 1952 et
886 1900 1088 1952 videtis
1126 1900 1268 1965 quod
1303 1901 1400 1951 ille
1436 1902 1701 1966 magister

181 1986 379 2035 noster
414 1987 496 2034 est
531 1986 585 2034 in
620 2001 822 2052 magna
865 1985 1117 2048 miseria3
1164 1989 1457 2051 propterea
1504 2001 1699 2049 procu-

179 2071 319 2120 retis
359 2071 410 2120 ei
446 2071 762 2134 pecuniam,
799 2071 892 2122 vel
917 2070 1101 2120 Causa
1134 2070 1279 2119 male
1317 2070 1505 2118 stabit.
1556 2070 1697 2132 Quia

179 2159 508 2219 procurator
543 2156 804 2206 Iohannis
840 2155 1114 2206 Reuchlin
1147 2154 1420 2205 Iohannes
1455 2170 1564 2205 von
1600 2154 1696 2206 der

179 2238 351 2291 Wick
389 2239 528 2288 facit
561 2242 853 2290 maximam
898 2240 1270 2306 diligentiam,
1319 2245 1375 2292 et
1420 2241 1591 2291 currit
1640 2245 1695 2292 et

176 2325 433 2375 recurrit.
490 2325 566 2374 Et
590 2341 764 2390 nuper
788 2327 1049 2392 imposuit
1072 2325 1307 2392 quedam
1330 2327 1539 2391 scripta
1568 2342 1693 2376 con-

174 2414 264 2459 tra
288 2409 620 2476 Magistrum
654 2415 896 2460 nostrum
919 2411 1209 2473 Iacobum,
1246 2411 1330 2459 ita
1367 2409 1697 2460 scandaloso.

178 2495 321 2558 quod
369 2511 471 2560 ego
518 2495 684 2544 miror
731 2495 873 2560 quod
919 2496 1053 2546 deus
1098 2509 1207 2545 non
1254 2498 1445 2558 aperte
1498 2495 1693 2564 plagat

176 2595 316 2629 eum.
408 2579 537 2644 Ipse
597 2580 762 2630 etiam
816 2595 991 2645 nuper
1032 2581 1372 2644 vituperavit
1413 2581 1692 2646 prefatum

171 2663 509 2728 Magistrum
543 2668 790 2716 nostrum
825 2667 883 2714 in
917 2666 1146 2727 faciem,
1184 2665 1403 2713 dicens:
1442 2663 1576 2726 ‘Ego
1616 2667 1693 2712 ef-

174 2747 362 2798 ficiam
416 2748 624 2799 auxilio
677 2749 963 2811 veritatis,
1030 2746 1173 2810 quod
1226 2751 1287 2794 tu
1336 2746 1585 2794 morieris
1638 2745 1695 2790 in

1288 2825 1351 2872 21
1367 2825 1396 2850 ’⁸⁹
