1942 3109
437 260 724 298 nuzoevs
751 262 930 298 uovvs
955 262 1028 297 m·
1053 262 1194 297 mxu-3
1223 262 1515 300 rnsnvvs.
1639 248 1740 300 393

312 383 370 418 u.
435 382 734 419 on'rvnws.
805 367 919 419 Nos
982 368 1296 419 sciebamus
1356 368 1516 420 corde
1574 373 1737 421 tenus
1759 375 1875 426 §.25.

212 459 410 505 nostra
446 456 791 521 argumenta.

315 555 373 589 κ.
410 553 722 591 nvronnvs.
781 538 894 589 Nos
929 538 1311 603 quaerebamus
1346 542 1404 590 in
1440 541 1742 609 questioni-

211 627 345 690 bus,
393 624 525 690 quid
561 628 648 676 est
681 623 1026 674 doctrinale?
1061 625 1389 676 Doctrinale
1438 630 1495 675 et
1538 625 1743 676 doctri-

211 710 402 762 nabile
438 708 710 775 quomodo
744 708 1044 785 differunt?
1084 711 1233 772 Quot
1267 716 1397 761 sunt
1418 711 1744 763 necessaria

211 797 272 846 in
306 794 466 846 domo
503 795 629 846 dei?
668 793 815 857 Quid
853 799 939 844 est
965 793 1244 846 clericus?
1281 795 1425 859 Quid
1450 800 1538 847 est
1561 797 1742 849 scien-

213 882 328 931 tia?
367 880 475 931 Sed
511 880 622 929 iam
657 879 842 930 omnia
877 880 991 929 ista
1027 885 1156 930 sunt
1190 880 1477 933 derelicta.

316 981 374 1014 u.
415 978 798 1015 emoonrnvs.
857 964 1220 1028 Habebamus
1266 968 1440 1018 bonos
1486 973 1745 1020 auctores

217 1052 456 1115 septem,
507 1048 890 1112 Graecismum,
938 1048 1007 1099 de
1053 1048 1383 1115 Gallandia,
1440 1055 1497 1103 et
1540 1054 1746 1103 scribe·

217 1136 412 1186 bamus
449 1133 631 1185 omnia
667 1134 733 1185 de
769 1150 938 1185 manu
974 1135 1216 1201 propria.

318 1237 375 1270 x.
424 1223 741 1272 onwvmvsl
804 1220 994 1270 Etiam
1045 1235 1146 1271 nos
1199 1220 1539 1273 habebamus
1598 1224 1745 1273 bona
1767 1230 1881 1280 §.212

215 1306 594 1357 fundamenta.

316 1407 374 1441 u.
413 1406 726 1443 Lvronnvs.
777 1390 940 1442 Modo
978 1408 1089 1443 non
1126 1395 1214 1443 est
1250 1392 1489 1458 amplius
1526 1393 1749 1462 questio

214 1476 281 1529 de
317 1476 412 1527 via
449 1479 668 1541 patrum
702 1479 1033 1527 nostrorum.

317 1578 376 1613 u.
417 1567 802 1614 esuoonrnvs.
863 1561 1028 1613 Modo
1076 1566 1376 1628 antequam
1424 1579 1566 1617 unus
1614 1581 1751 1631 puer

215 1650 362 1699 sciat
395 1662 658 1711 mungere
696 1661 853 1697 suum
887 1662 1113 1711 nasum,
1151 1652 1370 1713 oportet
1406 1650 1551 1714 quod
1576 1665 1750 1715 pona-

212 1736 304 1783 tur
341 1731 411 1782 ad
448 1726 735 1796 graecum*

318 1832 375 1866 u.
416 1829 715 1865 onmvmvs.
773 1814 935 1866 Modo
982 1832 1082 1881 pro
1127 1817 1389 1869 faciendo
1426 1818 1737 1871 conclusio·
1764 1826 1883 1877 §.27.

217 1916 370 1961 nem,
409 1898 551 1947 nihil
585 1898 780 1949 valent
815 1901 1017 1950 omnia.

321 1999 379 2033 n.
420 1996 734 2033 LVPOLDVS.
805 1982 867 2032 Si
901 1983 990 2032 illi
1022 1985 1155 2034 boni
1190 1990 1409 2049 patres,
1458 1990 1553 2051 qui
1591 1992 1752 2040 erant

216 2070 395 2122 nostri
418 2070 801 2135 preceptores,
826 2068 1085 2119 venirent
1108 2069 1291 2133 modo,
1328 2073 1527 2121 sancta
1550 2071 1751 2138 Maria,

217 2153 352 2220 quid
387 2151 668 2217 dicerent,
704 2152 754 2203 si
776 2151 1032 2204 viderent
1067 2154 1253 2205 omnia
1288 2156 1370 2205 sic
1406 2160 1657 2209 mutata?

322 2254 380 2288 u.
422 2251 803 2290 ameomnvs.
855 2238 963 2290 Sed
1001 2240 1134 2304 quid
1168 2239 1419 2293 dicerent
1453 2242 1520 2295 de
1555 2248 1749 2296 nostra

216 2324 427 2387 biblia,
467 2338 590 2387 quse
629 2328 714 2375 est
747 2324 905 2376 modo
942 2326 1027 2376 sic
1062 2331 1368 2378 renovata?

320 2426 379 2461 u.
407 2423 703 2459 omvmvffl
743 2409 853 2460 Sed
877 2410 1009 2474 quid
1033 2410 1284 2462 dicerent
1306 2413 1373 2464 de
1397 2414 1570 2466 beata
1592 2416 1747 2480 Mag-

216 2496 452 2559 dalena,
491 2508 614 2558 quae
651 2497 737 2545 est
770 2495 928 2546 modo
964 2497 1049 2546 sic
1083 2497 1410 2562 triplicata?

322 2679 565 2716 onmms
604 2681 912 2717 nnvcnmn.
974 2666 1232 2733 Erasme,
1281 2669 1541 2732 Erasme,
1590 2674 1885 2733 surge§.28.

223 2763 440 2814 quaeso,
479 2754 536 2799 et
572 2751 975 2816 expergiscere.
