1942 3109
103 518 140 568 §.
152 520 218 565 44.

101 945 138 994 ἕ.
152 946 220 991 45.

97 1866 136 1917 5.
149 1870 214 1914 46.

91 2730 129 2779 9.
145 2732 214 2775 47.

239 220 341 272 398
374 236 448 271 nx
473 236 846 273 onscvnonvu
870 236 1127 275 vmouvu
1155 236 1391 274 samsvs
1419 235 1735 275 munuum

237 341 443 391 virtute
487 341 668 406 loqui,
732 346 787 392 et
839 342 1018 393 sacris
1074 343 1317 395 moribus
1360 343 1533 395 verba
1580 343 1774 396 facere

238 423 494 478 debeant.

338 528 592 565 anasuvs
633 528 757 565 noer.
805 514 993 566 Vitam
1017 514 1165 565 forte
1195 514 1639 581 philosophicam
1676 516 1771 567 de—

237 602 393 665 gunt,
429 615 499 649 ac
535 598 746 651 divitiis
782 599 1087 665 praeferunt
1120 604 1524 665 paupertatem.

339 699 646 736 anvcnmn.
725 684 1157 749 Paupertatem?
1215 684 1494 751 Iuppiter,
1554 685 1768 737 nullum

238 772 328 820 est
367 769 648 821 hominum
692 784 896 836 genus,
956 770 1054 833 qui
1096 768 1439 833 palatiorum·
1480 771 1769 836 pavimen-

235 857 349 903 tum
385 853 732 917 frequentius
767 857 982 919 terant,
1020 868 1186 918 quam
1221 854 1335 905 isti.

338 953 594 992 unasnvs
632 954 758 993 nor.
805 938 1145 1005 Aspirantne
1172 938 1243 989 ad
1266 939 1539 991 beneficia
1566 942 1621 990 ct
1645 940 1765 990 ani-

235 1038 447 1075 marum
484 1028 681 1075 curas?

338 1124 642 1162 mavolunt.
703 1108 1005 1175 Aspirant?
1041 1108 1177 1161 deus
1212 1109 1385 1175 bone,
1432 1112 1596 1161 immo
1632 1126 1767 1163 vero

235 1210 334 1260 per
367 1195 487 1246 dies
527 1199 584 1246 et
619 1210 718 1261 per
749 1198 946 1247 noctes
983 1196 1365 1259 insequuntur.
1440 1186 1445 1189 ¹

336 1295 590 1331 anasuvs
629 1295 755 1331 nor.
819 1280 1093 1344 Quoniam
1118 1296 1248 1346 ergo
1272 1280 1529 1331 mirabile
1557 1283 1647 1331 est
1670 1280 1767 1332 ad-

236 1382 300 1417 eo
335 1364 652 1417 huiusmodi
686 1365 966 1416 hominum
1004 1379 1203 1430 genus,
1251 1365 1391 1416 libet
1438 1362 1590 1415 adire
1640 1354 1765 1431 pro-

233 1452 384 1515 pius,
429 1453 492 1500 ut
538 1449 839 1514 aliquando
889 1448 1183 1501 eorundem
1228 1464 1411 1501 mores
1446 1453 1505 1500 et
1536 1450 1769 1501 vivendi

232 1536 398 1585 ritum
459 1548 808 1600 cognoscam.
889 1532 1159 1597 Proinde,
1220 1534 1297 1583 mi
1353 1534 1655 1599 Reuchlin‚
1718 1536 1768 1585 si

233 1618 392 1671 modo
427 1620 534 1671 hoc
567 1619 674 1670 tibi
707 1634 818 1670 non
853 1621 939 1669 est
961 1633 1283 1685 onerosum,
1319 1618 1605 1671 videamus
1629 1620 1768 1683 quid

235 1709 407 1771 agant
439 1703 497 1755 id
531 1719 705 1770 genus
740 1703 1023 1770 sophistae.

334 1804 640 1842 anvcnmu.
699 1790 928 1854 Placet,
966 1804 1173 1841 eamus.

334 1889 586 1927 nnasnvs
633 1888 758 1926 nor.
841 1873 950 1925 Sed
993 1876 1315 1940 priusquam
1360 1888 1550 1925 eamus
1606 1873 1764 1939 illuc,

230 1974 524 2027 parumper
567 1974 652 2011 me
701 1960 933 2026 doceas,
995 1960 1197 2025 quibus
1257 1975 1359 2026 ego
1405 1960 1592 2011 verbis
1640 1974 1764 2010 eos-

230 2045 352 2097 dem
396 2048 500 2097 sim
545 2046 912 2109 salutaturus,
959 2051 1061 2096 aut
1108 2060 1215 2110 quo
1266 2043 1609 2095 allocuturus
1646 2058 1765 2095 ser-

229 2147 409 2183 mone.

333 2228 636 2268 nnvonnnt.
707 2214 920 2266 'Volunt
976 2216 1035 2265 in
1058 2241 1072 2258 e
1093 2215 1283 2280 primis
1340 2230 1401 2266 se
1460 2214 1764 2279 magistros

228 2304 446 2352 nostros
483 2298 777 2365 appellari.

329 2400 584 2437 naasnvs
623 2400 746 2435 nom.
811 2382 956 2449 Quid
992 2385 1042 2435 si
1074 2383 1133 2436 id
1170 2399 1272 2451 ego
1309 2399 1421 2436 non
1455 2382 1681 2436 dixero?

331 2484 635 2523 nnvcnmu.
706 2469 1054 2535 Irascentur,
1104 2474 1161 2521 et
1206 2470 1485 2534 colloquio
1528 2484 1628 2521 suo
1675 2469 1763 2519 in—

227 2553 452 2621 dignum
486 2559 542 2607 te
577 2554 922 2606 iudicabunt.

330 2654 586 2691 nnasuvs
625 2654 750 2691 nor.
810 2640 1023 2691 Nomen
1056 2644 1120 2690 ut
1152 2640 1494 2691 reminiscar.

337 2740 640 2777 auveriam.
702 2726 993 2778 Vocantur
1034 2725 1303 2791 magister
1344 2727 1534 2776 noster
1569 2722 1763 2775 Ortvi-
