1942 3109
263 224 365 278 298
441 242 730 279 m‘lsTOLAE
755 243 1121 281 OBSCVBOBVH
1147 244 1398 281 vmonvu
1424 245 1600 282 ROVAE.

974 431 1059 485 45.

473 550 524 609 1[
566 547 962 613 Iohannes
1010 548 1563 615 Gerilambius

544 653 874 721 Magistro
914 653 1203 705 Ortvino
1240 654 1481 705 Gratio

366 772 523 823 Sicut
565 772 826 823 scribitur
872 770 1112 823 ‘Amicus
1156 774 1215 823 in
1256 776 1597 829 necessitate
1650 794 1773 844 pro-

264 858 461 921 batur',
496 856 624 908 volo
659 858 829 908 etiam
862 858 1051 909 videre
1088 874 1161 909 an
1194 858 1375 909 adhue
1408 860 1625 913 habetis
1659 880 1773 915 me-

263 943 492 994 moriam
516 943 644 993 mei.
701 942 776 993 Et
797 958 1021 1009 possum
1044 943 1233 997 videre
1268 944 1373 995 tali
1406 945 1609 997 medio:
1645 963 1770 1015 pre-

263 1028 501 1079 sentium
535 1028 682 1080 lator
719 1033 804 1079 est
839 1032 1281 1095 consanguineus
1313 1046 1466 1081 meus
1502 1035 1559 1081 et
1602 1032 1775 1084 habet

263 1116 462 1167 bonum
497 1114 780 1179 ingenium
815 1114 1143 1165 etintendit
1178 1115 1401 1166 studere
1435 1117 1494 1166 in
1531 1118 1771 1181 artibu83

263 1202 396 1251 tune
437 1202 599 1265 pater
643 1215 774 1251 suus
807 1200 987 1251 voluit
1020 1216 1143 1251 eum
1176 1200 1285 1251 huo
1318 1200 1503 1251 facere
1540 1200 1613 1252 ad
1646 1204 1769 1253 uni-

262 1286 611 1337 versitatem:
649 1289 706 1336 et
741 1300 842 1349 ego
877 1284 1145 1347 dissuasi,
1184 1286 1315 1349 quia
1336 1284 1465 1336 volo
1490 1287 1635 1349 quod
1660 1292 1774 1340 stu-

264 1370 357 1421 det
401 1371 459 1421 in
506 1369 600 1420 via
644 1369 1031 1433 Antiquam,
1078 1368 1222 1417 sieut
1269 1383 1370 1433 ego
1417 1370 1619 1421 studui.
1700 1374 1776 1423 Et

262 1471 394 1521 rogo
441 1453 584 1519 quod
627 1455 863 1504 mittatis
909 1468 1032 1503 eum
1075 1454 1233 1504 vobis
1271 1468 1391 1505 esse
1431 1456 1774 1509 commenda·

263 1543 394 1589 tum.
475 1539 736 1601 Quamvis
781 1553 882 1603 ego
926 1552 1047 1589 sum
1090 1536 1422 1601 Albertista‚
1476 1553 1587 1587 non
1642 1556 1772 1595 euro

263 1628 448 1675 tamen
467 1622 625 1695 ‘quod
659 1622 884 1674 faciatis
921 1636 1044 1673 eum
1080 1621 1149 1673 ad
1172 1622 1394 1673 bursam
1416 1622 1639 1689 Montis,
1674 1627 1775 1677 ubi

226 1760 231 1773 ,
265 1696 491 1761 student
525 1708 583 1757 in
619 1708 713 1759 via
749 1709 972 1775 Thome.
1033 1708 1177 1771 Quia
1211 1707 1308 1759 ille
1342 1712 1525 1759 rector
1563 1713 1649 1759 est
1682 1726 1773 1761 su-

264 1793 574 1860 periorists.
647 1797 704 1844 et
747 1794 914 1844 etiam
959 1808 1069 1843 non
1104 1798 1191 1845 est
1222 1808 1422 1859 magna
1456 1793 1771 1845 differentia

265 1880 410 1930 inter
433 1877 747 1929 Themistas
787 1882 844 1928 et
865 1878 1196 1929 Albertistas
1213 1918 1226 1943 ,
1263 1880 1376 1931 nisi
1410 1880 1554 1944 quod
1576 1879 1772 1931 Alber-

265 1965 400 2030 tiste
438 1966 630 2015 tenent
666 1962 810 2027 quod
846 1963 1127 2015 adieetiva
1164 1963 1483 2030 appellant,
1530 1968 1586 2015 et
1630 1965 1774 2028 quod

268 2065 464 2117 corpus
507 2048 709 2101 mobile
763 2051 848 2099 est
901 2049 1211 2099 subiectum
1262 2049 1321 2099 in
1364 2049 1613 2111 Phisiea3
1676 2048 1775 2099 sed

265 2135 546 2199 Themisto
580 2137 774 2184 tenent
808 2134 948 2197 quod
985 2133 1275 2185 Adiectiva
1309 2148 1419 2184 non
1464 2132 1774 2199 appellant,

266 2223 323 2269 et
367 2217 510 2281 quod
553 2217 669 2267 Ens
712 2217 913 2267 mobile
960 2221 1045 2267 est
1088 2218 1392 2267 subiectum
1434 2218 1494 2267 in
1536 2218 1774 2283 phisica.

269 2304 437 2355 etiam
470 2301 773 2365 Albertiste
817 2300 1009 2350 dieunt
1050 2299 1195 2363 quod
1238 2299 1423 2365 logica
1459 2305 1544 2351 est
1576 2300 1642 2352 de
1678 2318 1765 2351 se-

269 2386 459 2439 cundis
493 2386 890 2437 intentionibus
925 2385 984 2435 in
1020 2385 1208 2436 ordine
1246 2385 1317 2435 ad
1350 2386 1581 2451 primas,
1630 2384 1774 2435 Tho-

265 2474 428 2538 miste
463 2487 595 2523 vero
632 2471 820 2522 dieunt:
857 2468 1001 2534 quod
1036 2474 1122 2520 est
1142 2469 1209 2520 de
1234 2470 1425 2534 primis
1446 2468 1775 2519 intentioni·

267 2560 371 2609 bus
407 2558 464 2607 in
501 2556 690 2607 ordine
728 2556 798 2606 ad
831 2554 1117 2607 secundas.
1176 2556 1317 2607 Item
1350 2552 1652 2620 Albertiste
1691 2559 1774 2606 te·

269 2646 403 2694 nent
448 2641 592 2707 quod
635 2640 841 2692 Mobile
892 2643 1133 2707 positum
1182 2640 1241 2689 in
1292 2654 1471 2691 vacuo
1524 2644 1777 2691 movetur

273 2728 616 2792 successive,
663 2726 944 2793 Thomistq
980 2726 1171 2777 dicunt
1207 2723 1350 2790 quod
1382 2723 1589 2776 Mobile
1624 2723 1774 2790 posi·
