1942 3109
270 218 339 270 36
528 231 821 269 EPISTOLAE
856 229 1228 297 onscvssplwu
1262 228 1536 263 vntonvu.

270 352 446 401 nuper
480 337 636 387 venit
671 352 739 385 ex
774 333 1025 397 Colonia,
1063 336 1120 383 et
1153 334 1294 385 bene
1321 336 1406 381 est
1428 331 1588 382 vobis
1613 335 1793 393 notua,

272 426 333 471 et
374 422 483 471 fuit
524 423 697 471 etiam
739 434 955 483 semper
997 418 1082 469 ibi
1124 418 1425 469 vobiscum.
1496 416 1626 481 Ipse
1659 414 1794 465 dicit

274 504 419 569 quod
454 505 765 569 supponitis
801 519 1026 555 uxorem
1061 502 1290 555 Ioannis
1325 499 1701 553 Pfefferkornt
1739 503 1795 551 et

272 589 415 639 dixit
457 589 593 639 mihi
636 590 941 652 veraciter,
1001 594 1058 639 et
1101 588 1334 649 iuravit,
1383 590 1440 635 et
1483 600 1586 650 ego
1635 583 1794 635 credo

276 675 459 723 etiam.
522 674 669 735 Quia
697 688 798 723 vos
825 674 963 723 estis
989 671 1155 725 valde
1183 670 1514 735 amicabiliS,
1553 674 1609 719 et
1631 670 1798 719 etiam

274 759 434 809 scitis
470 756 603 807 dare
638 758 787 809 bona
820 758 1013 807 verba.
1083 756 1158 805 Et
1195 770 1318 805 cum
1351 756 1458 805 hoc
1494 754 1652 805 scitis
1675 768 1796 819 per-

274 843 425 893 fecte
464 846 638 892 artem
674 840 897 892 amandi
932 857 1002 891 ex
1027 840 1245 891 ovidio·
1293 840 1480 889 Etiam
1505 838 1644 889 dixit
1663 838 1802 889 mihi

276 925 498 991 quidam
533 929 826 989 mercator,
862 925 1010 989 quod
1045 925 1236 988 dicunt
1259 923 1489 991 Colonie
1516 922 1661 986 quod
1683 938 1798 973 ma-

274 1012 455 1075 gister
497 1014 689 1061 noster
720 1009 996 1061 Arnoldus
1042 1008 1108 1059 de
1156 1009 1431 1073 Tang-aris
1469 1008 1640 1059 etiam
1673 1022 1802 1071 sup-

278 1095 435 1158 ponit
480 1110 629 1155 eam;
676 1092 774 1143 sed
816 1094 923 1145 hoc
966 1108 1080 1143 non
1113 1108 1328 1157 verum,
1375 1094 1508 1157 quia
1545 1108 1648 1157 ego
1681 1094 1800 1143 scio

276 1179 555 1229 veraciter
600 1178 745 1241 quod
786 1179 909 1243 ipse
956 1177 1136 1227 adhuc
1191 1181 1276 1226 est
1317 1178 1502 1241 virg0,
1553 1180 1612 1226 et
1655 1176 1802 1240 quod

279 1277 563 1327 nunquam
610 1262 797 1326 tetigit
831 1275 998 1311 unam
1031 1261 1333 1312 mulierem.
1406 1260 1516 1311 Sed
1551 1261 1720 1309 etiam
1755 1262 1804 1311 ei

279 1348 531 1409 fecisset,
564 1346 658 1396 vel
693 1347 909 1396 faceret
944 1347 1092 1395 sicut
1125 1361 1238 1395 non
1263 1344 1445 1407 (πρᾶο,
1483 1348 1671 1405 tamen
1694 1360 1806 1396 non

281 1435 429 1481 esset
473 1434 766 1496 propterea
808 1430 892 1479 ita
936 1430 1144 1493 malua,
1200 1430 1332 1493 quia
1377 1429 1672 1479 humanum
1721 1434 1809 1479 est

282 1530 482 1565 errare.
555 1516 667 1565 Vos
702 1514 934 1564 multum
968 1515 1221 1565 scribitis
1257 1513 1394 1563 mihi
1428 1513 1495 1565 de
1529 1514 1638 1563 isto
1675 1529 1806 1581 pec-

284 1604 439 1659 cato,
488 1597 635 1662 quod
683 1613 793 1648 non
831 1602 919 1647 est
951 1600 1130 1648 maius
1166 1603 1458 1662 peccatum
1491 1598 1550 1647 in
1583 1597 1806 1661 mundo,

282 1687 339 1733 et
383 1681 644 1746 allegatis
690 1682 897 1732 multas
944 1684 1272 1748 scripturas.
1343 1682 1462 1747 Ego
1510 1683 1626 1737 scio
1662 1683 1808 1733 bene

281 1765 426 1831 quod
460 1782 571 1817 non
608 1770 697 1817 est
728 1768 971 1830 bonum}
999 1767 1096 1817 sed
1132 1771 1318 1817 tamen
1355 1768 1526 1816 etiam
1559 1768 1616 1816 in
1641 1782 1810 1817 sacra

283 1852 563 1917 scriptura
614 1853 916 1917 reperitur,
977 1849 1121 1915 quod
1180 1852 1358 1915 aliqui
1404 1852 1486 1901 sic
1533 1866 1811 1916 peccave·

278 1938 433 1998 runt,
495 1938 553 1985 et
595 1938 781 1985 tamen
826 1936 1052 1985 fuerunt
1097 1934 1322 1985 salvati.
1385 1934 1551 1985 Sicut
1574 1935 1812 1987 Samson

280 2020 376 2081 qui
410 2017 671 2069 dormivit
694 2032 819 2069 cum
840 2034 955 2069 una
979 2020 1290 2084 meretrice,
1317 2024 1374 2071 et
1396 2023 1584 2071 tamen
1607 2025 1813 2086 postea

279 2104 511 2167 spiritus
546 2101 752 2153 domini
788 2103 948 2153 irruit
970 2104 1030 2152 in
1055 2119 1194 2153 eum.
1265 2104 1340 2153 Et
1362 2120 1585 2169 possum
1611 2111 1814 2157 contra

278 2202 378 2237 vos
425 2202 657 2251 arguere
704 2188 812 2237 sic:
862 2186 1146 2252 ‘Quisquis
1192 2204 1304 2239 non
1351 2194 1436 2241 est
1479 2189 1816 2253 malevolae,

280 2271 482 2335 recipit
516 2272 1071 2335 'spiritumsanctumz
1133 2270 1231 2323 sed
1287 2272 1518 2324 Samson
1561 2290 1676 2325 non
1725 2280 1818 2327 est

279 2355 615 2407 malevolus:
655 2371 784 2420 ergo
808 2356 1012 2421 recipit
1033 2356 1580 2421 spiritumsanctum'.
1625 2360 1816 2411 Maio-

278 2454 395 2489 rem
436 2440 637 2505 prob0,
686 2441 817 2503 quia
862 2442 1131 2507 scriptum
1182 2447 1293 2493 est:
1355 2441 1439 2493 ‘In
1473 2444 1817 2496 malevolam

276 2524 521 2573 animam
576 2538 689 2575 non
744 2525 1000 2576 introibit
1043 2526 1273 2590 spiritus
1319 2528 1648 2599 sapientie’3
1713 2530 1819 2580 sed

276 2609 741 2673 spiritussanctus
778 2615 865 2659 est
896 2610 1128 2676 spiritus
1153 2612 1464 2681 sapientie:
1503 2628 1654 2678 ergo.
1705 2612 1818 2663 Mi-

278 2708 380 2744 nor
422 2696 601 2758 patet,
652 2693 787 2759 quia
820 2694 871 2747 si
906 2692 1047 2745 illud
1081 2699 1378 2760 peccatum
1411 2698 1814 2749 fornicationis
