1942 3109
271 259 340 311 86
529 274 822 312 nrrsronm
857 274 1225 313 onscvnonvu
1260 273 1535 314 vmonvn.

271 383 338 430 u't
369 380 695 446 impleretur
729 382 1008 446 scriptura
1044 395 1151 449 que
1176 381 1341 434 (licita
1378 379 1801 436 ‘clamaverunt

273 465 428 530 iusti,
467 470 522 516 et
557 465 806 518 dominus
843 465 1131 518 exaudivit
1164 467 1296 518 eos'.
1366 465 1624 518 Secunda
1662 481 1799 521 ,con-

276 550 454 601 clusio
491 551 682 602 extitit
701 552 1105 616 magistralior‚
1144 555 1200 602 et
1234 551 1367 617 talis
1388 551 1451 600 in
1474 551 1562 602 sui
1582 551 1797 602 forma:

269 634 452 686 Filius
496 635 735 686 hominis
777 636 959 688 voluit
1001 635 1211 688 habere
1256 651 1413 686 suam
1456 637 1799 704 passionem,

272 720 650 786 sepulturam,
688 722 1150 774 resurrectionem
1184 722 1243 770 in
1276 719 1646 788 Hierusalem,
1685 735 1799 790 que

272 805 453 855 estin
493 809 687 856 centro
734 809 912 873 terre,
959 805 1107 871 quod
1148 821 1337 876 omnes
1382 806 1638 871 regiones
1684 806 1799 856 sci-

271 891 396 940 rent
431 888 500 940 de
538 890 655 941 eius
693 893 1124 956 resurrectione,
1164 895 1221 960 et
1256 890 1401 955 quod
1434 890 1623 940 nullus
1659 906 1799 956 gen-

269 974 390 1024 tilis
439 979 630 1040 posset
675 991 736 1026 se
784 989 1057 1027 excusare
1104 991 1227 1026 cum
1263 991 1365 1027 sua
1401 976 1586 1044 heresi
1622 979 1679 1026 et
1713 975 1801 1027 di-

271 1073 427 1110 ceret
471 1058 609 1126 ngo
652 1060 872 1110 nescivi
916 1060 1061 1125 quod
1106 1061 1355 1111 dominus
1402 1063 1707 1110 resurrexit
1764 1077 1800 1110 a

271 1147 538 1195 mortuis'.
617 1145 880 1209 quoniam
939 1159 1070 1212 ergo
1130 1145 1274 1210 quod
1332 1148 1421 1196 est
1474 1146 1537 1196 in
1593 1145 1801 1210 medie,

269 1243 462 1279 omnes
503 1229 694 1280 videre
739 1233 977 1295 possunt
1022 1231 1119 1295 qui
1164 1234 1295 1281 sunt
1338 1231 1492 1298 circa
1534 1229 1799 1296 medium,

271 1316 328 1363 et
364 1312 512 1377 quod
543 1313 731 1365 nullus
765 1314 1083 1366 incredulus
1119 1310 1353 1366 haberet
1372 1330 1541 1384 unum
1562 1331 1799 1387 parvum

269 1398 543 1464 refugium
581 1400 981 1466 excusationis,
1024 1401 1080 1449 in
1114 1401 1216 1451 illo
1252 1401 1377 1474 loco
1410 1401 1509 1451 ubi
1542 1400 1798 1451 dominus

271 1482 549 1547 ascendit,
597 1487 683 1536 est
725 1485 784 1535 in
829 1489 1022 1536 centro
1068 1489 1125 1550 et
1168 1486 1227 1536 in
1270 1485 1450 1554 medio
1498 1489 1675 1552 terre,
1723 1499 1797 1536 ae

259 1567 350 1617 ibi
395 1567 600 1632 pendet
643 1583 758 1620 una
807 1586 1081 1636 campana
1128 1585 1293 1635 quam
1338 1571 1513 1621 omnis
1538 1569 1797 1636 *mundus

269 1651 451 1716 audit,
491 1657 547 1702 et
583 1653 800 1717 quando
837 1656 962 1720 ipsa
997 1655 1217 1722 pulsat,
1255 1658 1389 1705 tunc
1424 1655 1523 1706 dat
1556 1655 1797 1726 ¹horribi-

265 1736 375 1787 lem
431 1752 625 1788 sonum
679 1736 746 1789 de
795 1743 1038 1790 extremo
1086 1739 1322 1804 iudici0,
1381 1744 1439 1790 et
1482 1739 1549 1790 de
1597 1755 1795 1791 ascen—

267 1822 421 1872 sione
469 1820 702 1885 domini3
767 1827 825 1874 et
880 1823 1101 1888 quando
1146 1824 1364 1890 pulsat,
1420 1825 1594 1891 ,etiam
1642 1825 1798 1875 surdi

265 1907 516 1957 audiunt.
585 1906 943 1972 Deduxitque
1000 1909 1177 1960 multa
1234 1909 1533 1960 corollaria
1579 1926 1649 1962 ex
1688 1911 1795 1961 illa

267 1991 654 2056 conclusione,
717 2007 884 2056 quam
941 1992 1139 2044 didicit
1193 1996 1253 2044 in
1304 1994 1612 2044 Parrhisia.
1684 1995 1797 2045 Sed

265 2075 486 2139 quando
525 2077 770 2128 cessavit
801 2077 1120 2144 predicare,
1167 2082 1301 2127 tunc
1348 2077 1571 2142 quidam
1616 2082 1796 2145 magi-

265 2165 383 2210 ster
415 2161 484 2211 de
517 2160 828 2226 Erphordia
862 2163 1050 2215 voluit,
1078 2178 1203 2213 eum
1235 2163 1659 2228 reprehendere,
1696 2165 1798 2215 sed

263 2246 426 2294 stetit
460 2261 584 2296 cum
623 2247 966 2298 confusione.
1037 2249 1150 2300 Vos
1185 2247 1401 2299 debetis
1436 2248 1571 2298 mihi
1606 2253 1797 2300 osten-

264 2327 394 2380 dere
441 2328 615 2381 libros
661 2332 759 2383 ubi
807 2331 920 2382 ista
966 2332 1205 2382 materia
1248 2332 1511 2398 habetur,
1560 2337 1618 2383 e't
1661 2334 1797 2386 volo

265 2430 466 2466 emere.
535 2417 744 2467 Datum
793 2433 860 2467 ex
896 2416 1127 2467 Basilea
1174 2416 1322 2482 apud
1365 2417 1599 2469 Beatum
1646 2418 1798 2471 Rhe-

263 2515 498 2566 nanam,
540 2501 636 2571 qui
673 2506 760 2552 est
790 2504 981 2553 vester
1016 2503 1244 2554 amicum
1326 2511 1328 2513 ’

1915 1033 1916 1048 ,

1914 1053 1916 1074 1

1914 1077 1916 1150 4
