1942 3109
530 228 595 275 43.
621 236 863 273 ott-noxus
890 233 1388 271 rnnnszxmnnnu.
1604 221 1703 274 295

191 348 244 395 et
291 358 406 395 non
465 340 638 393 debeo
697 339 1081 392 scandalizare
1142 352 1471 404 quenquam.
1558 344 1703 407 Quia

191 430 450 495 scriptum
489 430 602 477 est:
641 426 788 491 „Qui
821 424 1291 477 scandalizaverit
1323 440 1489 477 unum
1512 443 1579 478 ex
1602 430 1701 479 mi-

191 515 352 565 nimis
397 512 528 563 istis
568 511 768 562 ,etc.‘'.'
837 512 909 561 Et
951 511 1037 561 sic
1072 526 1181 561 non
1213 513 1370 577 potui
1404 513 1699 577 impetrare

197 598 338 661 quod
368 597 549 649 vellet
585 594 847 647 adiuvare
885 610 1113 647 causam
1146 596 1291 646 fidei.
1350 595 1415 645 In
1440 596 1553 648 alio
1576 612 1700 663 pas-

191 700 254 735 su
295 682 518 733 notavi:
569 680 798 743 Quando
841 681 950 733 fuit
996 681 1087 732 hic
1134 681 1307 731 frater
1350 681 1589 732 Iacobus
1634 682 1699 733 de

189 768 390 820 Ordine
437 768 628 817 nostro
675 770 731 817 et
773 768 1073 819 seminavit
1124 765 1505 832 indulgentias
1564 780 1701 830 quas

183 852 601 918 impetravimus
635 851 803 917 Rome
839 867 936 916 pro
972 850 1309 903 Monasterio
1344 850 1699 917 Augustensi,

183 942 321 987 tune
375 936 544 987 etiam
597 936 817 1001 rogavit
860 934 1167 1000 predictum
1207 936 1505 985 Doctorem
1546 936 1699 1001 Reyss

190 1021 338 1085 quod
381 1021 438 1069 in
479 1021 710 1071 ambone
756 1018 932 1070 vellet
975 1019 1205 1069 laudare
1241 1018 1373 1069 illas
1406 1019 1701 1084 Indulgen-

188 1107 300 1157 tias
347 1109 402 1156 et
444 1105 664 1157 hortare
709 1103 972 1157 mulieres
1018 1106 1075 1154 et
1122 1102 1263 1154 alios
1308 1102 1453 1167 quod
1509 1102 1705 1155 darent

180 1191 482 1258 pecuniam
530 1188 602 1239 ad
658 1190 886 1251 cistam,
943 1189 1077 1252 quia
1122 1192 1271 1239 esset
1312 1188 1453 1239 bene
1499 1187 1702 1240 datum.

181 1276 297 1328 Sed
343 1277 466 1341 ipse
508 1274 760 1339 permisit
803 1288 926 1323 eum
969 1272 1153 1325 dicere
1201 1272 1465 1337 quicquid
1508 1273 1703 1339 voluit,

186 1366 248 1413 et
283 1366 470 1411 tamen
503 1375 616 1410 non
647 1359 828 1411 voluit
862 1358 1047 1409 dicere
1082 1373 1250 1409 unum
1272 1358 1499 1409 verbum
1524 1358 1589 1409 de
1614 1359 1705 1410 In·

189 1444 510 1510 dulgentiis.
591 1447 648 1493 et
689 1444 889 1493 Frater
931 1443 1168 1494 Iacobus
1218 1442 1389 1495 semel
1437 1442 1577 1495 dixit
1634 1443 1703 1495 ad

186 1546 310 1581 eum
358 1530 525 1580 ‘Ecce
569 1544 667 1579 vos
720 1528 983 1579 invidetis
1036 1529 1195 1579 nobis
1250 1528 1391 1593 quod
1444 1528 1700 1581 debemus

185 1614 457 1679 colligere
492 1614 810 1677 pecuniam,
859 1616 915 1664 et
949 1617 1135 1665 tamen
1173 1614 1498 1679 colligamus
1536 1598 1711 1665 etiam*

183 1702 238 1751 si
276 1698 504 1747 deberet
537 1699 694 1748 vobis
735 1713 827 1748 cor
871 1698 1092 1764 frangi'.
1162 1700 1237 1747 Et
1270 1698 1409 1748 dixit
1444 1699 1611 1749 etiam
1646 1701 1703 1749 in

184 1784 466 1835 Ambone:
514 1780 660 1833 ‘ecce
706 1783 798 1834 hic
842 1782 1061 1833 habetis
1096 1782 1469 1849 indulgentias
1514 1786 1570 1833 et
1611 1784 1703 1834 lit-

187 1872 346 1917 teras
401 1865 850 1932 indulgentialeS,
909 1870 965 1918 et
1020 1867 1163 1931 quod
1207 1869 1471 1933 scriptum
1518 1872 1603 1918 est
1644 1870 1703 1918 in

189 1951 335 2015 illis,
376 1954 460 2001 est
493 1951 575 2002 ita
611 1968 801 2003 verum
838 1958 894 2003 et
930 1952 1255 2003 credendum
1292 1953 1437 2001 sicut
1464 1968 1703 2018 evange-

188 2038 341 2088 lium.
423 2038 497 2087 Et
549 2037 766 2100 quando
825 2037 1084 2101 accipitis
1128 2035 1259 2087 illas
1302 2034 1703 2101 Indulgentiae,

187 2128 328 2172 tunc
363 2122 500 2172 estis
539 2123 620 2171 ita
657 2123 898 2173 absoluti
935 2121 1081 2173 sicut
1115 2120 1165 2171 si
1190 2118 1441 2171 Christus
1476 2122 1587 2171 met
1609 2136 1703 2172 ve-

189 2206 372 2257 nisset
419 2208 474 2255 et
521 2206 852 2259 absolvisset
893 2208 1029 2261 vos‘.
1099 2206 1252 2258 Tunc
1295 2206 1506 2257 Doctor
1547 2206 1701 2272 Reyss

190 2290 376 2341 tenuit
409 2292 745 2356 oppositum,
790 2292 1007 2343 dicens:
1056 2290 1226 2343 ‘Nihil
1259 2294 1347 2341 est
1384 2307 1701 2356 comparan-

189 2376 316 2427 dum
365 2388 489 2423 cum
532 2373 864 2440 Evangelio:
923 2380 981 2427 et
1024 2378 1119 2440 qui
1162 2376 1301 2427 bene
1348 2374 1514 2439 fa'cit,
1559 2377 1701 2428 bene

189 2460 310 2511 ibit.
383 2460 460 2509 Et
503 2458 553 2509 si
599 2458 800 2524 aliquis
849 2461 1061 2513 centies
1108 2457 1391 2524 acceperit
1432 2459 1573 2511 istas
1618 2461 1701 2511 in-

188 2545 537 2611 dulgenti-ae,
597 2548 652 2595 et
698 2562 805 2596 non
849 2546 995 2597 bene
1035 2544 1267 2607 vixerit,
1322 2544 1555 2608 peribitz
1595 2560 1700 2597 nec

189 2630 549 2689 adiuvabitur
583 2645 683 2695 per
715 2631 856 2679 istas
879 2627 1282 2695 Indulgentias.
1342 2627 1453 2679 Sed
1476 2632 1703 2679 econtra

187 2717 366 2780 siquis
401 2716 548 2766 bene
593 2714 825 2775 vixerit,
868 2710 960 2762 vel
1003 2714 1128 2779 post
1169 2713 1407 2779 peccata
1450 2712 1699 2777 peniten-
