1942 3109
278 206 513 251 onmvxm
554 209 751 249 &narn
785 205 1064 249 nmsffionA
1097 207 1508 248 Aronoen‘ch.
1578 192 1680 247 339

153 316 235 367 ad
272 317 567 379 multorum
602 316 938 381 principum,
979 316 1294 379 civitatum,
1331 316 1678 380 optimorum-

155 417 275 465 que
321 402 563 451 vir-orum
608 400 966 451 offensionem
1014 416 1081 450 ac
1126 416 1286 467 sacre
1344 401 1678 466 astronomie

151 486 505 548 irrisionem,
563 501 674 535 non
728 486 1013 535 incruente
1061 485 1454 535 asscribentes.
1525 482 1684 533 Com-

152 570 336 636 misso
382 570 611 633 inquam
634 585 749 635 ¹per
789 584 889 619 vos
948 570 1176 619 crimine
1220 568 1378 631 falsi,
1437 568 1492 617 id
1539 567 1683 631 quod

100 674 131 712 5
162 652 473 705 secundum
525 653 680 719 leges
746 654 1156 705 sacratissimas
1214 668 1427 717 semper
1483 668 1684 718 penam

161 739 376 805 capitis
431 740 719 804 importat,
780 738 1175 789 famosissimos
1233 736 1394 788 editis
1439 736 1682 796 libellos,

55 836 60 865 ⁸
156 826 527 889 sacrosancte
573 822 718 873 sedis
772 822 1084 891 apostolice
1131 819 1469 891 Cesarieque
1511 821 1684 875 maie-

160 906 336 956 statis
407 907 797 957 auctoritatem
867 908 1078 971 absque
1137 908 1284 958 omni
1313 905 1684 971 ’conscientie

160 990 427 1055 scrupulo
464 992 754 1057 utrobique
790 992 1178 1057 infringentes,
1213 991 1516 1055 Propterea
1541 988 1684 1039 idem

55 1074 439 1141 510.propheta
459 1076 781 1127 exclamat:
820 1078 919 1143 ‘Vc
944 1076 1102 1141 genti
1124 1076 1447 1140 peccatrici,
1481 1073 1686 1139 populo

158 1160 325 1225 gravi
348 1160 663 1224 iniquitate,
691 1161 889 1210 semini
911 1174 1168 1224 nequam,
1195 1158 1327 1209 filiis
1351 1158 1642 1221 sceleratis
1657 1157 1688 1205 1’

161 1244 215 1293 Ο
243 1248 454 1306 quanto
488 1248 795 1309 temporum
831 1243 1132 1294 intervallo
1169 1243 1328 1311 divus
1352 1243 1555 1293 Esaias
1583 1241 1686 1307 hec

158 1328 359 1377 futura
404 1326 670 1394 previdit!
744 1327 1192 1391 ‘Dereliquerunt
1236 1326 1469 1391 (inquit)
1519 1324 1688 1374 domi—

159 1424 325 1473 num,
371 1406 897 1480 blasphemaverunt
932 1416 1186 1462 sanctum
1220 1410 1425 1473 Israel,
1475 1408 1690 1459 abalie-

55 1514 137 1555 '45
157 1494 290 1549 :nati
323 1498 451 1545 sunt
485 1498 818 1546 retrorsum’.
866 1495 926 1545 Si
948 1512 1038 1547 res
1061 1499 1276 1547 vestras
1302 1494 1503 1545 mentis
1528 1491 1688 1542 oculo

159 1580 371 1630 intueri
392 1579 702 1643 volueritiS,
740 1584 1026 1647 argentum
1054 1584 1203 1631 certe
1225 1584 1472 1632 vestrum
1506 1580 1686 1627 muta-

162 1670 285 1713 tum
332 1668 419 1711 est
464 1662 523 1711 in
566 1665 832 1727 scoriam,
876 1669 937 1715 et
970 1666 1161 1715 vinum
1196 1664 1344 1731 (non.
1378 1666 1441 1713 ut
1473 1662 1572 1713 ille
1609 1664 1690 1713 ait

165 1760 316 1809 aqua
351 1744 603 1809 mixtum)
640 1745 737 1795 sed
782 1748 838 1795 in
876 1748 1264 1815 fetidissimam
1299 1745 1686 1809 maledicendi,

161 1827 495 1899 mentiendi,
552 1844 621 1879 ac
664 1829 1088 1893 blasphemandi
1131 1831 1406 1881 sentinam
1452 1844 1688 1879 commu·

76 1934 139 1973 20
163 1917 361 1965 tatum.
431 1911 644 1963 Ridetis
682 1913 825 1977 scin,
866 1930 969 1965 nec
1005 1916 1216 1965 mirum.
1289 1913 1566 1979 Scriptum
1604 1918 1688 1963 est

164 1998 344 2060 enim,
398 1994 687 2063 ‘Letantur
724 2010 845 2047 cum
880 1998 1293 2061 malefecerint,
1342 2000 1398 2046 et
1433 1996 1687 2046 exultant

162 2084 225 2133 in
268 2080 429 2131 rebus
476 2080 767 2147 pessimis'.
798 2124 809 2131 c
835 2080 910 2131 Et
950 2082 1272 2146 Pythagora
1326 2083 1498 2144 teste,
1559 2078 1702 2130 sues‘

164 2166 431 2217 libentius
468 2165 527 2215 in
566 2180 719 2217 coeno
756 2178 921 2227 quam
956 2166 1015 2215 in
1051 2166 1203 2215 fonte
1237 2167 1550 2229 versantur.
1594 2163 1686 2213 Ri-

164 2250 325 2307 detis‚
360 2250 601 2314 inquam,
640 2253 700 2299 at
732 2250 880 2299 risus
911 2250 1163 2315 profecto
1187 2252 1372 2299 vester
1393 2248 1452 2298 in
1474 2248 1684 2297 luctum

82 2352 145 2394 25
169 2334 640 2399 comlmutabitur,
697 2338 755 2384 et
796 2330 907 2383 nisi
948 2334 1245 2383 subitanea
1291 2337 1464 2400 morte
1513 2329 1684 2396 (quod
1712 2329 1820 2393 aiij

166 2420 299 2469 deus
328 2416 572 2481 avertat)
597 2418 962 2490 preoccupati
985 2418 1226 2481 fueritis,
1265 2417 1422 2466 illam
1441 2414 1693 2482 llprocul-
1718 2425 1782 2467 25

168 2504 331 2555 dubio
366 2502 567 2555 vivetis
602 2503 823 2569 horam,
874 2504 933 2552 in
970 2517 1081 2567 qua
1116 2516 1243 2551 sera
1278 2500 1434 2551 ducti
1468 2500 1688 2567 penitu-

170 2589 311 2653 dine,
346 2591 532 2655 vestre
568 2603 667 2639 vos
702 2588 1020 2653 iniquitatis
1055 2586 1348 2656 penitebit.
1401 2585 1504 2635 Est
1541 2584 1710 2650 enim,

212 2717 219 2725 ·
294 2706 687 2759 adscribentes.
714 2711 765 2761 2.

1271 2772 1381 2824 22*
