1942 3109
200 192 302 245 344
367 208 658 245 EPISTOLAE
683 209 1048 245 OBSCVBOBVH
1070 210 1323 246 vmonvu
1348 209 1527 247 Rovffl.

201 315 275 363 Et
323 328 424 379 ego
471 316 624 364 tenui
665 315 829 365 istam
874 314 1185 379 opinionem
1232 314 1298 364 de
1334 314 1569 367 Graehis
1605 316 1706 369 Ro·

201 400 378 449 manis
411 415 510 451 vos
547 415 669 450 esse
703 400 1056 451 nominatum.
1116 399 1221 450 Sed
1245 399 1491 450 dominus
1514 399 1708 453 Petrus

204 485 298 548 qui
355 486 520 535 etiam
577 489 660 535 est
715 484 1036 548 aliqualiter
1079 486 1138 533 in
1185 488 1303 535 arte
1346 485 1707 538 humanitatis

199 570 342 621 bene
379 573 594 633 tentae,
641 568 779 619 dixit
813 584 922 619 non
969 570 1295 633 convenire,
1342 570 1440 620 sed
1486 571 1629 635 quod
1674 589 1707 622 a

202 655 386 720 gratia
432 654 714 720 supernali
769 654 1188 704 nominaremini
1230 653 1472 705 Gratius.
1554 654 1707 705 Tune

202 740 311 789 fuit
354 739 435 789 ibi
479 753 618 787 unus
662 738 903 789 trufator
948 739 1045 803 qui
1088 739 1226 789 feeit
1269 739 1433 789 valde
1471 741 1701 805 crispum

202 824 462 886 latinum,
519 822 662 887 quod
711 838 814 888 ego
858 839 968 873 non
1016 824 1198 873 omnia
1242 823 1382 874 bene
1429 823 1700 875 intellexi:

200 907 297 958 ille
332 907 474 957 dixit
508 906 652 972 quod
683 921 863 972 neque
902 923 935 958 a
972 907 1205 959 Grachis
1240 924 1420 973 neque
1456 924 1487 959 a
1520 910 1702 975 gratia

202 994 402 1044 essetis
447 992 628 1045 dietus
675 993 931 1045 Gratius:
979 998 1035 1045 et
1076 994 1215 1044 fecit
1255 997 1369 1045 tam
1412 993 1585 1045 multa
1626 994 1705 1043 in-

201 1078 363 1129 utilia
397 1079 570 1131 verba
605 1078 749 1143 quod
785 1095 885 1145 ego
921 1078 1063 1129 dixi:
1111 1078 1287 1129 ‘Unde
1336 1094 1465 1144 ergo
1511 1077 1709 1127 dieitur

203 1162 463 1214 Gratius?
507 1167 693 1213 tamen
738 1162 840 1213 alii
871 1163 978 1213 viri
1013 1161 1175 1213 valde
1211 1162 1471 1228 profundi
1504 1163 1707 1213 habue-

200 1254 328 1297 runt
378 1248 612 1313 desuper
656 1247 829 1299 latam
875 1247 1339 1299 examinationem
1386 1251 1443 1298 et
1489 1247 1710 1299 conclu·

201 1335 392 1383 serunt
443 1331 601 1395 Quod
646 1331 739 1383 vel
787 1348 820 1381 a
864 1330 1122 1382 Graohiis
1165 1330 1256 1381 vel
1302 1347 1335 1381 a
1388 1332 1573 1395 gratia.
1628 1334 1713 1383 est

204 1417 383 1467 dictus
420 1417 682 1469 Gratius'.
753 1416 908 1465 Tunc
951 1416 1071 1479 ipse
1118 1414 1258 1465 dixit
1303 1414 1423 1465 ‘Isti
1466 1417 1562 1479 qui
1604 1417 1712 1467 hoc.

204 1500 648 1566 disputaverunt,
702 1499 937 1559 fuerunt¹
984 1500 1148 1549 amici
1190 1498 1446 1563 Magistri
1492 1498 1715 1551 Ortvini

205 1585 414 1648 Gratii,
468 1584 542 1633 Et
593 1578 946 1647 interpretati
990 1586 1119 1633 sunt
1161 1582 1301 1633 illud
1345 1598 1541 1633 nomen
1588 1587 1715 1647 qui-

203 1671 342 1721 libet
364 1668 660 1721 secundum
685 1683 840 1719 suam
863 1668 1176 1734 opinionem
1199 1668 1258 1718 in
1280 1660 1561 1719 meliorem
1584 1684 1710 1733 par·

204 1758 339 1805 tem:
389 1753 498 1805 Sed
531 1756 715 1803 tamen
751 1754 857 1819 iste
894 1754 1180 1819 opiniones
1216 1770 1327 1803 non
1359 1752 1709 1819 preiudieant

172 1834 176 1839 ’
203 1838 463 1890 veritati'.
517 1838 672 1888 Tunc
694 1837 942 1888 dominus
960 1838 1158 1889 Petrus
1177 1840 1542 1903 interrogavit
1560 1837 1711 1902 ‘quid

207 1927 293 1974 est
334 1924 596 1973 veritas?'
641 1927 698 1973 et
741 1924 979 1989 putabat
1022 1922 1166 1987 quod
1208 1924 1329 1989 ipse
1366 1922 1591 1973 deberet
1623 1926 1711 1973 ta-

209 2024 360 2072 cere,
395 2008 541 2059 sieut
574 2008 712 2059 feeit
746 2008 993 2059 dominus
1028 2012 1217 2065 noster
1252 2006 1469 2073 quando
1492 2006 1711 2057 Pilatus

209 2110 331 2145 eum
366 2094 745 2159 interrog-avit.
818 2093 925 2144 Sed
968 2094 1089 2160 ipse
1123 2108 1232 2144 non
1266 2093 1447 2143 tacuit
1483 2095 1537 2141 et
1572 2091 1712 2141 dixit

208 2178 329 2229 ‘Est
363 2179 422 2228 in
457 2178 788 2229 Halberstat
820 2192 960 2229 unus
996 2193 1295 2242 suspensor
1339 2177 1435 2241 qui
1479 2180 1713 2229 vocatur

206 2263 471 2329 magister
506 2261 760 2325 Gratiae,
798 2264 854 2312 et
886 2261 985 2311 ille
1024 2266 1111 2311 est
1146 2261 1369 2313 Ortvini
1403 2261 1711 2313 avunculus

207 2352 488 2397 maternus
532 2350 589 2397 et
634 2346 701 2396 ab
747 2345 847 2396 illo
882 2345 1077 2397 Gratio
1122 2360 1447 2412 suspensore
1482 2350 1715 2398 vocatur

211 2432 476 2484 Gratius'.
555 2432 709 2483 Tune
754 2446 854 2497 ego
899 2447 1009 2481 non
1051 2432 1206 2496 potui
1248 2448 1333 2482 me
1380 2447 1597 2483 servare
1656 2435 1714 2481 et

209 2516 324 2567 dixi
369 2515 506 2567 ‘Ohe
552 2516 728 2580 socie,
778 2515 878 2565 illa
916 2520 1003 2566 est
1036 2532 1145 2566 una
1180 2532 1381 2581 magna
1400 2516 1619 2567 iniuria
1655 2519 1714 2565 et

213 2617 313 2667 ego
366 2604 668 2666 protestor:
739 2600 1009 2666 Magister
1072 2601 1337 2651 Ortvinus
1388 2616 1498 2650 non
1550 2600 1714 2651 debet

213 2686 294 2737 sio
328 2686 543 2735 mittere
580 2685 846 2735 transire:
883 2701 985 2751 ego
1022 2685 1137 2736 seio
1172 2700 1270 2737 vos
1307 2683 1492 2735 dicitis
1518 2684 1618 2751 hoe
1642 2700 1713 2735 ex
