1942 3109
267 235 366 290 198
401 251 784 289 rsrnmconur
807 251 1281 289 namuracensi-m
1306 249 1797 288 rnuos.0.v.n1›1³.

267 374 389 410 1111.
425 357 718 425 legendum
755 362 841 410 est
873 360 999 411 loco
1034 361 1113 407 nt.
1148 360 1235 407 tot
1295 347 1348 406 ⁴1
1382 355 1427 419 ὓ
1459 355 1631 421 prim.
1682 357 1793 408 col.

267 459 336 496 11.
381 443 450 496 de
491 444 564 495 D.
607 443 836 496 Bartho.
881 442 1063 496 solum
1106 441 1314 493 audivi.
1398 430 1451 490 (1
1498 441 1543 505 ὓ
1591 441 1795 494 ultimo

267 529 374 582 col.
410 545 451 580 1.
487 529 584 581 lin.
619 543 738 580 xxx.
783 529 1077 596 legendum
1124 531 1211 580 est
1254 527 1576 592 prosecutio
1658 518 1711 578 {1
1748 527 1796 582 C

267 629 360 667 111.
399 614 504 669 col.
540 629 610 664 11.
643 614 682 664 1.
719 628 814 665 111.
859 616 1019 681 prim.
1062 617 1181 664 not.
1226 611 1463 664 delenda.
1509 616 1648 662 sunt
1690 613 1788 680 hec

259 701 438 753 verba
481 699 614 752 Sive
657 699 769 766 spe.
817 715 977 752 suum
1010 714 1135 750 ocu.
1218 689 1271 749 OE
1303 695 1345 761 5
1380 698 1547 762 prim.
1582 699 1643 748 in
1682 697 1783 746 iilo

265 801 389 852 cap.
426 783 562 836 Cum
597 789 790 849 pastor
823 789 884 837 et
903 800 952 836 c.
998 799 1112 835 non
1148 783 1219 834 ab
1264 782 1637 834 universitate
1682 778 1771 830 sed

264 887 300 922 a
333 867 510 920 facul.
544 867 656 920 the.
695 873 752 920 et
795 885 908 920 non
948 868 1333 921 universitatis
1379 864 1481 917 sed
1526 865 1775 917 facultati

261 955 373 1022 leg.
424 944 478 1005 (Ι
511 950 556 1018 5
597 969 665 1004 11.
705 954 812 1006 col.
859 969 928 1005 11.
962 953 1065 1005 lin.
1092 969 1147 1004 x.
1194 949 1489 1019 legendum
1534 955 1628 1002 est
1668 951 1784 1002 u'ni-

261 1040 516 1093 versalis.
591 1030 643 1090 (I
688 1040 759 1102 ᾖ.
797 1053 864 1090 11.
913 1038 1021 1090 col.
1068 1039 1225 1104 prim.
1270 1037 1330 1086 in
1364 1035 1492 1087 fine.
1526 1035 1785 1101 intellige

261 1125 642 1176 traductiones
677 1125 824 1176 ocul.
857 1139 977 1190 spe.
1014 1121 1313 1174 convenire
1348 1135 1459 1185 quo
1490 1118 1556 1170 sd
1598 1124 1783 1170 mate·

260 1211 420 1265 riam.
496 1201 549 1261 OE
581 1210 722 1262 Item
755 1213 890 1262 nota
923 1209 1227 1275 signanter.
1292 1196 1343 1255 (l
1379 1205 1518 1256 Item
1546 1202 1779 1254 ubieun-

264 1310 372 1360 que
405 1295 523 1347 di‘xi
558 1295 901 1362 apostatica,
951 1307 1212 1355 erronea,
1254 1305 1522 1357 perversa
1564 1289 1787 1341 consul—

261 1381 434 1445 tatio,
477 1380 664 1431 futilis
707 1377 958 1432 defensio
1008 1380 1065 1427 et
1108 1375 1345 1441 similia,
1388 1373 1495 1426 illa
1534 1373 1677 1426 volo
1708 1375 1789 1425 in-

261 1464 448 1530 telligi
479 1465 640 1515 iuxta
674 1464 987 1515 sententias
1022 1461 1469 1514 universitatum.
1548 1449 1605 1510 ([
1648 1459 1779 1509 Item

264 1561 594 1616 quecunque
627 1545 802 1600 verba
841 1562 944 1612 pro
986 1545 1271 1596 iniuriosis
1316 1543 1519 1596 haberi
1560 1546 1782 1611 possent

263 1633 464 1698 quibus
496 1632 590 1682 hic
625 1647 796 1698 supra
831 1636 890 1694 et
921 1631 1161 1683 inferius
1204 1630 1264 1681 in
1306 1629 1638 1681 theutonico
1678 1644 1793 1680 non

261 1717 402 1769 satis
423 1716 710 1784 respondi,
743 1715 850 1769 illa
879 1731 1113 1778 revoco,
1151 1729 1343 1778 casso,
1380 1712 1573 1777 deleo,
1610 1718 1672 1764 et
1702 1729 1797 1764 re·

260 1808 468 1856 vocata
513 1802 730 1856 censeri
769 1800 928 1866 volo,
984 1799 1145 1852 salvo
1190 1802 1378 1850 tamen
1422 1798 1485 1850 in
1530 1797 1807 1850 omnibus

261 1889 382 1939 iure
415 1892 603 1940 nostro
639 1891 716 1938 .et
739 1900 787 1935 c.

270 2013 324 2076 (I
379 2023 523 2092 Eyn
579 2019 906 2091 duytsche
966 2016 1389 2072 Protestatio
1441 2015 1803 2130 Iohansen

793 2105 1254 2158 Pfefferkorn.

371 2221 424 2278 (i
458 2225 586 2290 Dyss
618 2224 865 2289 buchlyn
908 2223 1019 2275 hab
1066 2224 1157 2274 ich
1204 2221 1505 2289 gedachter
1546 2221 1807 2276 Ioannes

263 2312 632 2366 Pfefferkorn.
676 2326 740 2364 zo
773 2311 977 2374 rotung
1010 2323 1235 2374 meyner
1270 2321 1403 2358 eren
1433 2321 1513 2372 yn
1547 2322 1808 2376 vergan-

263 2416 374 2466 gen
416 2405 586 2465 tugen
629 2412 706 2462 yn
749 2395 873 2447 dem
919 2392 1189 2446 dutschen
1222 2392 1413 2445 lassen
1445 2391 1647 2457 vssgan
1676 2393 1809 2446 Ds-

263 2484 408 2547 weyl
447 2481 594 2531 mich
637 2481 772 2532 aber
807 2479 880 2544 dy
913 2480 1269 2530 obscurorum
1302 2477 1543 2529 virorum
1582 2478 1807 2542 episto-

262 2565 375 2614 len.
421 2564 508 2615 als
551 2567 700 2628 weyt
741 2563 830 2613 die
877 2563 1010 2614 welt
1052 2578 1115 2614 so
1158 2559 1647 2613 vnkristenlichen
1690 2577 1804 2628 ge-

263 2646 548 2698 schmecht
565 2646 680 2698 vnd
700 2645 1019 2712 beleydiget
1052 2646 1251 2698 haben.
1288 2643 1361 2698 da
1382 2645 1489 2696 mit
1519 2645 1621 2696 ich
1656 2648 1803 2698 aber
1884 2675 1886 2704 ;

263 2745 367 2783 vur
383 2744 564 2796 eynen
580 2729 809 2780 solchen
826 2729 1243 2795 leichtfertigen
1260 2745 1390 2781 man
1408 2732 1512 2796 nyt
1520 2729 1805 2796 gehalten
