1942 3109
67 253 533 303 mummii-nonus
572 246 875 285 onscvnos.
902 242 1090 279 vinos.
1120 216 1433 289 [varanna]
1479 216 1580 267 229

64 385 162 434 per
207 360 345 413 illud
393 360 571 407 instar
614 356 815 417 noctue
864 348 1046 398 omnia
1081 340 1362 391 mirabilia
1397 334 1584 385 mundi

55 448 297 503 ³videbiS.
388 438 572 506 [Vale]
632 454 699 487 ex
757 430 1034 498 Lyptzick
1093 427 1179 475 die
1241 428 1395 473 sexto
1455 424 1582 469 ante

67 538 268 585 festum
304 529 499 592 sancte
535 521 879 573 saturitatis,

458 782 509 839 (Ι
552 688 871 839 Βοαῒὲί.
900 764 1216 833 Grillus

266 880 573 933 Conrado
610 870 1105 927 Zuiccaviensi
1140 867 1213 917 .S.
1241 866 1300 914 P.
1328 864 1397 913 D.

176 983 385 1045 Accepi
420 980 638 1028 litteras
674 982 799 1025 tuas
834 977 1060 1021 nectare
1097 968 1232 1017 mihi
1277 970 1446 1027 atque
1485 980 1595 1013 am·-

72 1070 262 1122 brosia
307 1064 609 1114 suaviores,
682 1058 893 1124 perlegi
938 1056 1056 1105 fere
1100 1056 1272 1102 totum
1323 1050 1596 1109 Ovidium,

75 1160 133 1205 et
186 1166 320 1215 quos
365 1148 499 1198 mihi
544 1144 807 1211 legendos
851 1138 1175 1198 decrevisti,
1222 1134 1317 1185 sed
1361 1150 1470 1183 non
1516 1134 1598 1181 in-

74 1238 241 1290 venio
280 1250 387 1297 quo
422 1230 581 1280 modo
604 1229 695 1279 vel
729 1228 995 1289 meipsum
1019 1222 1110 1272 vel
1145 1225 1360 1269 nostros
1399 1218 1599 1267 contri-

74 1321 238 1371 bules
274 1316 417 1366 tueri
448 1314 688 1383 valeam.
728 1309 1111 1369 Peccavimu5‚
1146 1305 1334 1367 inique
1371 1303 1599 1366 egimus,

74 1407 201 1454 Non
250 1404 334 1451 est
378 1402 525 1449 inter
570 1413 669 1447 nos
718 1396 813 1459 qui
856 1395 1034 1443 faciat
1075 1393 1303 1451 bonum,
1359 1402 1468 1435 non
1516 1390 1602 1435 est

73 1502 253 1551 usque
302 1484 372 1534 ad
428 1498 609 1533 unum.
685 1481 744 1531 Si
803 1480 946 1529 enim
992 1474 1283 1527 scribendo
1329 1476 1386 1523 et
1429 1470 1601 1520 offen-

74 1571 253 1623 dendo
302 1570 463 1619 annis
508 1567 698 1617 multis
744 1566 854 1614 iam
902 1563 1063 1628 primi
1118 1575 1332 1624 semper
1375 1558 1600 1617 fuimuS,

54 1670 309 1707 necesse
357 1658 441 1701 est
484 1656 547 1700 ut
588 1650 889 1700 modestam
938 1653 994 1697 et
1037 1648 1177 1697 bene
1215 1644 1466 1693 meritam
1507 1641 1599 1691 ad—

72 1736 449 1793 versariorum
499 1732 857 1799 [nostrorum,
906 1735 1003 1779 aut
1047 1731 1233 1793 potius
1279 1730 1336 1775 in
1385 1727 1601 1775 Christo

76 1815 407 1879 amicorum]
440 1816 853 1878 responsionem
888 1813 1203 1863 toleremus,
1250 1810 1310 1859 Si
1343 1810 1604 1873 vigesies,

76 1908 129 1956 si
170 1900 555 1963 quinquagies,
590 1898 641 1947 si
678 1897 889 1947 centies
928 1896 1069 1945 alios
1105 1894 1326 1958 indigne
1360 1894 1604 1961 lesimu8‚

78 2000 258 2053 quare
305 1998 403 2032 nos
455 1980 626 2031 semel
681 1980 885 2029 offendi
940 1976 1048 2043 [(et
1102 1979 1154 2026 id
1203 1976 1420 2039 quidem
1465 1980 1604 2025 citra

76 2064 487 2131 offensionem)]
516 2080 626 2115 non
650 2064 955 2127 patiemur?
1000 2062 1264 2124 Nequitia
1300 2063 1386 2109 est
1421 2074 1524 2127 que
1550 2063 1605 2109 te

75 2168 195 2206 non
232 2151 367 2200 sinit
402 2166 526 2199 esse
574 2163 779 2199 senem.
848 2147 1088 2211 Decepti
1131 2145 1383 2209 profecto
1419 2160 1606 2195 omnes

74 2250 291 2290 sumus,
372 2232 713 2283 Credidimus
770 2232 915 2281 enim
958 2230 1335 2281 defensionem
1377 2230 1605 2279 Ioannis

74 2318 358 2374 Reuchlin
392 2332 580 2368 veram
616 2318 809 2378 fuisse,
844 2312 867 2380 ΙΙ
914 2320 975 2363 at
1009 2332 1154 2366 nunc
1191 2315 1484 2365 olfacimus
1523 2312 1606 2377 (ut
1629 2329 1656 2368 α
1682 2325 1706 2364 6

76 2410 139 2458 in
180 2404 339 2454 libris
375 2400 665 2453 reverendi
689 2400 1041 2463 Inquisitoris
1080 2399 1202 2448 luce
1243 2399 1448 2447 clarius
1477 2414 1602 2447 con-

54 2487 319 2555 .tinetur)
374 2502 496 2538 eam
542 2501 665 2535 esse
710 2485 1092 2535 falsissimam.
1163 2483 1321 2533 Folio
1367 2498 1603 2547 namque

150 2656 173 2688 ²
199 2657 461 2721 lyptzich.
488 2660 537 2706 2.
607 2655 627 2687 3
654 2656 925 2721 faturiat3.
956 2659 1004 2704 2.
1033 2652 1050 2661 ”
1070 2654 1107 2687 ¹⁹
1135 2651 1358 2717 offendi]
1387 2654 1540 2719 tangi
1554 2657 1601 2704 2.

76 2728 123 2762 ²¹
163 2726 415 2791 profecto
442 2730 487 2775 1.
508 2723 697 2791 pterea
722 2728 771 2776 2.
