1942 3109
192 254 573 295 PEPEmconm
600 254 853 291 cnuszA
878 254 1126 289 PnAEan.
1153 254 1335 289 m‘lsr.
1363 254 1605 291 BBVCEL.
1640 240 1708 292 87

194 363 405 413 niensis
451 360 699 424 Philippi
757 356 847 422 (eo
892 357 1040 424 quod
1087 361 1278 407 contra
1327 374 1448 408 eum
1497 359 1706 425 essent)

198 451 255 497 et
289 444 529 495 doctoris
564 444 886 507 Hieronymi
920 442 1272 509 imperatoris
1311 443 1620 493 consiliarii
1655 448 1712 494 et

197 530 599 597 prothonotarii
635 528 957 593 apostolici,
997 529 1094 593 qui
1127 542 1291 578 verus
1329 529 1710 593 superiorista,

198 631 338 666 unus
374 614 597 665 illorum
632 615 796 663 trium
820 613 1308 678 superioristarum
1333 613 1458 675 fuit,
1495 612 1563 663 de
1591 614 1710 675 qui·

195 702 297 751 bus
344 699 553 751 dictum
600 702 688 749 est
734 713 918 763 supra.
993 698 1178 748 Taceo
1225 697 1396 747 etiam
1443 694 1712 759 quomodo

193 783 515 836 laudaverit
547 783 1010 847 Parrhysienses,
1060 786 1118 832 et
1161 780 1358 832 deinde
1405 782 1502 830 uni
1547 782 1714 849 poete

197 869 344 932 apud
388 884 490 918 nos
537 869 785 918 scribens
834 882 927 918 eos
975 882 1144 931 supra
1179 865 1395 917 modum
1431 866 1714 932 vitupera-

197 952 358 1001 verit.
432 950 591 1012 Quod
636 951 809 1013 igitur
853 966 963 1000 non
1009 950 1149 999 fecit
1191 952 1375 1014 prius,
1419 951 1526 1000 hoc
1576 951 1715 999 satis

200 1048 471 1100 superque
508 1037 705 1099 postea
740 1034 799 1082 in
834 1048 935 1083 sua
972 1035 1262 1083 senectute
1301 1033 1610 1098 supplevit,
1659 1038 1716 1084 et

197 1122 493 1185 propterea
531 1119 587 1168 in
622 1118 777 1168 nullo
816 1116 1184 1167 excusandus.

304 1195 356 1251 ([
390 1204 565 1253 Nono.
604 1202 892 1251 Gloriatur
928 1217 988 1251 se
1029 1203 1402 1266 composuisse
1440 1202 1713 1253 dictiona-

201 1289 341 1337 rium
376 1286 696 1337 hebraicum
737 1302 803 1336 ex
836 1284 1118 1335 industria
1155 1300 1272 1335 sua.
1335 1284 1434 1336 sed
1467 1286 1574 1336 hoc
1607 1287 1716 1337 fal-

200 1388 317 1423 sum
356 1386 477 1423 esse
514 1373 653 1421 satis
690 1371 907 1422 ostendi
942 1372 1000 1420 in
1041 1370 1172 1421 aliis
1207 1370 1346 1421 meis
1371 1370 1615 1436 scriptis,
1655 1386 1718 1422 eo

202 1457 345 1521 quod
380 1472 575 1522 parum
612 1460 711 1506 aut
747 1456 889 1505 nihil
926 1472 996 1505 ex
1031 1471 1089 1506 se
1127 1455 1360 1519 habeat,
1398 1455 1496 1507 sed
1531 1458 1716 1507 omnia

200 1542 631 1593 emendicaverit
667 1556 700 1591 a
734 1540 949 1608 IudeiS,
1002 1540 1203 1603 quibus
1242 1542 1410 1591 etiam
1445 1556 1556 1592 non
1593 1558 1717 1592 eru·

198 1627 381 1675 bescit
424 1642 492 1674 ea
528 1626 769 1689 gloriose
806 1624 1051 1675 scribere
1090 1640 1196 1692 que
1233 1626 1341 1676 soli
1374 1625 1479 1675 deo
1517 1641 1716 1676 conve-

199 1710 385 1771 niunt,
444 1708 591 1757 sicut
638 1709 787 1756 infra
830 1709 1004 1758 latius
1050 1711 1284 1771 patebit.
1357 1710 1502 1759 Dico
1547 1711 1718 1774 igitur

199 1793 341 1853 quod
390 1791 459 1841 ad
501 1806 701 1857 penam
746 1793 937 1842 mortis
982 1793 1258 1843 sustinere
1297 1796 1527 1856 paratus
1579 1808 1717 1857 sum,

202 1873 348 1938 quod
392 1875 511 1936 ipse
548 1875 785 1924 Ioannes
819 1876 1098 1927 Reuchlin
1142 1892 1251 1927 non
1297 1878 1454 1927 novit
1503 1892 1716 1927 omnem

198 1956 491 2023 Iudeorum
536 1956 867 2018 scripturam
914 1958 1131 2021 legere,
1177 1964 1342 2009 taceo
1379 1962 1712 2026 intelligere.

197 2040 369 2091 Falso
405 2040 596 2102 itaque
633 2039 743 2088 sibi
778 2042 996 2089 tantam
1032 2042 1266 2106 gloriam
1289 2042 1569 2105 vendicat,
1607 2058 1717 2106 qua

198 2123 423 2171 minime
480 2122 681 2187 dignus
726 2127 826 2173 est.
898 2124 1118 2190 Dignus
1183 2128 1397 2190 tamen,
1459 2126 1718 2189 quemad-

202 2204 417 2255 modum
452 2206 726 2273 plerique,
766 2210 861 2273 qui
896 2209 1120 2274 aliquas
1149 2212 1515 2262 auctoritates
1542 2227 1715 2275 quan—

200 2290 381 2353 doque
420 2300 487 2339 e‘x
523 2290 717 2359 Grecis
754 2295 996 2345 afferunt
1033 2299 1089 2346 et
1125 2297 1242 2347 alia
1278 2296 1554 2361 ignorant.

306 2366 360 2423 (1
394 2375 645 2426 Decimo.
710 2376 917 2428 Scribit
972 2381 1032 2430 in
1091 2380 1333 2446 epistola
1392 2380 1716 2448 precedenti

198 2460 531 2524 dubitative,
571 2460 795 2511 scilicet
830 2464 1014 2527 potuit
1049 2462 1186 2527 fieri,
1225 2468 1282 2515 et
1316 2465 1374 2515 in
1409 2464 1714 2517 offensione

202 2560 307 2594 sua
348 2542 532 2610 juti.
573 2545 829 2597 columna
864 2548 1044 2612 prima
1081 2548 1410 2601 affirmative
1449 2549 1713 2615 loquitur,

200 2640 259 2675 se
302 2629 515 2679 nullum
560 2630 841 2682 decretum
894 2632 1106 2683 vidisse
1151 2633 1216 2685 de
1266 2634 1574 2685 cremandis
1619 2636 1710 2684 Iu·

200 2708 423 2776 deorum
459 2714 633 2766 libris.
705 2716 811 2771 hoc
848 2731 1014 2782 quam
1051 2719 1124 2769 sit
1147 2719 1352 2771 falsum
1378 2720 1437 2768 in
1463 2717 1712 2769 consiliis
