1942 3109
666 246 940 285 vomam!
978 246 1251 288 rnnnvu.
1621 240 1725 292 429

186 356 338 425 apud
383 354 694 418 fornacem,
753 357 812 405 et
865 353 999 405 huic
1052 358 1225 409 sectae
1272 357 1549 411 Patronus
1600 365 1725 413 erat

188 440 544 494 Aristoteles.
629 438 820 491 Etiam
877 453 990 491 non
1048 446 1173 493 erat
1226 444 1434 495 malum
1490 444 1719 512 factum,

189 524 414 592 quando
466 526 742 593 virginem
795 537 965 575 unam
1022 527 1115 578 vel
1167 528 1468 579 secundam
1512 544 1721 594 quaere·

187 615 412 676 bamus,
461 614 518 663 et
562 624 686 661 cum
729 609 834 661 illa
877 625 1073 676 parum
1116 612 1504 679 loquebamuS,
1548 615 1721 668 multo

188 698 368 765 magis
405 696 576 748 etiam
611 695 989 760 faciebamus,
1034 701 1099 747 ut
1140 697 1528 765 intelligebat,
1576 698 1723 764 quod

184 798 288 835 nos
323 784 468 835 bene
505 796 632 831 cum
665 780 772 833 illa
807 784 1115 833 sentiamus
1151 787 1209 835 et
1251 784 1385 836 boni
1420 782 1720 837 studentes

185 883 394 919 sumus.
463 866 551 917 Ex
595 880 704 930 quo
747 864 988 916 Iul-istus
1033 868 1263 931 potebat
1304 868 1532 933 docere,
1582 884 1718 935 quo-

187 951 350 1003 modo
397 950 660 1001 clientem
693 964 849 1002 suum
884 954 1073 1016 potest
1108 951 1328 1003 obviam
1372 954 1480 1016 im,
1526 957 1589 1003 ut
1622 970 1717 1005 ac-

193 1035 471 1103 cipiebat,
532 1034 676 1099 quod
730 1034 975 1087 libenter
1020 1034 1293 1099 habebat3
1364 1037 1719 1104 Theolongus

187 1124 412 1189 poterat
455 1119 682 1186 docere,
727 1120 999 1185 quomodo
1045 1124 1233 1186 potest
1274 1121 1458 1173 solare
1492 1126 1717 1173 moestos

186 1210 246 1258 et
301 1205 492 1257 tristes
545 1206 896 1270 meretrices,
956 1205 1180 1270 quando
1236 1206 1479 1258 libenter
1522 1206 1720 1258 volunt

185 1290 397 1342 habere
431 1290 610 1341 virum
655 1294 712 1342 et
753 1306 865 1342 non
911 1294 1147 1356 possunt
1182 1306 1409 1357 capere3
1468 1291 1719 1345 Medicus

183 1391 338 1440 vero,
363 1374 634 1440 quomodo
667 1380 858 1442 potest
891 1378 1101 1441 aegroto
1138 1376 1195 1426 in
1231 1376 1449 1442 pulsum
1483 1376 1719 1444 prehen-

185 1461 346 1526 dere,
408 1463 466 1511 et
522 1460 790 1525 quomodo
845 1460 948 1512 ille
1000 1462 1262 1527 vapulat,
1334 1466 1391 1514 et
1447 1462 1717 1529 quomodo

182 1561 352 1598 unum
398 1562 468 1597 ex
509 1546 754 1597 secundo
801 1547 1067 1611 sequitur.
1138 1548 1203 1599 In
1248 1562 1485 1613 summa,
1547 1564 1716 1600 unus-

184 1631 424 1696 quisque
481 1631 716 1695 potebat
773 1645 894 1679 cum
938 1631 1231 1697 voluptate
1288 1638 1345 1684 et
1388 1647 1573 1684 amore
1620 1632 1715 1685 do-

188 1730 344 1779 cere,
391 1712 537 1779 quod
581 1711 830 1780 volebat.
901 1714 1103 1767 Verum
1146 1716 1283 1783 proh
1328 1716 1509 1768 dolor!
1555 1731 1715 1769 omne

183 1803 458 1851 mutatum
503 1802 617 1851 est:
685 1798 784 1849 Dii
825 1800 938 1849 iam
971 1801 1169 1854 volunt
1212 1801 1435 1853 minare
1470 1802 1715 1855 Parnas-

188 1898 330 1947 sum,
367 1883 502 1947 quia
535 1883 977 1949 prohibiverunt,
1014 1889 1079 1937 ut
1114 1902 1273 1937 nemo
1306 1888 1485 1953 magis
1521 1902 1581 1939 se
1616 1903 1715 1940 va·

184 1968 348 2035 pulet
383 1982 504 2018 cum
537 1966 794 2035 invicem,
834 1974 892 2022 et
927 1971 1337 2035 concluserunt,
1363 1968 1509 2035 quod
1544 1972 1714 2022 omni-

182 2054 290 2106 bus
321 2052 440 2105 illis
473 2054 670 2105 volunt
704 2054 838 2105 dare
875 2056 1099 2107 rubram
1136 2070 1340 2119 ceram,
1374 2054 1470 2106 vel
1492 2054 1717 2106 rubrum

182 2153 374 2203 regem
405 2137 498 2189 vel
533 2137 842 2204 Caesarem,
881 2141 977 2206 qui
1014 2154 1075 2191 se
1113 2155 1235 2191 cum
1270 2140 1511 2192 invicem
1543 2154 1717 2208 vapu-

185 2222 331 2273 lant.
401 2220 516 2273 Imo
565 2225 679 2274 tam
714 2225 880 2277 valde
926 2231 1334 2292 persequuntur
1374 2227 1551 2278 bonos
1588 2226 1715 2279 Stu-

181 2305 408 2372 denteS,
454 2311 518 2359 ut
554 2310 724 2361 etiam
761 2310 843 2360 eis
876 2303 1284 2377 volunt’caput
1317 2310 1611 2377 desecare,
1660 2315 1717 2362 et

181 2391 526 2458 suspendere
576 2397 634 2443 et
675 2392 983 2459 rotificare,
1032 2397 1128 2460 qui
1172 2411 1283 2446 non
1318 2396 1583 2447 omittunt
1616 2410 1715 2447 va-

179 2476 400 2544 pulare.
441 2475 588 2540 Quid
625 2475 777 2527 aliud
809 2482 999 2544 potest
1032 2479 1103 2530 ad
1138 2480 1245 2532 hoc
1271 2495 1521 2545 sequere,
1549 2495 1715 2547 quam

180 2562 318 2628 hoc,
361 2565 428 2612 ut
471 2564 684 2613 stamus
721 2564 870 2615 sicut
902 2564 1189 2630 patrueles
1237 2580 1439 2629 canes,
1488 2564 1714 2617 Germa-

180 2644 313 2697 nice
363 2646 814 2712 Hundsvettern,
875 2646 1097 2712 quando
1144 2648 1523 2701 adversarium
1568 2649 1715 2697 acci-

177 2730 384 2797 pimus.
469 2731 555 2783 Ad
609 2732 718 2784 hoc
768 2732 952 2795 venit,
1023 2731 1169 2794 quod
1223 2732 1393 2782 etiam
1444 2732 1717 2781 Doctores
