1942 3109
359 250 606 287 uptun.
641 251 772 286 von.
813 249 856 285 1.
928 243 995 286 42.
1024 233 1109 302 [1.]
1146 250 1386 288 Ani-oxu
1422 252 1475 286 κ.
1582 237 1685 290 123

153 373 190 406 a
221 358 390 408 vobis
429 355 558 406 dum
594 356 680 405 fui
712 357 774 405 in
800 353 1056 420 Colonia,
1094 360 1151 406 et
1184 356 1325 406 dixi:
1362 355 1683 421 ‘Quoniam-

151 442 380 506 quidem
417 443 596 508 igitur
630 441 926 506 incepistis
970 440 1125 506 loqui
1170 440 1237 492 de
1282 444 1528 507 poetria,
1574 457 1685 492 non

147 530 309 592 potui
345 543 436 578 me
471 527 698 591 longius
733 525 1049 590 occultare,
1088 530 1145 576 et
1176 526 1301 576 dico
1336 527 1687 594 simpliciter,

149 612 300 676 quod
333 612 460 661 'non
507 610 675 661 credo
721 609 985 679 cesarem
1027 613 1319 676 scripsisse
1378 612 1481 664 illa
1542 627 1685 662 com·-

151 699 463 761 mentaria,
523 700 582 746 et
625 696 757 748 volo
800 695 1009 746 dictum
1053 713 1235 748 meum
1278 698 1537 747 roborare
1582 696 1687 745 hoc

153 785 514 848 argumento,
565 780 712 844 quod
757 781 840 831 sic
877 785 1065 832 sonat=
1113 783 1483 846 „Quicunque
1519 780 1689 830 habet

151 865 472 932 negocium'
495 867 558 915 in
602 867 772 916 armis
817 870 876 916 et
911 867 1191 917 continuis
1224 867 1511 917 laboribus
1529 904 1542 930 ,
1588 865 1687 915 ille

155 967 266 1002 non
301 955 494 1016 potest
537 932 776 1000 latinum
823 949 1079 1002 discere.·
1132 949 1239 1000 Sed
1282 952 1367 1001 sic
1412 954 1498 1002 est
1542 951 1689 1015 quod

161 1035 341 1102 Cesar
386 1049 602 1099 semper
643 1035 756 1084 fuit
801 1036 862 1085 in
896 1035 1067 1085 bellis
1105 1040 1160 1086 et
1194 1036 1447 1086 maximis
1482 1035 1687 1086 labori·

164 1121 309 1169 bus:
359 1133 488 1183 ergo
527 1133 634 1170 non
681 1120 868 1185 potuit
912 1135 1035 1169 esse
1084 1119 1281 1170 doctus
1323 1119 1419 1170 vel
1452 1119 1690 1168 latinum

165 1203 404 1254 discere.
471 1203 686 1255 Revera
730 1209 866 1270 puto
913 1205 1089 1270 igitur
1130 1219 1241 1255 non
1299 1204 1467 1255 aliter
1524 1219 1688 1269 quam

161 1288 312 1354 quod
349 1287 644 1339 Suetonius
683 1289 910 1353 scripsit
945 1289 1048 1339 illa
1086 1289 1505 1355 commentaria,
1556 1291 1689 1353 quis.

159 1387 453 1437 nunquam
485 1373 602 1423 vidi
627 1373 890 1437 aliquem,
928 1373 1023 1438 qui
1046 1375 1225 1440 magis
1251 1374 1485 1424 haberet
1508 1375 1689 1424 consi-

159 1458 438 1509 miliorem
473 1457 662 1507 stilum
699 1457 896 1526 Cessri
930 1473 1096 1523 quam
1134 1459 1468 1510 Suetonius'.
1528 1457 1687 1508 Post·

161 1558 331 1607 quam
365 1544 452 1592 ita
486 1541 751 1594 dixissem
789 1547 844 1594 et
877 1543 1055 1594 multa
1092 1544 1208 1594 alia
1241 1545 1415 1595 verba
1452 1559 1561 1611 que
1596 1543 1685 1593 hic

163 1641 342 1679 causa
377 1628 676 1678 brevitatis
713 1628 938 1692 omitto,
978 1629 1113 1692 quia
1146 1632 1209 1678 ut
1242 1629 1403 1678 scitis
1441 1645 1509 1677 ex
1546 1629 1689 1676 anti-

159 1728 270 1777 quo
307 1711 578 1762 dicterio:
616 1711 892 1762 ‘Gaudent
925 1713 1201 1764 brevitate
1235 1712 1521 1775 moderni’,
1558 1715 1691 1762 tunc

160 1800 285 1848 risit
319 1797 596 1846 Erasmus
631 1800 688 1846 et
721 1797 842 1846 nihi
877 1795 1189 1862 respondit,
1238 1799 1371 1862 quia
1418 1812 1540 1846 eum
1576 1801 1691 1846 tam

159 1881 361 1934 subtili
409 1882 890 1946 argumentatione
935 1883 1214 1948 superavi.
1284 1882 1359 1931 Et
1403 1882 1486 1932 sic
1522 1881 1692 1945 impo-

167 1969 383 2017 suimus
444 1964 607 2016 finem
667 1965 958 2016 collationi
988 1964 1075 2017 'et
1130 1967 1285 2017 nolui
1344 1967 1693 2034 questionem

159 2067 340 2103 meam
376 2052 436 2100 in
477 2049 756 2101 medicina
799 2065 1133 2116 proponere,
1182 2053 1315 2114 quia
1360 2053 1504 2101 scivi
1549 2051 1694 2115 quod

162 2139 286 2202 ipse
332 2151 443 2186 non
489 2135 687 2198 sciret,
736 2151 856 2204 cum
901 2151 1014 2186 non
1060 2135 1229 2185 sciret
1284 2135 1420 2186 mihi
1478 2135 1692 2188 solvere

163 2219 306 2271 illud
342 2223 728 2286 argumentum
763 2221 820 2269 in
855 2221 1039 2286 poesi,
1078 2225 1134 2271 et
1166 2222 1286 2286 ipse
1322 2225 1508 2272 tamen
1546 2226 1695 2272 esset

165 2309 349 2370 poeta.
410 2308 469 2356 et
503 2303 630 2354 dico
664 2320 765 2370 per
797 2304 958 2355 deum
996 2305 1141 2370 quod
1176 2321 1287 2356 non
1312 2309 1398 2356 est
1421 2310 1533 2356 tam
1556 2305 1694 2355 mul-

167 2395 278 2440 tum
313 2394 377 2439 ut
415 2389 612 2438 dicunt
644 2388 710 2440 de
749 2405 843 2440 eo:
880 2405 988 2440 non
1024 2390 1135 2440 scit
1167 2389 1291 2454 plus
1328 2405 1490 2455 quam
1527 2391 1693 2441 etiam

171 2475 316 2525 alius
365 2474 558 2524 homo:
619 2475 676 2522 in
720 2475 877 2539 poesi
920 2476 1065 2526 bene
1114 2473 1355 2524 concedo
1402 2475 1546 2538 quod
1590 2475 1699 2524 scit

167 2559 459 2625 pulchrum
483 2557 718 2608 latinum
742 2558 946 2609 dicere.
1019 2557 1127 2608 Sed
1152 2558 1283 2622 quid
1310 2561 1429 2609 est?
1465 2560 1524 2609 in
1550 2572 1697 2608 anno

169 2645 342 2696 multa
381 2658 672 2709 possumus
708 2643 850 2694 talia
905 2642 1146 2692 discere:
1196 2642 1295 2692 sed
1336 2643 1395 2690 in
1441 2641 1698 2704 specula-

171 2731 300 2782 tivis
348 2728 635 2792 scientiIs,
693 2731 758 2778 ut
795 2726 901 2777 'est
957 2725 1246 2787 theologia.
1304 2727 1361 2770 et
1404 2719 1705 2775 medicina,
