1942 3109
138 218 705 259 consummmavi·
729 218 1134 257 smmum-sna:
1159 216 1266 257 as.
1283 219 1411 256 nov.
1427 214 1542 258 ism.
1589 206 1660 260 29

136 327 329 379 datum
364 326 432 377 de
470 326 837 378 comburendo
872 322 1136 379 Thal'mut
1175 324 1448 378 innovari.
1517 328 1660 379 Nam·

137 417 201 465 ut
235 412 439 465 dicitur
471 414 531 461 in
564 412 630 461 L.
674 409 869 478 Cetere
904 410 1265 477 Digestorum
1301 410 1501 461 Famil.
1535 413 1660 463 her·

141 496 405 565 ciscunde
462 495 636 547 ‘Libri
694 496 1004 564 improbate
1063 495 1321 547 lectionis
1381 500 1512 547 sunt
1565 497 1662 548 de-

138 583 427 647 struendi',
485 581 801 647 Expediens
858 582 1088 647 insuper
1144 580 1306 632 nobis
1361 581 1659 647 videretur,

134 668 613 720 Reverendissime
658 670 821 733 pater
867 670 925 717 et
969 664 1214 729 domine,
1262 670 1324 717 ut
1369 667 1440 718 ab
1477 668 1660 717 usuris

137 758 479 818 arcerentur,
518 753 587 803 ad
608 753 847 803 honesta
872 751 1064 803 officia
1085 766 1184 818 pro
1221 766 1406 803 eorum
1443 755 1662 803 susten-

136 840 353 891 tatione
403 838 851 901 admitterentur,
912 836 1084 903 Signo
1133 836 1378 888 evidenti
1421 853 1458 887 a
1502 836 1658 887 Chri-

141 924 345 974 stianis
382 922 885 987 distinguerentur,
932 920 1008 970 Et
1051 937 1150 987 per
1183 922 1394 987 peritos
1431 935 1660 973 conver-

139 1022 232 1058 sos
280 1007 339 1056 in
384 1006 578 1071 lingua
622 1020 725 1057 sua
774 1005 841 1056 de
877 1006 1117 1056 veritate
1154 1005 1297 1071 legis
1335 1009 1395 1056 et
1425 1005 1660 1071 prophe·

138 1096 321 1142 tarum
356 1093 766 1142 instruerentur
803 1089 874 1141 ad
910 1090 1147 1156 gloriam
1181 1089 1300 1154 dei,
1347 1106 1536 1141 eorum
1571 1091 1660 1141 sass

136 1178 313 1229 lutem
348 1180 405 1227 et
440 1175 760 1243 Christiane
794 1176 1086 1241 religionis
1139 1179 1521 1241 augmentum,
1567 1173 1656 1228 do-

138 1261 289 1311 mino
334 1260 437 1311 deo
485 1263 819 1325 cooperante
864 1258 986 1310 zelo
1030 1260 1312 1325 imperiali
1355 1263 1414 1311 et
1455 1265 1660 1311 vestro.

137 1348 349 1397 Datum
369 1344 597 1413 Oolonie
621 1344 779 1395 Anno
804 1344 1078 1413 dominice
1104 1344 1512 1396 incarnationis
1535 1346 1664 1397 Mil-

138 1431 336 1483 lesimo
382 1430 825 1497 quingentesimo
874 1429 1086 1481 decimo
1133 1430 1330 1495 quinto
1377 1430 1508 1483 Idus
1552 1432 1660 1485 No·

139 1517 401 1571 vembris.

376 1602 441 1653 E.
478 1604 665 1670 vestre
702 1603 884 1670 gratie
918 1600 1156 1653 humiles
1191 1605 1440 1653 oratores

376 1686 581 1737 Rector
614 1690 671 1737 et
704 1686 1047 1738 universitas
1085 1682 1354 1739 Coloniefi

244 1854 499 1905 Humiles
532 1856 813 1905 orationes
850 1858 1074 1907 nostras
1111 1870 1234 1907 cum
1271 1872 1340 1907 ea
1367 1871 1478 1923 qua
1503 1856 1670 1908 decet

146 1939 517 1990 subiectione.
604 1936 967 1989 Serenissirne
1027 1940 1355 2003 imperator,
1411 1942 1670 1992 invictis-

145 2026 284 2077 sime
342 2024 620 2090 princeps.
672 2023 737 2072 -in
790 2022 1026 2087 negocio
1071 2021 1336 2072 librorum
1381 2022 1671 2090 Iudeorum

142 2110 314 2161 nobis
350 2125 385 2159 a
416 2113 607 2160 vestra
644 2106 891 2175 Cesarea
926 2106 1226 2158 maiestate
1263 2122 1362 2173 per
1395 2108 1672 2159 Reveren-

144 2194 433 2246 dissimum
478 2194 537 2243 in
573 2192 791 2244 Christo
838 2196 1057 2258 patrem⁴
1089 2206 1158 2243 ac
1202 2190 1478 2245 dominum
1511 2194 1671 2246 Urie-

143 2280 257 2331 lem
303 2278 793 2345 Archiepiscopum
836 2276 1321 2344 Moguntinensem
1364 2280 1672 2347 principem

148 2367 453 2417 electorem
486 2368 565 2415 .et
598 2380 645 2414 c.
694 2364 949 2430 imposito
997 2378 1066 2415 ac
1109 2364 1359 2415 iniuncto
1407 2369 1674 2429 quantum

149 2449 471 2517 epistolaris
496 2449 747 2500 brevitas
772 2448 919 2501 ferre
943 2449 1146 2513 potuit,
1181 2448 1339 2499 iuxta
1375 2450 1458 2500 rei
1493 2449 1674 2513 quali·-

152 2538 327 2586 tatem
360 2532 740 2601 respondimus
779 2538 835 2585 et
870 2532 1192 2597 scripsimus
1221 2532 1364 2598 quod
1387 2535 1674 2600 sentimus,

152 2619 325 2671 Salvo
349 2623 538 2672 tamen
562 2634 776 2685 semper
798 2617 1006 2670 iudicio
1032 2618 1257 2669 saniori.
1316 2620 1519 2671 Verum
1541 2622 1676 2684 quia

150 2703 301 2756 lator
357 2703 553 2756 harum
609 2705 847 2756 Ioannes
902 2698 1228 2753 Pefferkorn
1285 2702 1416 2755 olim
1474 2702 1676 2769 Iudeus
