1942 3109
281 234 380 285 110
535 249 830 286 mus-romu
867 249 1237 287 osscvnonvx
1271 249 1543 286 vrnosvu.

277 355 388 419 dis,
427 355 740 420 solvendis,
777 355 1150 421 proponendis
1187 355 1599 423 questionibus,
1638 369 1813 420 argu-

278 440 498 504 mentis,
534 441 1009 505 probleumatibus
1031 442 1091 491 in
1126 441 1275 491 omni
1308 440 1513 492 scibili.
1582 439 1659 488 Et
1682 455 1810 490 cum

278 525 382 575 hoc
411 527 582 593 'poete
619 529 677 576 et
709 530 960 576 oratores
995 530 1269 592 apparent
1300 524 1475 577 valde·
1516 524 1812 574 artificiosi

279 624 348 660 ac
383 611 702 661 scientiosi:
747 612 894 662 inter
941 625 1078 675 quos
1126 615 1211 661 est
1254 625 1397 660 unus
1444 609 1715 662 notabilis
1752 613 1811 660 et

278 696 618 762 magistralis
664 697 722 746 in
773 697 876 747 illa
923 701 1044 747 arte
1091 711 1189 764 pre
1240 695 1467 760 ceteris,
1530 695 1625 759 qui
1658 693 1810 746 facit

276 781 388 831 ‚sibi
433 797 689 846 magnum
733 781 957 832 titulum
1006 780 1225 846 quando
1272 781 1495 830 intimat
1527 779 1807 830 lectiones

279 879 427 915 suas.
487 865 563 914 Et
586 866 727 917 dicit
751 865 897 931 quod
921 870 1009 918 est
1031 869 1199 931 poeta
1223 869 1529 930 poetarum,
1568 869 1625 915 et
1661 864 1809 928 quod

278 953 463 1016 preter
515 965 637 1000 eum
683 967 794 1002 non
839 955 926 1002 est
974 951 1119 1002 alius
1156 959 1341 1016 poeta.
1410 950 1541 1015 Ipse
1580 949 1810 1014 scripsit

281 1033 554 1099 quendam
601 1039 904 1085 tractatum
947 1037 1208 1100 metrice,
1270 1050 1431 1100 quem
1476 1034 1809 1086 notabiliter

279 1119 617 1184 intitulavit,
656 1135 757 1186 ego
793 1135 912 1170 sum
947 1121 1153 1171 obIItus
1186 1135 1413 1184 nomen,
1464 1119 1625 1172 credo
1662 1120 1810 1185 quod

281 1209 366 1254 cst
401 1205 468 1254 de
505 1206 590 1254 ira
627 1209 684 1254 et
721 1205 1046 1256 cholericis:
1092 1206 1151 1254 in
1188 1221 1294 1270 quo
1329 1208 1578 1256 tractatu
1614 1205 1805 1256 stimu-

280 1288 364 1338 lat
398 1289 698 1354 magistros
732 1288 954 1354 multos,
994 1294 1051 1340 et
1088 1290 1231 1341 alios
1267 1294 1464 1356 poetas
1501 1291 1597 1354 qui
1620 1305 1681 1340 se
1706 1291 1827 1340 im·-

278 1373 607 1438 pediverunt
648 1373 836 1438 legere
881 1375 938 1424 in
986 1375 1353 1426 universitate
1388 1379 1614 1442 propter
1650 1390 1807 1425 suam

278 1459 617 1510 luxuriosam
655 1462 858 1510 artem:
893 1473 1084 1510 verum
1119 1461 1374 1525 magistri
1396 1460 1589 1511 dicunt
1612 1461 1723 1511 sibi
1746 1461 1805 1510 in
1834 1499 1841 1503 .
1923 1525 1924 1534 ἵ

278 1544 509 1607 faciem,
571 1544 716 1608 quod
773 1560 884 1594 non
932 1547 1019 1594 est
1062 1548 1178 1594 tam
1221 1546 1397 1596 bonus
1441 1549 1611 1610 poeta
1660 1547 1809 1595 sicut

279 1628 567 1694 gloriatur,
607 1633 662 1678 et
697 1632 890 1680 tenent
927 1630 1037 1680 sibi
1072 1630 1130 1679 in
1164 1629 1355 1680 multis
1379 1631 1712 1696 oppositum,
1753 1635 1808 1682 et

281 1713 520 1776 probant
555 1729 654 1778 per
687 1729 807 1778 vos,
842 1713 1111 1765 videlicet
1148 1713 1457 1779 quodestis
1481 1715 1654 1766 multo
1678 1732 1806 1781 pro-

278 1797 500 1847 fundior
534 1799 594 1848 in
631 1803 750 1849 arte
787 1798 1086 1864 poeticali:
1128 1813 1251 1850 cum
1284 1799 1390 1850 hoc
1427 1800 1596 1850 etiam
1619 1803 1805 1850 osten·

277 1881 416 1932 dunt
451 1883 598 1946 quod
632 1899 743 1934 non
781 1887 866 1934 est
900 1885 1043 1936 bene
1080 1883 1347 1934 fundatus
1383 1885 1441 1934 in
1478 1885 1803 1949 quantitate

277 1967 649 2032 syllabarum,
686 1972 852 2033 prout
884 1968 1219 2032 determinat
1252 1971 1517 2036 magister
1550 1969 1617 2020 de
1652 1970 1807 2022 Villa

275 2051 368 2127 dei
401 2053 460 2102 in
496 2053 666 2104 tertia
703 2055 790 2104 sui
804 2054 828 2118 ‚'
867 2068 1055 2118 quarn⁴
1078 2056 1185 2106 iste
1230 2054 1451 2106 videtur
1494 2069 1607 2104 non
1650 2055 1809 2106 suffi-

281 2139 495 2188 cienter
538 2139 772 2204 legisse,
834 2139 1005 2203 atq'ue
1052 2138 1333 2191 deducunt
1377 2143 1571 2190 contra
1626 2140 1807 2204 ipsum

278 2223 550 2272 intentum
587 2239 745 2274 suum
779 2224 1183 2290 multipliciter.
1254 2225 1437 2275 Primo
1473 2241 1571 2290 per
1606 2237 1809 2276 nomen

275 2311 543 2372 vestrum,
583 2311 640 2358 et
661 2308 767 2358 hoc
790 2308 1116 2375 dupliciter:
1152 2310 1325 2374 primo
1352 2311 1435 2360 sic
1450 2305 1467 2358 ε’
1500 2308 1671 2361 ‘Ecce
1696 2311 1807 2361 iste

277 2393 399 2443 vult
433 2392 758 2457 profundior
793 2409 916 2444 esse
952 2397 1122 2459 poeta
1158 2390 1323 2458 quam
1368 2393 1637 2460 magister
1676 2394 1805 2446 Ort-

277 2479 468 2542 vinus‚
508 2481 566 2528 et
599 2481 786 2530 tamen
821 2494 1021 2530 nomen
1056 2493 1215 2530 suum
1248 2475 1359 2530 n'on
1397 2479 1639 2544 patitur:
1677 2494 1801 2544 pro·

278 2563 429 2614 fecto
451 2564 718 2629 magister
743 2564 1011 2615 Ortvinus
1045 2563 1251 2614 dicitur
1274 2563 1502 2616 Gratius
1538 2579 1573 2614 a
1610 2579 1805 2632 super-

277 2647 399 2697 nali
422 2649 626 2714 gratia,
662 2663 770 2718 que
793 2651 1031 2701 vocatur
1054 2650 1239 2715 gratia
1264 2650 1439 2715 gratis
1464 2649 1629 2700 data:
1670 2651 1804 2715 quia

279 2733 422 2784 alias
457 2749 568 2785 non
602 2735 858 2799 poteritis
895 2733 1138 2786 scribere
1176 2739 1291 2786 tam
1314 2734 1589 2801 profunda
1616 2735 1798 2788 dicta-
