1942 3109
259 264 361 318 262
437 279 727 316 murrona
751 277 1116 315 onecvnonvn
1143 277 1396 314 vmonvu
1421 278 1598 316 novas.

261 387 435 453 gister
467 387 655 436 noster
688 384 887 436 Petrus
920 399 1032 434 non
1069 388 1154 434 est
1195 364 1372 435 iustus
1416 384 1538 450 ipse
1582 387 1640 436 et
1683 388 1778 438 eui

263 470 630 540 coherente3‚
678 469 772 534 qui
808 472 1002 520 tenent
1036 469 1181 533 quod
1215 468 1510 535 Speculum
1546 471 1776 524 oculare

262 557 431 608 debet
465 554 725 621 suspendi
758 554 829 604 ad
863 555 1189 620 patibulum.
1261 555 1406 618 Quia
1443 559 1529 606 est
1562 556 1660 607 ille
1706 557 1776 608 li-

260 643 361 694 ber
394 641 701 712 hereticus,
738 643 794 690 et
826 639 1062 708 heretici
1084 644 1361 690 merentur
1383 654 1584 705 penam
1606 642 1773 707 ignis,

265 728 411 791 Quia
454 724 687 795 heretici
730 725 1144 789 comburuntur,
1199 723 1297 775 sed
1346 725 1500 776 fures
1541 739 1773 791 suspen-

264 812 479 862 duntur.
541 810 802 873 Quamvis
838 809 925 859 illi
958 810 1198 860 fortasse
1233 808 1428 860 dieunt
1463 809 1604 874 quod
1637 809 1772 876 Spe·

267 897 448 948 culum
493 895 731 947 Oculare
776 895 946 945 etiam
1001 879 1273 945 commisit
1321 896 1548 947 furtum.
1627 896 1775 958 Quia.

264 982 539 1032 Iohannes
584 979 930 1030 Pfefferkorn
981 979 1119 1030 dicit
1171 979 1314 1043 qnod
1365 980 1424 1030 in
1475 980 1579 1031 hoc
1629 978 1773 1032 libro

262 1067 538 1118 Iohanne·
587 1065 859 1116 Reuchlin
916 1065 1128 1116 furavit
1185 1065 1238 1115 ei
1287 1065 1548 1118 honorem
1600 1080 1776 1130 suum,

264 1167 424 1216 quem
458 1166 567 1202 non
602 1150 760 1201 daret
804 1165 901 1216 pro
944 1149 1148 1215 viginti
1191 1149 1442 1200 florenis:
1490 1151 1623 1216 quia
1667 1150 1776 1202 duo

264 1236 420 1303 Iudei
456 1234 551 1300 qui
588 1235 842 1286 similiter
873 1235 1204 1286 furaverunt
1239 1235 1292 1286 ei
1313 1236 1574 1286 honorem
1599 1251 1776 1300 suum,

263 1320 532 1372 dederunt
578 1320 629 1370 ei
672 1320 903 1384 triginta
936 1320 1170 1370 florenos
1206 1335 1302 1385 pro
1339 1335 1420 1370 eo.
1493 1319 1580 1370 Sit
1615 1336 1649 1370 a
1683 1321 1778 1372 vel

265 1408 321 1470 b,
358 1421 459 1472 ego
494 1404 697 1458 vellem
732 1403 875 1468 quod
912 1405 1112 1455 essetis
1151 1403 1462 1456 concordes.
1521 1405 1644 1456 Non
1677 1405 1777 1456 ha·

268 1492 459 1541 bemus
494 1489 589 1540 hic
622 1503 795 1552 nova,
830 1489 943 1539 nisi
977 1489 1120 1553 quod
1155 1490 1252 1541 ille
1275 1493 1440 1555 poeta
1464 1489 1776 1542 [oachimus

263 1573 577 1638 vadianus,
631 1574 728 1637 qui
778 1576 865 1624 est
912 1589 1055 1626 unus
1099 1591 1167 1625 ex
1210 1573 1634 1638 ReuchlinietiS,
1691 1579 1779 1625 est

264 1661 451 1710 factus
484 1658 687 1708 Rector
720 1658 1118 1710 universitatis·
1175 1660 1467 1710 Percutiat
1495 1657 1628 1710 deus
1665 1675 1776 1710 om-

262 1761 389 1796 nem
423 1743 749 1810 societatem
781 1743 1076 1796 Poetarum
1112 1749 1168 1795 et
1200 1745 1522 1795 Iul-istarum
1569 1748 1626 1795 et
1669 1757 1778 1796 non

264 1829 619 1894 derelinquat
650 1843 814 1879 unum
840 1845 906 1880 ex
931 1829 1014 1879 eie
1037 1830 1370 1895 mingentem
1395 1829 1466 1880 ad
1490 1830 1776 1896 parietem.

264 1915 385 1980 Ego
424 1915 669 1980 cogitavi
704 1912 846 1978 quod
880 1913 1008 1964 volo
1043 1913 1328 1965 recedere:
1365 1915 1497 1978 quid
1521 1914 1777 1967 deberem

265 2001 323 2050 in
358 1999 461 2050 illa
497 1999 858 2050 universitate
883 1999 1101 2063 facere,
1137 1999 1232 2050 uhi
1257 2001 1424 2066 poeta
1449 2003 1536 2050 est
1557 2001 1775 2052 rector?

269 2089 325 2136 et
361 2089 491 2136 sunt
524 2084 616 2135 hic
638 2085 723 2134 ita
744 2085 902 2135 multi
926 2084 1310 2152 Reuchliniste
1345 2086 1494 2136 sicut
1527 2085 1583 2134 in
1617 2085 1776 2135 nulIa

268 2171 385 2220 alia
428 2170 823 2220 universitate:
882 2169 1104 2220 scilicet
1145 2169 1460 2220 Ioachimus
1495 2168 1780 2221 vadianus

266 2259 474 2318 rector,
510 2257 569 2304 et
602 2253 868 2319 Georgius
904 2253 1240 2305 Collimitius
1274 2255 1618 2319 Tanstetter‚
1656 2271 1780 2320 pro-

266 2355 413 2390 nunc
446 2338 725 2402 Medicus,
769 2339 898 2390 olim
932 2338 1392 2402 Mathematicus,
1441 2343 1497 2389 et
1539 2339 1779 2390 Ioannes

270 2424 641 2490 Cuspinianus
657 2461 672 2488 ,
709 2426 803 2488 qui
828 2428 914 2475 est
936 2409 1174 2475 servitor
1197 2428 1255 2475 et
1281 2425 1633 2476 consiliarius
1661 2422 1778 2476 Gae-

268 2510 439 2571 saria,
498 2512 553 2558 et
605 2509 827 2573 quidam
880 2509 976 2573 qui
1017 2513 1250 2560 vocatur
1294 2509 1531 2559 Thomas
1576 2508 1780 2575 Resch,
1817 2517 1826 2524 '

166 2645 176 2656 ,
270 2597 326 2644 et
357 2591 546 2643 Simon
580 2593 807 2657 Lasine,
854 2595 951 2656 qui
995 2598 1082 2644 est
1119 2591 1784 2660 compatriotarlohannis

266 2677 564 2742 Reuchlin‚
622 2683 677 2728 et
722 2677 821 2727 alii
864 2679 1042 2728 multi.
1125 2677 1232 2729 Sed
1277 2677 1546 2741 Magister
1591 2684 1782 2732 noster

268 2761 597 2817 Heckmann
634 2765 717 2817 est
752 2761 818 2818 de
854 2763 949 2817 via
985 2766 1203 2829 nostra3
1253 2766 1310 2816 et
1343 2761 1484 2816 dixit
1519 2765 1666 2833 quod
1697 2769 1777 2821 te-
