1942 3109
247 192 307 236 16.
335 195 452 236 1011.
479 199 840 236 mummius.
879 195 942 239 17.
969 201 1275 240 nuntium
1302 202 1543 241 onmem.
1580 188 1683 241 223

154 302 269 353 bite
316 304 452 355 mihi
495 305 725 356 novalia.
770 304 836 355 de
885 307 1125 371 guerris:
1185 311 1243 357 et
1292 310 1531 359 mittatis
1592 324 1677 359 me

151 388 296 439 scire
345 405 418 439 an
461 389 560 439 ille
596 389 804 440 Iurista
838 389 1117 442 Iohannes
1150 392 1425 448 Reuohlin
1462 410 1677 459 compo-

148 473 264 521 suit
307 472 490 523 adhue
539 473 660 523 alia
708 478 900 525 contra
943 492 1073 541 vos,
1120 477 1254 541 quia
1288 479 1555 542 possibile
1592 483 1681 529 est

146 557 296 621 quod
350 559 494 609 fecit
552 562 782 624 propter
839 560 1123 611 audatiam
1176 576 1363 625 suam,
1424 563 1675 625 quamvis

142 641 318 692 nullis
341 644 546 694 vestris
571 643 1002 710 precedentibus
1028 644 1331 697 demeritis.
1382 644 1493 694 Sed
1516 661 1677 709 spero

143 726 292 789 quod
330 729 504 778 etiam
537 729 680 779 bene
721 728 1069 779 confundetis
1106 745 1257 794 eum,
1298 730 1432 793 quia
1468 729 1561 779 hic
1585 728 1679 779 do-

139 812 326 861 minus
384 812 662 877 Magister
718 813 919 863 Noster
976 814 1283 865 Hochstrat
1340 813 1485 863 dixit
1542 813 1677 863 mihi

139 896 290 959 quod
325 912 504 947 causa
541 912 646 964 sna
679 898 824 947 bene
859 900 1003 960 stat,
1054 903 1110 949 et
1155 899 1302 961 quod
1347 898 1522 949 debeo
1570 899 1675 949 hoc

134 982 298 1032 vobis
333 983 604 1033 seribere.
676 982 878 1033 Valete
913 982 1085 1047 Rome
1122 982 1329 1033 datum.

871 1235 956 1285 17.

451 1354 507 1412 11
547 1350 1036 1415 Frederieus
1082 1352 1377 1417 Glantz

429 1454 772 1521 Magistro
811 1455 1093 1505 Ortvino
1132 1455 1375 1506 Gratio

138 1574 353 1625 Salutis
380 1572 694 1623 Cumulum.
753 1573 1115 1623 Honorabilis
1140 1575 1255 1637 vir,
1292 1575 1343 1625 si
1375 1591 1483 1626 non
1509 1577 1671 1627 scitis

133 1661 321 1725 prius,
377 1662 516 1709 tune
560 1658 688 1709 volo
730 1658 892 1708 vobis
937 1658 1249 1709 certificare
1294 1674 1468 1724 nova,
1528 1658 1674 1722 quod

131 1746 219 1795 fui
257 1744 351 1793 hic
385 1744 449 1791 in
484 1756 684 1807 guerra
722 1756 844 1791 oum
870 1740 1111 1805 quodam
1137 1740 1404 1806 Cantore,
1442 1744 1539 1807 qui
1573 1758 1674 1807 pu-

129 1833 224 1879 tat
269 1844 331 1877 se
380 1842 503 1877 esse
546 1840 806 1891 magnum
851 1825 1158 1875 dominum:
1214 1825 1310 1876 sed
1356 1830 1443 1877 est
1492 1824 1673 1876 adhue

128 1916 218 1963 ita
265 1912 412 1963 bene
458 1925 672 1975 pauper
715 1910 902 1960 socius
952 1911 1099 1960 sicut
1136 1926 1236 1977 ego
1278 1915 1334 1960 et
1371 1910 1490 1960 alii.
1561 1910 1673 1961 Nos

128 1997 384 2049 bibimus
427 1995 488 2043 in
531 1994 722 2058 simul,
771 1998 830 2044 et
875 1994 993 2058 ipse
1031 1992 1173 2043 dixit
1210 1994 1355 2056 quod
1388 1998 1673 2060 portasset

129 2082 270 2131 mihi
315 2094 489 2129 unum
530 2082 709 2128 totum
756 2080 1045 2129 cantarum
1090 2076 1407 2143 Cerevisiq:
1464 2082 1521 2127 et
1570 2092 1671 2141 ego

133 2166 252 2215 dixi
297 2162 449 2229 quod
493 2178 634 2213 non:
683 2166 740 2213 et
774 2165 856 2213 ita
890 2178 977 2213 me
1014 2162 1151 2212 deus
1188 2162 1345 2212 iuvet
1380 2161 1527 2226 quod
1560 2176 1672 2211 non

132 2249 250 2301 vidi
297 2247 448 2314 quod
491 2246 657 2297 bibit.
738 2248 896 2298 Tune
941 2246 1081 2297 dixi:
1141 2245 1395 2297 ‘Domine
1441 2246 1669 2311 Cantor,

131 2335 252 2401 Ego
287 2349 402 2384 non
447 2330 570 2383 vidi
615 2331 761 2396 quod
803 2332 1060 2394 bibistis3
1106 2332 1157 2381 si
1200 2330 1491 2395 vidissem,
1535 2334 1670 2381 tuno

129 2418 376 2487 libenter
418 2416 628 2467 vellem
671 2414 1008 2481 respondere
1053 2416 1243 2479 vobis,
1297 2417 1431 2479 quia
1484 2414 1668 2465 adhuc

135 2518 252 2552 sum
283 2502 704 2567 Imperterritus
743 2506 940 2551 contra
976 2516 1145 2551 unum
1171 2497 1474 2549 cantarum
1501 2498 1667 2550 Cere-

135 2588 308 2653 visie'.
389 2587 555 2637 Tune
599 2586 812 2635 iuravit
857 2584 1005 2649 quod
1058 2587 1339 2649 portasset
1392 2584 1555 2645 mihi,
1614 2588 1671 2629 et

131 2670 270 2721 dixit
323 2672 478 2739 qnod
533 2670 710 2720 debeo
761 2670 977 2719 bibere.
1064 2666 1375 2729 Respondit
1421 2664 1687 2715 ‘Portate
