1942 3109
232 288 465 326 on‘rvnu
504 285 700 325 auru
737 283 1015 323 umsroLA
1049 284 1466 327 Aronocsmcs.
1537 272 1635 323 341

119 412 153 444 a
190 392 341 445 Sixto
376 408 527 458 papa
562 394 760 456 quarto
798 388 887 453 (ut
920 391 982 439 in
1005 390 1204 441 vestris
1238 405 1404 455 supra
1429 390 1636 445 lamen-

117 478 423 531 tationibus
477 475 662 542 patet)
716 474 1078 540 peculiariter
1132 478 1220 525 est
1275 476 1635 527 commissum.

117 562 433 613 Irascimini
470 576 599 626 ergo
640 564 696 611 et
729 558 901 611 nolite
927 573 1183 623 peccare.
1229 558 1480 611 Scabant
1501 561 1639 611 muli

116 649 319 710 mulos,
370 649 426 696 et
470 645 797 711 sanguinem
839 644 1196 713 innocentum
1238 658 1350 695 non
1385 642 1636 694 eliciant.

80 732 222 785 sffis
256 730 519 793 moribus,
554 730 643 779 his
682 728 978 803 conviciiS,
1025 727 1112 777 his
1151 731 1299 777 certe
1333 718 1667 779 mendaciis

116 820 174 869 et
212 815 560 867 contumeliis
599 812 853 878 Oapnion
886 813 1007 879 ipse
1045 811 1250 863 amicos
1287 812 1395 863 sibi
1431 812 1635 863 habere

114 916 226 950 non
259 901 461 963 potest,
498 896 715 949 videtur
750 898 1005 948 inimicos
1038 896 1206 949 velle.
1258 887 1310 946 (I
1343 896 1634 947 Irrisiones

112 987 369 1051 preterea
413 985 598 1050 vestre
642 981 783 1032 nihil
840 980 910 1030 ad
952 981 1372 1032 Reuchlinicam
1418 982 1636 1032 faciunt

114 1067 544 1119 contentionem.
620 1065 682 1116 Si
715 1066 875 1118 vobis
913 1069 1012 1115 aaeut
1047 1066 1175 1117 aliis
1213 1067 1309 1130 qui
1342 1065 1502 1116 nobis
1539 1064 1635 1115 ad-

80 1156 449 1216 )versantur,
506 1153 746 1216 peccata
799 1150 1159 1214 exprobrare,
1221 1154 1278 1200 et
1329 1149 1635 1203 falsissima

112 1250 333 1305 queque
378 1233 664 1287 offundere
706 1232 1007 1296 vellemne,
1053 1249 1163 1283 non
1207 1233 1428 1285 deesset
1471 1234 1632 1287 nobis

108 1324 354 1375 fortasse
397 1316 681 1370 scribendi
722 1318 988 1381 materia,
1035 1317 1132 1368 sed
1167 1318 1273 1368 hoc
1307 1317 1634 1369 histrionum

112 1408 203 1457 est
232 1406 303 1473 ,et
344 1402 824 1465 muliercularum,
867 1416 978 1450 non
1020 1402 1286 1453 bonorum
1329 1418 1509 1467 neque
1547 1419 1632 1456 sa-

106 1491 381 1557 pientum.
458 1486 764 1551 Propterea
818 1484 1169 1539 doctissimus
1223 1488 1322 1539 ille
1365 1486 1633 1537 Erasmus

80 1571 529 1636 §Boterodamuffi
566 1569 945 1636 theologorum
981 1570 1396 1637 disertissimus,
1433 1576 1490 1623 et
1523 1589 1633 1625 non

106 1657 337 1723 vulgari
381 1654 578 1720 dignus
612 1655 840 1719 honore,
876 1670 977 1705 vos
1013 1656 1276 1707 obscuros
1310 1657 1632 1709 Reuchlini-

106 1746 233 1792 stas
268 1742 534 1802 tanquam
568 1742 779 1801 pestem
816 1739 1092 1802 quandam
1125 1739 1437 1790 detestatur
1457 1739 1634 1790 dolet-

110 1839 223 1890 que
262 1837 335 1872 ac
366 1820 537 1886 plane
572 1821 905 1885 ingemiscit,
942 1837 1066 1872 sese
1099 1824 1160 1871 in
1191 1824 1391 1873 vestris
1429 1824 1632 1888 episto-

106 1911 185 1961 lis
223 1923 259 1956 a
292 1905 453 1957 vobis
490 1920 612 1955 esse
650 1903 1100 1957 commendatum.
1152 1906 1370 1970 Ecquid
1404 1908 1632 1959 mirum?

80 1990 341 2045 »Laudes
378 1989 521 2039 enim
555 1989 908 2040 obscurorum
942 1988 1131 2039 sordes
1166 1993 1322 2054 sunt,
1367 2006 1478 2042 non
1511 2008 1633 2059 pre-

109 2076 308 2139 conia,
368 2088 474 2147 nec
518 2077 607 2125 est
652 2074 753 2124 sub
802 2073 931 2124 orbe
978 2073 1166 2124 lunari
1216 2077 1330 2124 tam
1373 2090 1632 2144 perverse

104 2162 315 2215 mentis
360 2158 548 2222 homo,
599 2158 695 2222 qui
738 2157 830 2209 vel
874 2159 1073 2207 merita
1118 2156 1330 2221 laudis,
1377 2162 1476 2209 aut
1517 2161 1634 2227 vite

107 2246 445 2299 innocenter
480 2247 607 2311 acte
642 2246 841 2293 testem
888 2242 957 2292 ab
1006 2242 1255 2293 obscuris
1289 2246 1463 2307 petat.
1534 2243 1637 2293 Est

108 2335 173 2384 et
220 2328 365 2379 alius
413 2326 652 2394 ecclesie
698 2327 950 2393 prelatus
993 2324 1310 2393 [chaldaice
1355 2326 1502 2391 apud
1535 2344 1634 2379 nos

80 2416 433 2479 ‚litterature
468 2409 703 2477 peritus]
732 2411 828 2474 qui
861 2410 998 2460 licet
1022 2409 1295 2475 Capnioni
1315 2412 1458 2461 bene
1481 2411 1634 2475 velit,

110 2497 483 2552 severissimis
537 2500 722 2547 tamen
776 2510 875 2545 vos
930 2494 1240 2559 insequitur
1285 2494 1634 2559 carminibus,

108 2588 366 2646 Itemque
410 2580 714 2632 Richardus
759 2580 907 2645 ipse,
956 2584 1316 2646 cognomento
1361 2578 1634 2645 Sbrulius,

182 2752 229 2785 2⁷
266 2750 517 2826 Sprulius
543 2752 591 2807 1.
