1942 3109
287 208 384 262 1oe
421 222 800 262 Pzrnmconm
829 222 1068 262 nunus.
1082 223 1304 261 CONTRA
1327 222 1544 262 rums.
1560 227 1621 262 Ο.
1636 228 1696 262 V.
1711 227 1837 267 131³1’.

281 333 463 399 pater,
495 333 730 396 paratus
753 344 856 396 ego
879 345 1001 381 sum
1020 328 1115 382 vel
1139 344 1325 381 coram
1356 332 1694 385 sanctitate
1718 340 1833 397 tua,

284 416 378 469 vel
413 431 598 468 coram
633 414 874 468 concilio
909 414 1191 482 generali,
1224 415 1318 467 vel
1358 430 1559 467 eoram
1584 417 1833 487 Cesarea

284 503 610 566 maiestate,
655 500 1103 568 Archiepiscopis
1149 500 1384 564 denique
1400 538 1415 565 ,
1476 502 1826 556 electoribus

285 586 524 653 imperii,
561 587 658 652 qui
681 587 975 638 theutones
1006 589 1162 650 sunt,
1195 586 1544 638 sententiam
1568 588 1817 641 diffiniti-

285 686 414 724 vam
459 688 528 723 ex
575 672 956 723 commissione
994 688 1029 722 a
1064 669 1381 722 Sanctitate
1430 674 1547 725 tua
1588 674 1815 739 desuper

285 758 588 823 impetrata
631 772 799 821 super
841 760 960 807 toto
1006 756 1113 809 hoc
1148 756 1382 823 negocio
1420 763 1615 810 nostro
1646 772 1795 823 expe·

291 845 469 906 ctare,
531 843 596 906 ut
637 841 786 893 iusto
833 840 1061 895 tandem
1102 840 1284 894 iudice
1328 842 1538 896 vincat
1588 844 1794 897 veritas.

429 986 482 1046 ([
519 994 884 1047 Conclusio
921 995 1139 1047 totius
1176 995 1347 1047 libri
1380 1000 1452 1047 et
1484 998 1685 1065 implo—

424 1082 570 1133 ratio
625 1081 824 1133 auxilii
867 1095 901 1130 a
947 1084 1311 1132 sacrosancta
1358 1081 1488 1133 sede
1542 1098 1681 1147 apo-

423 1165 646 1236 stplica‚
684 1168 742 1216 et
777 1164 1023 1233 Cesarea
1054 1164 1375 1230 Maiestate,
1416 1168 1470 1217 et
1496 1166 1673 1217 totius

485 1251 787 1319 christiane
820 1250 1110 1317 religionis
1143 1250 1508 1315 principibus.
1574 1248 1589 1316 1

155 1363 284 1431 (m)
395 1361 448 1420 11
483 1370 530 1421 Ο
565 1369 892 1421 beatissime
928 1372 1116 1435 pater,
1163 1368 1416 1433 pontifex
1452 1369 1669 1433 optime
1704 1385 1813 1418 ma·

289 1458 437 1505 xime
452 1492 466 1518 ‚
506 1455 552 1503 0
579 1454 1043 1505 christianissime
1066 1454 1397 1517 imperator,
1426 1452 1477 1503 Ο
1501 1467 1605 1504 vos
1628 1466 1807 1503 omnes

291 1538 534 1606 ecclesie
568 1537 844 1605 presides,
881 1537 1102 1603 legistis
1139 1536 1296 1588 modo
1319 1536 1661 1588 laudabilem
1684 1550 1811 1600 pro-

295 1638 512 1675 cessum
545 1623 714 1673 totius
751 1638 893 1691 pene
937 1623 1189 1689 negocii,
1232 1622 1383 1673 veris
1430 1637 1653 1689 semper
1694 1637 1821 1689 pro-

291 1709 642 1773 bationibus,
689 1708 1034 1771 rationibus,
1082 1707 1340 1772 scriptis,
1386 1707 1742 1759 testimoniis
1778 1713 1829 1760 et

292 1796 350 1847 id
385 1810 558 1863 genus
597 1793 726 1845 aliis
760 1792 936 1846 modis
963 1806 1087 1843 cum
1108 1791 1378 1857 legitimis
1401 1793 1834 1857 protestationi-

290 1884 394 1932 bus
427 1879 714 1931 verissime
753 1894 821 1929 ac
854 1878 1101 1944 piissime
1139 1876 1522 1941 approbatum.
1572 1874 1835 1946 Legistis

294 1980 512 2032 quoque
549 1980 634 2015 me
681 1964 824 2013 citra
871 1964 1264 2026 cuiuscumque
1310 1960 1695 2014 offensionem
1738 1966 1835 2032 hec

293 2068 381 2103 me
427 2050 720 2117 scripsisse
765 2047 914 2099 velle
960 2050 1019 2097 et
1060 2052 1160 2111 pro
1214 2046 1457 2097 veritate
1512 2046 1713 2099 solum
1762 2048 1833 2097 ad

292 2137 558 2187 honorem
590 2132 718 2183 Iesu
755 2132 948 2182 christi
986 2130 1165 2181 adhuc
1190 2130 1619 2182 rationabiliter
1642 2133 1833 2186 decer·

291 2223 414 2268 tare
463 2221 520 2268 et
561 2214 706 2264 nihil
741 2213 894 2264 aliud
931 2228 1098 2279 qnam
1130 2216 1413 2266 iusticiam
1446 2218 1673 2280 petere.
1752 2217 1836 2267 Ob

297 2304 445 2354 hanc
489 2302 659 2368 igitur
705 2312 930 2350 causam
976 2303 1035 2350 et
1080 2299 1257 2350 multa
1302 2298 1449 2362 alia,
1510 2314 1626 2368 que
1682 2316 1837 2351 nunc

225 2400 234 2406 “
294 2386 592 2441 brevitatis
630 2366 815 2452 g'ratia
849 2388 1105 2453 pretereo
1123 2422 1138 2447 ,
1174 2400 1275 2449 ego
1300 2383 1558 2437 servulus
1584 2385 1837 2437 omnium

293 2476 486 2523 vester
521 2486 588 2519 ac
621 2470 930 2532 minimum,
967 2467 1129 2520 fidele
1166 2473 1352 2520 tamen
1387 2468 1637 2538 ecclesie
1658 2484 1836 2521 mem-

295 2557 478 2617 brum,
515 2552 796 2603 humiliter
831 2568 924 2603 oro
961 2556 1129 2617 atque
1164 2553 1395 2604 obsecro
1420 2554 1839 2619 amplissimam

295 2637 700 2700 benignitatem
734 2640 1005 2699 vestram,
1049 2640 1112 2685 ut
1144 2652 1231 2685 me
1267 2651 1302 2686 a
1337 2636 1487 2702 lupis
1521 2640 1841 2705 rapacibus

298 2716 523 2783 indigne
579 2716 755 2784 lesum
813 2722 871 2768 et
927 2720 1077 2786 cecis
1136 2732 1459 2786 oppressum
1524 2722 1843 2775 favoribus
