<?xml version="1.0" encoding="UTF-8"?>
<!DOCTYPE html PUBLIC "-//W3C//DTD XHTML 1.0 Transitional//EN"
    "http://www.w3.org/TR/xhtml1/DTD/xhtml1-transitional.dtd">
<html xmlns="http://www.w3.org/1999/xhtml" xml:lang="en" lang="en">
 <head>
  <title>
</title>
<meta http-equiv="Content-Type" content="text/html;charset=utf-8" />
  <meta name='ocr-system' content='tesseract 3.04.00' />
  <meta name='ocr-capabilities' content='ocr_page ocr_carea ocr_par ocr_line ocrx_word'/>
</head>
<body>
  <div class='ocr_page' id='page_1' title='image "./epistolaeobscur00huttgoog_0292.png"; bbox 0 0 1942 3109; ppageno 0'>
   <div class='ocr_carea' id='block_1_1' title="bbox 310 235 1736 290">
    <p class='ocr_par' dir='ltr' id='par_1_1' title="bbox 310 235 1736 290">
     <span class='ocr_line' id='line_1_1' title="bbox 310 235 1736 290; baseline 0.001 -4"><span class='ocrx_word' id='word_1_1' title='bbox 310 245 383 290; x_wconf 83' lang='lat'><strong>37.</strong></span> <span class='ocrx_word' id='word_1_2' title='bbox 410 250 659 287; x_wconf 71' lang='lat' dir='ltr'><strong>uuonan</strong></span> <span class='ocrx_word' id='word_1_3' title='bbox 684 247 887 286; x_wconf 62' lang='lat' dir='ltr'><strong>nuncu.</strong></span> <span class='ocrx_word' id='word_1_4' title='bbox 922 243 1286 288; x_wconf 65' lang='lat' dir='ltr'><strong>asmtunrun</strong></span> <span class='ocrx_word' id='word_1_5' title='bbox 1311 251 1604 288; x_wconf 62' lang='lat' dir='ltr'><strong>runnu.</strong></span> <span class='ocrx_word' id='word_1_6' title='bbox 1640 235 1736 288; x_wconf 81' lang='lat'><strong>281</strong></span> 
     </span>
    </p>
   </div>
   <div class='ocr_carea' id='block_1_2' title="bbox 938 437 1023 490">
    <p class='ocr_par' dir='ltr' id='par_1_2' title="bbox 938 437 1023 490">
     <span class='ocr_line' id='line_1_2' title="bbox 938 437 1023 490; baseline -0.024 0"><span class='ocrx_word' id='word_1_7' title='bbox 938 437 1023 490; x_wconf 79' lang='lat'><strong>38.</strong></span> 
     </span>
    </p>
   </div>
   <div class='ocr_carea' id='block_1_3' title="bbox 452 553 1501 618">
    <p class='ocr_par' dir='ltr' id='par_1_3' title="bbox 452 553 1501 618">
     <span class='ocr_line' id='line_1_3' title="bbox 452 553 1501 618; baseline 0.002 -2"><span class='ocrx_word' id='word_1_8' title='bbox 452 557 504 616; x_wconf 69' lang='lat'><strong>11</strong></span> <span class='ocrx_word' id='word_1_9' title='bbox 548 553 1022 618; x_wconf 83' lang='lat' dir='ltr'><strong>Demetrius</strong></span> <span class='ocrx_word' id='word_1_10' title='bbox 1067 553 1501 618; x_wconf 83' lang='lat' dir='ltr'><strong>Phalerius</strong></span> 
     </span>
    </p>
   </div>
   <div class='ocr_carea' id='block_1_4' title="bbox 501 657 1454 791">
    <p class='ocr_par' dir='ltr' id='par_1_4' title="bbox 501 657 1454 791">
     <span class='ocr_line' id='line_1_4' title="bbox 501 657 1454 722; baseline 0.002 -16"><span class='ocrx_word' id='word_1_11' title='bbox 501 657 843 722; x_wconf 84' lang='lat' dir='ltr'><strong>Magistro</strong></span> <span class='ocrx_word' id='word_1_12' title='bbox 882 657 1172 708; x_wconf 82' lang='lat' dir='ltr'><strong>Ortvino</strong></span> <span class='ocrx_word' id='word_1_13' title='bbox 1209 657 1454 708; x_wconf 82' lang='lat' dir='ltr'><strong>Gratio</strong></span> 
     </span>
     <span class='ocr_line' id='line_1_5' title="bbox 853 739 1120 791; baseline 0 -1"><span class='ocrx_word' id='word_1_14' title='bbox 853 739 1120 791; x_wconf 81' lang='lat' dir='ltr'><strong>Salutem.</strong></span> 
     </span>
    </p>
   </div>
   <div class='ocr_carea' id='block_1_5' title="bbox 202 857 1750 2748">
    <p class='ocr_par' dir='ltr' id='par_1_5' title="bbox 202 857 1750 2748">
     <span class='ocr_line' id='line_1_6' title="bbox 312 857 1743 924; baseline 0.002 -18"><span class='ocrx_word' id='word_1_15' title='bbox 312 857 579 908; x_wconf 74' lang='lat' dir='ltr'><strong>Sei-ibitis</strong></span> <span class='ocrx_word' id='word_1_16' title='bbox 614 857 751 906; x_wconf 87' lang='lat' dir='ltr'><strong>mihi</strong></span> <span class='ocrx_word' id='word_1_17' title='bbox 783 858 1134 923; x_wconf 81' lang='lat' dir='ltr'><strong>interrogans</strong></span> <span class='ocrx_word' id='word_1_18' title='bbox 1171 875 1204 910; x_wconf 82' lang='lat' dir='ltr'><strong>a</strong></span> <span class='ocrx_word' id='word_1_19' title='bbox 1240 873 1326 910; x_wconf 87' lang='lat' dir='ltr'><strong>me</strong></span> <span class='ocrx_word' id='word_1_20' title='bbox 1362 859 1630 924; x_wconf 85' lang='lat' dir='ltr'><strong>quomodo</strong></span> <span class='ocrx_word' id='word_1_21' title='bbox 1653 864 1743 909; x_wconf 80' lang='lat' dir='ltr'><strong>ta-</strong></span> 
     </span>
     <span class='ocr_line' id='line_1_7' title="bbox 202 942 1742 994; baseline 0.001 -4"><span class='ocrx_word' id='word_1_22' title='bbox 202 956 339 992; x_wconf 85' lang='lat' dir='ltr'><strong>men</strong></span> <span class='ocrx_word' id='word_1_23' title='bbox 374 942 719 992; x_wconf 75' lang='lat' dir='ltr'><strong>universitas</strong></span> <span class='ocrx_word' id='word_1_24' title='bbox 753 945 943 992; x_wconf 80' lang='lat' dir='ltr'><strong>nostra</strong></span> <span class='ocrx_word' id='word_1_25' title='bbox 977 943 1149 992; x_wconf 85' lang='lat' dir='ltr'><strong>habet</strong></span> <span class='ocrx_word' id='word_1_26' title='bbox 1183 955 1242 992; x_wconf 75' lang='lat' dir='ltr'><strong>se</strong></span> <span class='ocrx_word' id='word_1_27' title='bbox 1279 946 1336 991; x_wconf 82' lang='lat' dir='ltr'><strong>in</strong></span> <span class='ocrx_word' id='word_1_28' title='bbox 1371 943 1557 994; x_wconf 82' lang='lat' dir='ltr'><strong>Causa</strong></span> <span class='ocrx_word' id='word_1_29' title='bbox 1592 942 1742 993; x_wconf 83' lang='lat' dir='ltr'><strong>fidei:</strong></span> 
     </span>
     <span class='ocr_line' id='line_1_8' title="bbox 210 1025 1742 1090; baseline -0.001 -15"><span class='ocrx_word' id='word_1_30' title='bbox 210 1039 285 1075; x_wconf 84' lang='lat' dir='ltr'><strong>an</strong></span> <span class='ocrx_word' id='word_1_31' title='bbox 310 1028 401 1074; x_wconf 77' lang='lat' dir='ltr'><strong>est</strong></span> <span class='ocrx_word' id='word_1_32' title='bbox 422 1041 525 1090; x_wconf 88' lang='lat' dir='ltr'><strong>pro</strong></span> <span class='ocrx_word' id='word_1_33' title='bbox 548 1026 711 1076; x_wconf 86' lang='lat' dir='ltr'><strong>vobis</strong></span> <span class='ocrx_word' id='word_1_34' title='bbox 736 1041 809 1074; x_wconf 83' lang='lat' dir='ltr'><strong>an</strong></span> <span class='ocrx_word' id='word_1_35' title='bbox 833 1041 931 1090; x_wconf 86' lang='lat' dir='ltr'><strong>pro</strong></span> <span class='ocrx_word' id='word_1_36' title='bbox 954 1025 1203 1076; x_wconf 87' lang='lat' dir='ltr'><strong>Iohanne</strong></span> <span class='ocrx_word' id='word_1_37' title='bbox 1226 1025 1521 1075; x_wconf 84' lang='lat' dir='ltr'><strong>Reuchlin.</strong></span> <span class='ocrx_word' id='word_1_38' title='bbox 1583 1025 1742 1074; x_wconf 82' lang='lat' dir='ltr'><strong>Seia-</strong></span> 
     </span>
     <span class='ocr_line' id='line_1_9' title="bbox 204 1109 1741 1174; baseline 0 -17"><span class='ocrx_word' id='word_1_39' title='bbox 204 1110 311 1172; x_wconf 78' lang='lat' dir='ltr'><strong>tis‚</strong></span> <span class='ocrx_word' id='word_1_40' title='bbox 348 1109 445 1158; x_wconf 84' lang='lat' dir='ltr'><strong>hic</strong></span> <span class='ocrx_word' id='word_1_41' title='bbox 482 1113 541 1159; x_wconf 87' lang='lat' dir='ltr'><strong>et</strong></span> <span class='ocrx_word' id='word_1_42' title='bbox 574 1123 673 1174; x_wconf 86' lang='lat' dir='ltr'><strong>per</strong></span> <span class='ocrx_word' id='word_1_43' title='bbox 708 1113 882 1159; x_wconf 81' lang='lat' dir='ltr'><strong>totam</strong></span> <span class='ocrx_word' id='word_1_44' title='bbox 916 1114 1122 1160; x_wconf 84' lang='lat' dir='ltr'><strong>terram</strong></span> <span class='ocrx_word' id='word_1_45' title='bbox 1159 1109 1500 1160; x_wconf 83' lang='lat' dir='ltr'><strong>Suitensium</strong></span> <span class='ocrx_word' id='word_1_46' title='bbox 1537 1109 1741 1158; x_wconf 82' lang='lat' dir='ltr'><strong>fratres</strong></span> 
     </span>
     <span class='ocr_line' id='line_1_10' title="bbox 206 1192 1741 1258; baseline 0.001 -17"><span class='ocrx_word' id='word_1_47' title='bbox 206 1192 277 1242; x_wconf 85' lang='lat' dir='ltr'><strong>de</strong></span> <span class='ocrx_word' id='word_1_48' title='bbox 324 1192 519 1242; x_wconf 80' lang='lat' dir='ltr'><strong>ordine</strong></span> <span class='ocrx_word' id='word_1_49' title='bbox 564 1192 976 1258; x_wconf 70' lang='lat' dir='ltr'><strong>predicatorum</strong></span> <span class='ocrx_word' id='word_1_50' title='bbox 1022 1192 1232 1242; x_wconf 84' lang='lat' dir='ltr'><strong>habent</strong></span> <span class='ocrx_word' id='word_1_51' title='bbox 1275 1193 1479 1243; x_wconf 84' lang='lat' dir='ltr'><strong>malam</strong></span> <span class='ocrx_word' id='word_1_52' title='bbox 1533 1193 1741 1243; x_wconf 79' lang='lat' dir='ltr'><strong>famam</strong></span> 
     </span>
     <span class='ocr_line' id='line_1_11' title="bbox 208 1275 1739 1344; baseline 0.001 -19"><span class='ocrx_word' id='word_1_53' title='bbox 208 1280 269 1326; x_wconf 86' lang='lat' dir='ltr'><strong>et</strong></span> <span class='ocrx_word' id='word_1_54' title='bbox 314 1279 448 1325; x_wconf 85' lang='lat' dir='ltr'><strong>sunt</strong></span> <span class='ocrx_word' id='word_1_55' title='bbox 490 1277 552 1327; x_wconf 83' lang='lat' dir='ltr'><strong>in</strong></span> <span class='ocrx_word' id='word_1_56' title='bbox 592 1291 799 1342; x_wconf 79' lang='lat' dir='ltr'><strong>magna</strong></span> <span class='ocrx_word' id='word_1_57' title='bbox 842 1275 1117 1341; x_wconf 83' lang='lat' dir='ltr'><strong>disgratia</strong></span> <span class='ocrx_word' id='word_1_58' title='bbox 1152 1282 1379 1344; x_wconf 78' lang='lat' dir='ltr'><strong>propter</strong></span> <span class='ocrx_word' id='word_1_59' title='bbox 1412 1277 1540 1327; x_wconf 84' lang='lat' dir='ltr'><strong>illos</strong></span> <span class='ocrx_word' id='word_1_60' title='bbox 1576 1276 1739 1326; x_wconf 86' lang='lat' dir='ltr'><strong>Inuo-</strong></span> 
     </span>
     <span class='ocr_line' id='line_1_12' title="bbox 208 1360 1741 1424; baseline -0.001 -16"><span class='ocrx_word' id='word_1_61' title='bbox 208 1363 407 1410; x_wconf 78' lang='lat' dir='ltr'><strong>eentes</strong></span> <span class='ocrx_word' id='word_1_62' title='bbox 461 1360 663 1410; x_wconf 81' lang='lat' dir='ltr'><strong>fratres</strong></span> <span class='ocrx_word' id='word_1_63' title='bbox 719 1361 812 1424; x_wconf 89' lang='lat' dir='ltr'><strong>qui</strong></span> <span class='ocrx_word' id='word_1_64' title='bbox 864 1360 1090 1410; x_wconf 81' lang='lat' dir='ltr'><strong>fuerunt</strong></span> <span class='ocrx_word' id='word_1_65' title='bbox 1137 1362 1411 1411; x_wconf 76' lang='lat' dir='ltr'><strong>combusti</strong></span> <span class='ocrx_word' id='word_1_66' title='bbox 1461 1363 1517 1410; x_wconf 89' lang='lat' dir='ltr'><strong>in</strong></span> <span class='ocrx_word' id='word_1_67' title='bbox 1573 1361 1741 1423; x_wconf 87' lang='lat' dir='ltr'><strong>Bern,</strong></span> 
     </span>
     <span class='ocr_line' id='line_1_13' title="bbox 214 1442 1740 1510; baseline 0 -18"><span class='ocrx_word' id='word_1_68' title='bbox 214 1444 353 1507; x_wconf 82' lang='lat' dir='ltr'><strong>quia</strong></span> <span class='ocrx_word' id='word_1_69' title='bbox 398 1457 683 1506; x_wconf 81' lang='lat' dir='ltr'><strong>nunquam</strong></span> <span class='ocrx_word' id='word_1_70' title='bbox 728 1442 890 1493; x_wconf 83' lang='lat' dir='ltr'><strong>credo</strong></span> <span class='ocrx_word' id='word_1_71' title='bbox 938 1443 1082 1506; x_wconf 89' lang='lat' dir='ltr'><strong>quod</strong></span> <span class='ocrx_word' id='word_1_72' title='bbox 1129 1444 1383 1494; x_wconf 82' lang='lat' dir='ltr'><strong>fecerunt</strong></span> <span class='ocrx_word' id='word_1_73' title='bbox 1433 1444 1578 1494; x_wconf 84' lang='lat' dir='ltr'><strong>talia</strong></span> <span class='ocrx_word' id='word_1_74' title='bbox 1631 1458 1740 1510; x_wconf 74' lang='lat' dir='ltr'><strong>que</strong></span> 
     </span>
     <span class='ocr_line' id='line_1_14' title="bbox 213 1525 1739 1592; baseline 0.001 -16"><span class='ocrx_word' id='word_1_75' title='bbox 213 1526 481 1576; x_wconf 76' lang='lat' dir='ltr'><strong>dicuntur</strong></span> <span class='ocrx_word' id='word_1_76' title='bbox 524 1525 589 1576; x_wconf 85' lang='lat' dir='ltr'><strong>de</strong></span> <span class='ocrx_word' id='word_1_77' title='bbox 636 1527 738 1576; x_wconf 84' lang='lat' dir='ltr'><strong>eis.</strong></span> <span class='ocrx_word' id='word_1_78' title='bbox 807 1527 990 1592; x_wconf 83' lang='lat' dir='ltr'><strong>Igitur</strong></span> <span class='ocrx_word' id='word_1_79' title='bbox 1022 1527 1367 1578; x_wconf 83' lang='lat' dir='ltr'><strong>Monasteria</strong></span> <span class='ocrx_word' id='word_1_80' title='bbox 1415 1543 1601 1578; x_wconf 88' lang='lat' dir='ltr'><strong>eorum</strong></span> <span class='ocrx_word' id='word_1_81' title='bbox 1647 1527 1739 1577; x_wconf 86' lang='lat' dir='ltr'><strong>de-</strong></span> 
     </span>
     <span class='ocr_line' id='line_1_15' title="bbox 212 1610 1744 1674; baseline -0.001 -14"><span class='ocrx_word' id='word_1_82' title='bbox 212 1610 501 1674; x_wconf 77' lang='lat' dir='ltr'><strong>solantur,</strong></span> <span class='ocrx_word' id='word_1_83' title='bbox 536 1613 595 1660; x_wconf 84' lang='lat' dir='ltr'><strong>et</strong></span> <span class='ocrx_word' id='word_1_84' title='bbox 628 1612 964 1661; x_wconf 82' lang='lat' dir='ltr'><strong>monasteria</strong></span> <span class='ocrx_word' id='word_1_85' title='bbox 988 1611 1220 1660; x_wconf 82' lang='lat' dir='ltr'><strong>fratrum</strong></span> <span class='ocrx_word' id='word_1_86' title='bbox 1243 1613 1427 1662; x_wconf 83' lang='lat' dir='ltr'><strong>sancti</strong></span> <span class='ocrx_word' id='word_1_87' title='bbox 1449 1611 1744 1661; x_wconf 80' lang='lat' dir='ltr'><strong>Francisei</strong></span> 
     </span>
     <span class='ocr_line' id='line_1_16' title="bbox 214 1693 1744 1757; baseline -0.002 -14"><span class='ocrx_word' id='word_1_88' title='bbox 214 1697 500 1744; x_wconf 75' lang='lat' dir='ltr'><strong>crescunt.</strong></span> <span class='ocrx_word' id='word_1_89' title='bbox 568 1693 643 1743; x_wconf 86' lang='lat' dir='ltr'><strong>Et</strong></span> <span class='ocrx_word' id='word_1_90' title='bbox 689 1693 911 1757; x_wconf 86' lang='lat' dir='ltr'><strong>quando</strong></span> <span class='ocrx_word' id='word_1_91' title='bbox 954 1708 1098 1744; x_wconf 85' lang='lat' dir='ltr'><strong>unus</strong></span> <span class='ocrx_word' id='word_1_92' title='bbox 1143 1695 1303 1744; x_wconf 90' lang='lat' dir='ltr'><strong>homo</strong></span> <span class='ocrx_word' id='word_1_93' title='bbox 1339 1694 1435 1744; x_wconf 79' lang='lat' dir='ltr'><strong>dat</strong></span> <span class='ocrx_word' id='word_1_94' title='bbox 1469 1693 1744 1744; x_wconf 85' lang='lat' dir='ltr'><strong>Elemosi-</strong></span> 
     </span>
     <span class='ocr_line' id='line_1_17' title="bbox 214 1775 1745 1846; baseline -0.001 -20"><span class='ocrx_word' id='word_1_95' title='bbox 214 1793 349 1827; x_wconf 74' lang='lat' dir='ltr'><strong>nam</strong></span> <span class='ocrx_word' id='word_1_96' title='bbox 392 1777 859 1846; x_wconf 74' lang='lat' dir='ltr'><strong>predicatoribus,</strong></span> <span class='ocrx_word' id='word_1_97' title='bbox 908 1781 1044 1826; x_wconf 85' lang='lat' dir='ltr'><strong>tune</strong></span> <span class='ocrx_word' id='word_1_98' title='bbox 1086 1777 1290 1842; x_wconf 79' lang='lat' dir='ltr'><strong>viginti</strong></span> <span class='ocrx_word' id='word_1_99' title='bbox 1335 1776 1472 1827; x_wconf 88' lang='lat' dir='ltr'><strong>dant</strong></span> <span class='ocrx_word' id='word_1_100' title='bbox 1513 1775 1745 1825; x_wconf 85' lang='lat' dir='ltr'><strong>Minori-</strong></span> 
     </span>
     <span class='ocr_line' id='line_1_18' title="bbox 218 1858 1746 1926; baseline -0.003 -15"><span class='ocrx_word' id='word_1_101' title='bbox 218 1862 329 1911; x_wconf 78' lang='lat' dir='ltr'><strong>bus</strong></span> <span class='ocrx_word' id='word_1_102' title='bbox 362 1864 419 1911; x_wconf 86' lang='lat' dir='ltr'><strong>et</strong></span> <span class='ocrx_word' id='word_1_103' title='bbox 449 1861 955 1926; x_wconf 75' lang='lat' dir='ltr'><strong>Augustinensibus</strong></span> <span class='ocrx_word' id='word_1_104' title='bbox 994 1865 1051 1910; x_wconf 86' lang='lat' dir='ltr'><strong>et</strong></span> <span class='ocrx_word' id='word_1_105' title='bbox 1095 1861 1242 1911; x_wconf 83' lang='lat' dir='ltr'><strong>aliis.</strong></span> <span class='ocrx_word' id='word_1_106' title='bbox 1310 1861 1517 1910; x_wconf 72' lang='lat' dir='ltr'><strong>Etiam·</strong></span> <span class='ocrx_word' id='word_1_107' title='bbox 1541 1858 1746 1908; x_wconf 82' lang='lat' dir='ltr'><strong>dieitur</strong></span> 
     </span>
     <span class='ocr_line' id='line_1_19' title="bbox 220 1943 1744 2010; baseline 0 -18"><span class='ocrx_word' id='word_1_108' title='bbox 220 1943 370 2007; x_wconf 77' lang='lat' dir='ltr'><strong>quod</strong></span> <span class='ocrx_word' id='word_1_109' title='bbox 402 1949 490 1995; x_wconf 76' lang='lat' dir='ltr'><strong>est</strong></span> <span class='ocrx_word' id='word_1_110' title='bbox 522 1947 583 1995; x_wconf 87' lang='lat' dir='ltr'><strong>in</strong></span> <span class='ocrx_word' id='word_1_111' title='bbox 618 1945 942 2010; x_wconf 82' lang='lat' dir='ltr'><strong>prophetia,</strong></span> <span class='ocrx_word' id='word_1_112' title='bbox 989 1944 1135 2006; x_wconf 81' lang='lat' dir='ltr'><strong>quod</strong></span> <span class='ocrx_word' id='word_1_113' title='bbox 1170 1943 1268 1994; x_wconf 87' lang='lat' dir='ltr'><strong>ille</strong></span> <span class='ocrx_word' id='word_1_114' title='bbox 1307 1943 1454 1994; x_wconf 81' lang='lat' dir='ltr'><strong>Ordo</strong></span> <span class='ocrx_word' id='word_1_115' title='bbox 1490 1943 1744 2010; x_wconf 75' lang='lat' dir='ltr'><strong>predica-</strong></span> 
     </span>
     <span class='ocr_line' id='line_1_20' title="bbox 217 2026 1744 2088; baseline -0.003 -10"><span class='ocrx_word' id='word_1_116' title='bbox 217 2033 397 2078; x_wconf 86' lang='lat' dir='ltr'><strong>torum</strong></span> <span class='ocrx_word' id='word_1_117' title='bbox 432 2029 599 2080; x_wconf 88' lang='lat' dir='ltr'><strong>debet</strong></span> <span class='ocrx_word' id='word_1_118' title='bbox 633 2028 893 2078; x_wconf 83' lang='lat' dir='ltr'><strong>totaliter</strong></span> <span class='ocrx_word' id='word_1_119' title='bbox 926 2026 1120 2076; x_wconf 79' lang='lat' dir='ltr'><strong>deleri.</strong></span> <span class='ocrx_word' id='word_1_120' title='bbox 1181 2026 1359 2088; x_wconf 82' lang='lat' dir='ltr'><strong>Super</strong></span> <span class='ocrx_word' id='word_1_121' title='bbox 1393 2026 1496 2076; x_wconf 86' lang='lat' dir='ltr'><strong>hoe</strong></span> <span class='ocrx_word' id='word_1_122' title='bbox 1534 2031 1620 2075; x_wconf 81' lang='lat' dir='ltr'><strong>est</strong></span> <span class='ocrx_word' id='word_1_123' title='bbox 1651 2027 1744 2075; x_wconf 84' lang='lat' dir='ltr'><strong>hic</strong></span> 
     </span>
     <span class='ocr_line' id='line_1_21' title="bbox 216 2107 1746 2178; baseline -0.001 -18"><span class='ocrx_word' id='word_1_124' title='bbox 216 2127 361 2162; x_wconf 85' lang='lat' dir='ltr'><strong>unus</strong></span> <span class='ocrx_word' id='word_1_125' title='bbox 397 2113 742 2178; x_wconf 70' lang='lat' dir='ltr'><strong>Theologu8‚</strong></span> <span class='ocrx_word' id='word_1_126' title='bbox 788 2114 851 2160; x_wconf 86' lang='lat' dir='ltr'><strong>ut</strong></span> <span class='ocrx_word' id='word_1_127' title='bbox 884 2111 1004 2176; x_wconf 86' lang='lat' dir='ltr'><strong>ipse</strong></span> <span class='ocrx_word' id='word_1_128' title='bbox 1041 2125 1102 2160; x_wconf 87' lang='lat' dir='ltr'><strong>se</strong></span> <span class='ocrx_word' id='word_1_129' title='bbox 1145 2109 1420 2174; x_wconf 83' lang='lat' dir='ltr'><strong>nominat,</strong></span> <span class='ocrx_word' id='word_1_130' title='bbox 1471 2107 1566 2159; x_wconf 84' lang='lat' dir='ltr'><strong>sed</strong></span> <span class='ocrx_word' id='word_1_131' title='bbox 1611 2109 1746 2159; x_wconf 90' lang='lat' dir='ltr'><strong>mihi</strong></span> 
     </span>
     <span class='ocr_line' id='line_1_22' title="bbox 215 2193 1745 2262; baseline -0.001 -16"><span class='ocrx_word' id='word_1_132' title='bbox 215 2196 439 2246; x_wconf 83' lang='lat' dir='ltr'><strong>videtur</strong></span> <span class='ocrx_word' id='word_1_133' title='bbox 473 2195 620 2261; x_wconf 84' lang='lat' dir='ltr'><strong>quod</strong></span> <span class='ocrx_word' id='word_1_134' title='bbox 664 2197 843 2261; x_wconf 82' lang='lat' dir='ltr'><strong>magis</strong></span> <span class='ocrx_word' id='word_1_135' title='bbox 890 2199 978 2246; x_wconf 80' lang='lat' dir='ltr'><strong>est</strong></span> <span class='ocrx_word' id='word_1_136' title='bbox 1017 2196 1216 2262; x_wconf 84' lang='lat' dir='ltr'><strong>poeta,</strong></span> <span class='ocrx_word' id='word_1_137' title='bbox 1265 2193 1446 2245; x_wconf 80' lang='lat' dir='ltr'><strong>dietus</strong></span> <span class='ocrx_word' id='word_1_138' title='bbox 1482 2193 1745 2244; x_wconf 84' lang='lat' dir='ltr'><strong>Erasmus</strong></span> 
     </span>
     <span class='ocr_line' id='line_1_23' title="bbox 215 2278 1748 2344; baseline -0.001 -16"><span class='ocrx_word' id='word_1_139' title='bbox 215 2279 654 2344; x_wconf 69' lang='lat' dir='ltr'><strong>BoterodamuS,</strong></span> <span class='ocrx_word' id='word_1_140' title='bbox 702 2281 797 2344; x_wconf 90' lang='lat' dir='ltr'><strong>qui</strong></span> <span class='ocrx_word' id='word_1_141' title='bbox 834 2296 867 2330; x_wconf 84' lang='lat' dir='ltr'><strong>a</strong></span> <span class='ocrx_word' id='word_1_142' title='bbox 900 2279 1091 2329; x_wconf 88' lang='lat' dir='ltr'><strong>multis</strong></span> <span class='ocrx_word' id='word_1_143' title='bbox 1127 2280 1208 2328; x_wconf 82' lang='lat' dir='ltr'><strong>ita</strong></span> <span class='ocrx_word' id='word_1_144' title='bbox 1254 2278 1556 2329; x_wconf 83' lang='lat' dir='ltr'><strong>honoratur</strong></span> <span class='ocrx_word' id='word_1_145' title='bbox 1599 2281 1748 2329; x_wconf 86' lang='lat' dir='ltr'><strong>sicut</strong></span> 
     </span>
     <span class='ocr_line' id='line_1_24' title="bbox 218 2358 1747 2425; baseline -0.001 -13"><span class='ocrx_word' id='word_1_146' title='bbox 218 2363 270 2412; x_wconf 83' lang='lat' dir='ltr'><strong>si</strong></span> <span class='ocrx_word' id='word_1_147' title='bbox 306 2367 458 2413; x_wconf 84' lang='lat' dir='ltr'><strong>esset</strong></span> <span class='ocrx_word' id='word_1_148' title='bbox 492 2363 821 2413; x_wconf 80' lang='lat' dir='ltr'><strong>miraculum</strong></span> <span class='ocrx_word' id='word_1_149' title='bbox 843 2358 1054 2412; x_wconf 80' lang='lat' dir='ltr'><strong>Mundi.</strong></span> <span class='ocrx_word' id='word_1_150' title='bbox 1113 2363 1187 2412; x_wconf 86' lang='lat' dir='ltr'><strong>Et</strong></span> <span class='ocrx_word' id='word_1_151' title='bbox 1223 2367 1308 2412; x_wconf 81' lang='lat' dir='ltr'><strong>est</strong></span> <span class='ocrx_word' id='word_1_152' title='bbox 1341 2362 1441 2412; x_wconf 89' lang='lat' dir='ltr'><strong>ille</strong></span> <span class='ocrx_word' id='word_1_153' title='bbox 1479 2363 1575 2425; x_wconf 88' lang='lat' dir='ltr'><strong>qui</strong></span> <span class='ocrx_word' id='word_1_154' title='bbox 1609 2363 1747 2411; x_wconf 84' lang='lat' dir='ltr'><strong>seri-</strong></span> 
     </span>
     <span class='ocr_line' id='line_1_25' title="bbox 219 2444 1748 2510; baseline -0.001 -14"><span class='ocrx_word' id='word_1_155' title='bbox 219 2447 334 2510; x_wconf 82' lang='lat' dir='ltr'><strong>psit</strong></span> <span class='ocrx_word' id='word_1_156' title='bbox 366 2447 570 2496; x_wconf 82' lang='lat' dir='ltr'><strong>librum</strong></span> <span class='ocrx_word' id='word_1_157' title='bbox 602 2445 1055 2509; x_wconf 78' lang='lat' dir='ltr'><strong>Proverbiorum‚</strong></span> <span class='ocrx_word' id='word_1_158' title='bbox 1103 2461 1264 2509; x_wconf 89' lang='lat' dir='ltr'><strong>quem</strong></span> <span class='ocrx_word' id='word_1_159' title='bbox 1301 2445 1471 2496; x_wconf 87' lang='lat' dir='ltr'><strong>semel</strong></span> <span class='ocrx_word' id='word_1_160' title='bbox 1507 2444 1748 2496; x_wconf 81' lang='lat' dir='ltr'><strong>ostendi-</strong></span> 
     </span>
     <span class='ocr_line' id='line_1_26' title="bbox 221 2527 1747 2598; baseline -0.003 -18"><span class='ocrx_word' id='word_1_161' title='bbox 221 2531 328 2580; x_wconf 82' lang='lat' dir='ltr'><strong>stis</strong></span> <span class='ocrx_word' id='word_1_162' title='bbox 362 2531 501 2580; x_wconf 87' lang='lat' dir='ltr'><strong>mihi</strong></span> <span class='ocrx_word' id='word_1_163' title='bbox 538 2527 798 2598; x_wconf 70' lang='lat' dir='ltr'><strong>colonie,</strong></span> <span class='ocrx_word' id='word_1_164' title='bbox 837 2533 893 2579; x_wconf 88' lang='lat' dir='ltr'><strong>et</strong></span> <span class='ocrx_word' id='word_1_165' title='bbox 927 2529 1176 2580; x_wconf 81' lang='lat' dir='ltr'><strong>dixistis:</strong></span> <span class='ocrx_word' id='word_1_166' title='bbox 1223 2527 1389 2590; x_wconf 77' lang='lat' dir='ltr'><strong>‘Quid</strong></span> <span class='ocrx_word' id='word_1_167' title='bbox 1423 2529 1584 2579; x_wconf 86' lang='lat' dir='ltr'><strong>nobis</strong></span> <span class='ocrx_word' id='word_1_168' title='bbox 1622 2543 1747 2578; x_wconf 81' lang='lat' dir='ltr'><strong>eum</strong></span> 
     </span>
     <span class='ocr_line' id='line_1_27' title="bbox 220 2611 1746 2676; baseline -0.003 -13"><span class='ocrx_word' id='word_1_169' title='bbox 220 2614 547 2666; x_wconf 78' lang='lat' dir='ltr'><strong>Proverbiis</strong></span> <span class='ocrx_word' id='word_1_170' title='bbox 570 2613 817 2676; x_wconf 75' lang='lat' dir='ltr'><strong>Erasini,</strong></span> <span class='ocrx_word' id='word_1_171' title='bbox 854 2627 976 2662; x_wconf 82' lang='lat' dir='ltr'><strong>eum</strong></span> <span class='ocrx_word' id='word_1_172' title='bbox 1009 2613 1274 2663; x_wconf 81' lang='lat' dir='ltr'><strong>habemus</strong></span> <span class='ocrx_word' id='word_1_173' title='bbox 1297 2613 1622 2676; x_wconf 83' lang='lat' dir='ltr'><strong>proverbias</strong></span> <span class='ocrx_word' id='word_1_174' title='bbox 1647 2611 1746 2660; x_wconf 85' lang='lat' dir='ltr'><strong>Sa-</strong></span> 
     </span>
     <span class='ocr_line' id='line_1_28' title="bbox 222 2691 1750 2748; baseline -0.008 0"><span class='ocrx_word' id='word_1_175' title='bbox 222 2697 518 2748; x_wconf 78' lang='lat' dir='ltr'><strong>lamonis‘?’</strong></span> <span class='ocrx_word' id='word_1_176' title='bbox 554 2697 655 2747; x_wconf 83' lang='lat' dir='ltr'><strong>ille</strong></span> <span class='ocrx_word' id='word_1_177' title='bbox 690 2697 953 2744; x_wconf 79' lang='lat' dir='ltr'><strong>Erasmus</strong></span> <span class='ocrx_word' id='word_1_178' title='bbox 987 2696 1219 2743; x_wconf 85' lang='lat' dir='ltr'><strong>multum</strong></span> <span class='ocrx_word' id='word_1_179' title='bbox 1253 2699 1410 2744; x_wconf 83' lang='lat' dir='ltr'><strong>tenet</strong></span> <span class='ocrx_word' id='word_1_180' title='bbox 1443 2693 1511 2740; x_wconf 81' lang='lat' dir='ltr'><strong>de</strong></span> <span class='ocrx_word' id='word_1_181' title='bbox 1533 2691 1750 2739; x_wconf 80' lang='lat' dir='ltr'><strong>Reueh-</strong></span> 
     </span>
    </p>
   </div>
  </div>
 </body>
</html>
