1942 3109
99 230 538 270 ,AMENTA'HONES
575 233 880 270 OBscvnon.
907 231 1212 270 nnvcnmn.
1241 231 1417 267 ROVAE.
1486 213 1589 265 289

790 423 868 474 17.

133 507 190 566 1Ι
231 504 569 568 Ioannes
615 505 830 591 Grap
874 512 1115 590 poeta
1156 501 1533 568 novellus

474 609 816 675 Arnulpho
855 609 896 659 C
912 626 942 660 o
959 608 1196 658 driano

293 694 738 760 philosophorum
774 696 1014 747 omnium
1048 691 1372 760 philosopho

693 780 766 834 .S.
801 781 876 831 P:
897 781 969 831 D.

175 881 311 944 Legi
354 897 529 947 nuper
573 882 720 947 apud
763 881 1123 932 Aristotelem
1178 881 1350 946 primo
1394 881 1584 944 physi-

97 979 257 1017 orum
300 965 406 1014 tria
458 981 577 1015 esse
627 963 786 1030 (proh
829 966 1002 1031 pudor
1047 970 1206 1031 turpe
1252 969 1337 1015 est
1372 963 1580 1030 dicere)

87 1065 249 1103 erum
291 1050 465 1114 prima
510 1051 812 1115 principia,
854 1051 1166 1114 materiam,
1213 1050 1581 1114 privationem

95 1141 119 1186 t
158 1133 400 1184 formam.
427 1131 452 1202 Ι]
474 1133 598 1186 Alio
635 1136 768 1186 item
803 1137 860 1184 in
895 1135 1049 1199 loeo,
1098 1134 1279 1185 Solem
1316 1138 1373 1185 et
1406 1133 1577 1185 homi·
1601 1135 1659 1181 ιθ

84 1236 188 1273 ,θυι
224 1234 490 1283 generare
525 1220 815 1270 hominem.
853 1221 972 1288 Que
1011 1221 1059 1270 si
1094 1235 1229 1271 vera
1264 1222 1411 1278 sunt,
1446 1219 1579 1269 ridi-

87 1304 193 1356 ula
245 1303 378 1352 mihi
421 1319 646 1368 prorsus
691 1319 812 1355 esse
855 1304 1141 1369 videntur,
1189 1318 1353 1367 quum
1397 1317 1577 1366 neque

81 1407 110 1439 a
156 1387 644 1452 epigrammatibus
687 1388 995 1453 Martiana,
1040 1404 1221 1454 neque
1266 1389 1325 1437 in
1374 1389 1579 1452 satyris

79 1472 308 1534 [oratii,
358 1475 457 1522 aut
490 1473 548 1523 id
581 1489 756 1540 genus
794 1473 922 1526 aliis
955 1478 1244 1540 poetarum
1279 1473 1437 1524 libris
1472 1473 1579 1540 hee

79 1575 133 1609 aa
197 1573 322 1608 esse
379 1558 654 1624 legantur.
749 1559 930 1610 'Penes
990 1560 1323 1610 sententiam
1379 1575 1573 1610 meam.

79 1645 408 1709 guapropter

494 1729 544 1778 si
578 1736 640 1778 tu
676 1727 808 1792 quid
842 1730 992 1779 nosti
1026 1730 1233 1780 rectius
1269 1731 1415 1794 istis,

154 1807 439 1858 Candidus
464 1810 708 1875 imperti:
747 1813 795 1860 si
818 1829 945 1877 non,
982 1813 1067 1863 his
1094 1817 1249 1864 utere
1274 1829 1504 1864 meeum.

79 1892 192 1945 'ale
253 1908 322 1942 ex
375 1908 499 1942 rure
555 1895 896 1958 suburbanO,
956 1897 1053 1948 ubi
1106 1913 1191 1948 me
1250 1899 1459 1952 culices
1518 1903 1574 1950 et
1628 1937 1641 1944 ‚

79 1978 266 2030 uliees
307 1976 490 2026 animo
525 1979 830 2045 tranquillo
868 1996 991 2030 esse
1027 1996 1137 2031 non
1171 1983 1376 2032 sinunt.

771 2164 852 2214 18.

539 2251 591 2308 (1
637 2246 1089 2311 Codrianus

389 2349 839 2415 philosophorum
873 2352 1231 2417 philosophus

79 2433 844 2500 ›anniGrapApollinis
871 2437 1279 2488 etMusarum
1305 2439 1567 2493 alumno
1650 2499 1658 2507 ἡ

139 2622 189 2672 Ο
231 2637 396 2673 curas
430 2623 738 2675 hominum!
777 2641 807 2675 o
835 2629 1103 2689 quantum
1126 2624 1186 2674 in
1210 2627 1371 2678 rebus
1398 2629 1565 2680 inane

590 2711 698 2758 est!

1197 2795 1261 2846 19
