1942 3109
215 287 559 324 consvnmr.
586 287 846 323 vmvsns.
873 285 1124 323 noevum.
1148 285 1203 322 n.
1228 281 1295 322 31.
1324 287 1443 322 ocw.
1472 282 1585 324 1510.
1670 273 1737 324 37

211 407 447 456 nenses,
497 407 620 442 cum
655 392 856 457 quibus
895 395 1257 442 conversatus
1296 394 1408 454 est,
1456 395 1513 440 et
1556 390 1736 441 infini-

214 480 302 526 tos
339 476 482 527 alios
519 479 658 528 satis
684 491 956 543 superque
982 480 1279 542 perspecta
1302 475 1556 526 habetur.
1618 477 1737 538 Quo

217 559 281 609 fit
317 561 486 611 etiam
521 561 666 626 quod
701 562 769 611 ob
807 564 1024 610 tantum
1059 560 1189 610 fidei
1221 564 1409 627 nostre
1447 559 1625 610 zelum
1651 563 1736 610 at-

217 660 323 709 quc
347 646 525 711 ipsam
559 646 844 696 iusticiam
878 647 1294 711 persecutiones
1328 644 1536 694 multas
1574 659 1608 694 a
1646 660 1735 712 ce-

217 731 298 781 cis
357 730 542 798 Iudeis
601 730 834 796 patitur.
918 731 1028 792 Qui
1084 729 1244 797 Iudei
1298 728 1511 779 invidia
1542 727 1551 794 Ι
1581 727 1735 779 ducti
1759 741 1873 806 aiij

213 814 447 865 eundem
494 814 742 864 mordere
788 813 1153 877 lacerareque
1195 814 1510 865 moliuntur.
1582 815 1735 877 Quas

211 898 449 948 insidias
509 901 566 948 et
619 899 670 948 si
725 899 1141 948 serenissimam
1182 903 1337 948 tuam
1380 898 1735 950 Maiestatem

214 982 566 1047 parvifacere
610 997 722 1032 non
767 982 1080 1032 dubitemus
1099 1020 1113 1046 ,
1170 982 1432 1033 Attamen
1477 997 1733 1048 rogamus

217 1066 544 1129 humillime,
583 1070 855 1130 quatenus
893 1066 1086 1117 eadem
1110 1067 1383 1116 serenitas
1407 1069 1503 1116 tua
1527 1065 1735 1115 dictum

211 1149 631 1202 devotissimum
665 1150 946 1202 servulum
982 1167 1141 1201 suum
1177 1149 1608 1202 commendatum
1634 1149 1732 1200 ha-

213 1235 345 1285 bere
381 1235 548 1299 velit,
597 1238 766 1298 atque
803 1235 904 1285 sub
943 1235 1049 1286 alis
1086 1236 1275 1302 aquile
1325 1235 1495 1298 tueri,
1542 1235 1733 1285 defen-

212 1333 360 1382 sare,
398 1322 566 1382 atque
601 1320 792 1372 fovere
827 1318 1101 1386 dignetur,
1138 1321 1234 1370 ubi
1268 1318 1449 1370 veluti
1482 1319 1540 1367 in
1564 1317 1735 1382 Asylo

215 1407 410 1454 contra
457 1419 644 1456 omnes
689 1403 1005 1455 rabidorum
1052 1420 1250 1455 canum
1294 1418 1508 1454 morsus
1566 1405 1733 1466 atque

208 1488 451 1539 latratus
487 1489 802 1539 tutissimus
841 1490 1124 1540 consistet.
1196 1487 1261 1538 Id
1310 1487 1453 1553 quod
1486 1487 1731 1538 Romano

211 1588 280 1623 ac
318 1573 796 1624 christianissimo
832 1573 1076 1638 principi
1121 1589 1231 1622 non
1278 1573 1387 1624 erit
1428 1571 1731 1638 indignum,

214 1660 273 1706 et
314 1657 444 1707 fidei
488 1663 679 1725 nostre
718 1656 1009 1724 catholice
1053 1657 1435 1708 utilissimum:
1480 1657 1566 1707 his
1608 1671 1733 1720 per-

208 1744 378 1806 petuo
423 1741 616 1793 valeat
665 1741 1035 1792 Serenissima
1090 1745 1189 1792 tua
1232 1742 1503 1792 Maiestas
1562 1744 1731 1805 atque

209 1826 372 1875 nobis
406 1826 768 1878 deditissimis
813 1826 926 1876 tuis
972 1827 1267 1892 mancipiis
1313 1830 1375 1876 ut
1419 1825 1575 1876 volet
1608 1839 1729 1891 pre-

213 1908 414 1973 cipiat,
466 1911 556 1960 cui
603 1926 704 1961 nos
741 1915 797 1962 et
833 1909 1096 1975 quicquid
1132 1915 1379 1960 nostrum
1414 1912 1501 1960 est
1533 1909 1730 1960 humil-

208 1993 338 2044 lime
385 1992 631 2046 dedimus
678 1999 846 2060 atque
893 1994 1244 2046 devovemus.
1314 1994 1464 2058 Date
1513 2009 1580 2042 ex
1613 1993 1731 2043 Mo-

205 2079 403 2144 guntia
437 2079 614 2144 pridie
642 2079 848 2131 Galen:
883 2079 1111 2131 Novem.
1150 2078 1307 2129 Anno
1330 2076 1573 2142 virginei
1604 2091 1731 2141 par-

203 2166 296 2211 tus
333 2161 628 2214 Millesimo
666 2165 1109 2230 quingentesimo
1144 2162 1375 2213 decimo.

663 2247 1027 2318 serenissime
1061 2249 1373 2300 maiestatis
1410 2251 1506 2316 tue

512 2329 864 2383 Deditissimi
893 2333 1098 2385 Rector
1143 2333 1396 2384 doctores
1431 2335 1661 2396 totaque

510 2417 854 2468 universitas
887 2418 1078 2468 incliti
1112 2415 1284 2466 studii
1317 2416 1647 2482 Moguntini.

210 2583 216 2588 .
312 2525 365 2585 ([
426 2533 882 2586 Consultatio
950 2535 1293 2587 venerabilis
1362 2534 1727 2604 Academic

202 2621 496 2684 utriusque
522 2620 818 2671 facultatis
842 2621 889 2670 E
901 2636 928 2669 r
939 2636 975 2684 p
987 2619 1025 2668 h
1035 2634 1066 2669 o
1078 2635 1105 2670 r
1117 2619 1152 2668 d
1165 2635 1193 2670 e
1206 2635 1241 2670 n
1255 2634 1281 2668 s
1295 2619 1349 2669 is
1389 2623 1583 2669 contra
1606 2634 1728 2683 per-

201 2702 339 2753 fidos
374 2703 669 2772 Iudeorum
714 2705 914 2768 libros,
963 2716 1130 2765 quam
1177 2702 1269 2750 hic
1303 2705 1527 2766 propter
1562 2701 1732 2764 proli—

202 2788 441 2838 xitatem
477 2789 654 2851 omisi,
693 2801 800 2855 que
839 2785 1059 2850 quidem
1086 2785 1423 2834 consultatio
1453 2796 1575 2831 cum
1601 2796 1728 2832 con-
