1942 3109
276 228 377 279 432
490 242 890 282 nnsronsnvu
927 244 1301 282 onscvaoavu
1336 246 1593 285 vntonvn

277 347 423 412 Quid
457 350 508 399 si
541 364 604 401 se
638 349 884 401 futurum
931 350 1355 403 commensalem
1400 356 1499 403 aut
1542 352 1794 409 domesti-

276 449 400 485 cum
433 436 792 487 mentiretur?
862 435 991 487 Vidi
1028 452 1159 503 ego,
1210 440 1267 489 et
1300 438 1563 507 interfui,
1611 456 1794 505 quam·

272 520 360 572 vis
407 521 696 586 innoxius,
741 521 839 572 ubi
884 525 1081 585 noctu,
1127 524 1503 590 prospiciente
1549 529 1730 579 tamen
1764 545 1793 579 e

273 606 522 658 fenestra
565 606 834 671 Rectore,
879 607 1091 657 strictis
1136 607 1340 674 gladiis
1382 609 1569 661 valvis
1618 616 1673 663 et
1712 612 1793 663 fe-

273 693 478 743 nestris
524 691 731 743 iniuria
767 690 950 743 fieret:
1026 690 1134 743 Sed
1166 693 1265 744 ubi
1302 693 1497 745 audita
1532 700 1653 745 erat
1684 712 1794 747 vox

271 776 435 826 unius
480 778 696 849 tantum
740 776 1165 837 commensalis,
1222 778 1427 843 reliqui
1467 793 1650 830 omnes
1694 780 1794 829 im·
1846 770 1866 790 ⁶

269 875 416 926 pune
452 860 557 910 hoc
600 860 814 912 factum
860 862 1136 913 ferebant.
1206 862 1337 915 Vidi
1371 865 1569 915 iterum
1604 863 1794 915 cohor-

269 948 381 996 tem
429 948 865 1012 compotatorum
908 948 968 997 in
1009 948 1131 1014 ipso
1178 948 1405 1001 meridie
1444 953 1499 1000 et
1533 949 1795 1001 fenestris

235 1049 251 1060 ,
271 1033 328 1081 et
361 1029 576 1082 foribus
611 1033 724 1083 vim
761 1031 970 1084 realem
1006 1032 1229 1099 gladiis,
1267 1034 1632 1085 inhabitatori
1662 1050 1793 1087 vero

267 1116 554 1168 verbalem
589 1117 786 1183 lingua
823 1118 964 1169 satis
998 1117 1276 1169 maledica
1310 1118 1674 1186 inferentem,
1710 1122 1805 1171 in·-

267 1201 542 1267 spiciente
567 1200 835 1255 Senatore
869 1218 979 1254 non
1001 1202 1173 1254 infimi
1206 1200 1492 1266 subsellii3
1527 1204 1793 1269 iurasses,

266 1286 478 1338 factum
515 1302 758 1353 earcere,
795 1289 846 1339 si
880 1304 991 1340 non
1026 1304 1157 1339 cera
1192 1286 1432 1353 dignum,
1482 1287 1591 1339 Sed
1626 1289 1795 1353 quid?

269 1372 668 1425 commensales
693 1377 880 1424 erant:
933 1371 996 1423 Si
1018 1371 1413 1423 denunciatum
1438 1376 1605 1438 esset,
1628 1388 1795 1439 poena

269 1456 692 1509 antecedentem
726 1458 1025 1509 scelestum
1058 1458 1317 1509 insecuta
1352 1457 1639 1509 infelicem
1670 1456 1795 1509 red-

266 1539 502 1593 didisset
547 1542 998 1607 commensalem,
1046 1541 1144 1593 sed
1178 1541 1547 1595 infeliciorem
1582 1541 1794 1591 denun-

270 1626 511 1678 ciantem
569 1626 863 1692 hospitem.
935 1626 1249 1679 Verendum
1308 1630 1453 1679 enim
1511 1626 1659 1690 erat,
1719 1640 1795 1677 ne

265 1712 441 1764 omnis
487 1710 688 1763 relicta
725 1710 832 1764 hac
875 1727 1071 1765 mensa
1107 1712 1279 1764 aliam
1316 1714 1603 1779 eligerent.
1674 1710 1797 1762 Me-

263 1796 374 1849 lius
433 1797 605 1863 igitur
651 1801 774 1849 erat
829 1812 954 1849 cum
1011 1798 1291 1851 commodo
1346 1799 1562 1857 tacere,
1624 1809 1799 1859 quam

263 1881 510 1948 periuria
558 1884 614 1933 et
656 1882 964 1935 malefacta
1018 1884 1221 1949 puniri.
1292 1880 1439 1935 Sane
1496 1880 1796 1933 dolendum

264 1970 378 2034 est,
431 1968 662 2021 iuvenes
691 1969 873 2036 primo
909 1970 1101 2021 statim
1146 1970 1403 2035 ingressu
1448 1968 1509 2019 in
1550 1967 1795 2018 Parnas-

263 2070 412 2121 sum,
467 2056 527 2106 in
572 2070 680 2121 quo
724 2054 1091 2107 fundamenta
1137 2052 1550 2105 Christianismi
1602 2052 1799 2101 iacere

265 2138 570 2205 debebant,
615 2142 952 2205 iuramento,
1002 2138 1147 2205 quod
1193 2142 1380 2189 tamen
1414 2138 1639 2205 impune
1671 2134 1800 2186 vio-

261 2223 380 2274 lare
417 2223 581 2287 licet,
629 2223 932 2289 adstringi,
969 2227 1029 2273 et
1061 2225 1147 2274 sic
1180 2223 1439 2289 periuriis
1474 2220 1801 2284 adsuefieri,

264 2310 322 2359 et
379 2306 450 2358 ad
506 2306 611 2359 illa
670 2308 834 2372 quasi
889 2307 1203 2360 manuduci.
1275 2305 1423 2370 Quid
1481 2305 1664 2357 dicam
1724 2302 1799 2354 de

261 2392 608 2459 prostibulis,
646 2392 848 2458 quibus
871 2392 1151 2460 Apollinis
1188 2392 1379 2459 colles,
1416 2392 1521 2444 hoe
1559 2394 1647 2442 est
1668 2388 1804 2439 Mu-

263 2492 380 2529 saea
426 2476 796 2529 conscendere
853 2478 1215 2531 conniventia
1268 2478 1615 2545 superiorum
1666 2488 1805 2539 per-

261 2561 558 2612 mittebat?
639 2561 788 2623 Quid
838 2562 907 2613 de
965 2562 1313 2629 negligentia
1370 2560 1803 2615 Studiosorum?

260 2644 430 2710 Regis
477 2643 547 2695 ad
591 2645 898 2710 exemplum
943 2649 1094 2698 totus
1142 2648 1572 2713 componebatur
1620 2643 1805 2709 orbis,

263 2728 616 2796 negligentes
659 2734 822 2781 erant
861 2732 1163 2799 Doctores,
1222 2730 1661 2798 negligentiores
1708 2727 1802 2778 di-
