<?xml version="1.0" encoding="UTF-8"?>
<!DOCTYPE html PUBLIC "-//W3C//DTD XHTML 1.0 Transitional//EN"
    "http://www.w3.org/TR/xhtml1/DTD/xhtml1-transitional.dtd">
<html xmlns="http://www.w3.org/1999/xhtml" xml:lang="en" lang="en">
 <head>
  <title>
</title>
<meta http-equiv="Content-Type" content="text/html;charset=utf-8" />
  <meta name='ocr-system' content='tesseract 3.04.00' />
  <meta name='ocr-capabilities' content='ocr_page ocr_carea ocr_par ocr_line ocrx_word'/>
</head>
<body>
  <div class='ocr_page' id='page_1' title='image "./epistolaeobscur00huttgoog_0078.png"; bbox 0 0 1942 3109; ppageno 0'>
   <div class='ocr_carea' id='block_1_1' title="bbox 377 205 1693 258">
    <p class='ocr_par' dir='ltr' id='par_1_1' title="bbox 377 205 1693 258">
     <span class='ocr_line' id='line_1_1' title="bbox 377 205 1693 258; baseline 0.001 -1"><span class='ocrx_word' id='word_1_1' title='bbox 377 223 513 258; x_wconf 69' lang='lat' dir='ltr'><strong>vor„</strong></span> <span class='ocrx_word' id='word_1_2' title='bbox 551 221 591 256; x_wconf 88' lang='lat'><strong>1.</strong></span> <span class='ocrx_word' id='word_1_3' title='bbox 663 215 732 256; x_wconf 74' lang='lat'><strong>24.</strong></span> <span class='ocrx_word' id='word_1_4' title='bbox 769 217 948 256; x_wconf 60' lang='lat' dir='ltr'><strong>rnna</strong></span> <span class='ocrx_word' id='word_1_5' title='bbox 988 217 1481 256; x_wconf 58' lang='lat' dir='ltr'><strong>naumurumtzn.</strong></span> <span class='ocrx_word' id='word_1_6' title='bbox 1624 205 1693 258; x_wconf 78' lang='lat'><strong>67</strong></span> 
     </span>
    </p>
   </div>
   <div class='ocr_carea' id='block_1_2' title="bbox 141 325 1693 988">
    <p class='ocr_par' dir='ltr' id='par_1_2' title="bbox 141 325 1693 988">
     <span class='ocr_line' id='line_1_2' title="bbox 147 325 1689 392; baseline -0.001 -15"><span class='ocrx_word' id='word_1_7' title='bbox 147 327 268 378; x_wconf 85' lang='lat' dir='ltr'><strong>Iam</strong></span> <span class='ocrx_word' id='word_1_8' title='bbox 313 329 744 380; x_wconf 79' lang='lat' dir='ltr'><strong>combusserunt</strong></span> <span class='ocrx_word' id='word_1_9' title='bbox 785 327 844 376; x_wconf 89' lang='lat' dir='ltr'><strong>in</strong></span> <span class='ocrx_word' id='word_1_10' title='bbox 889 325 1087 376; x_wconf 76' lang='lat' dir='ltr'><strong>Hallis</strong></span> <span class='ocrx_word' id='word_1_11' title='bbox 1132 341 1297 375; x_wconf 83' lang='lat' dir='ltr'><strong>unum</strong></span> <span class='ocrx_word' id='word_1_12' title='bbox 1342 325 1689 392; x_wconf 75' lang='lat' dir='ltr'><strong>baptizatum</strong></span> 
     </span>
     <span class='ocr_line' id='line_1_3' title="bbox 146 401 1689 482; baseline 0 -20"><span class='ocrx_word' id='word_1_13' title='bbox 146 412 380 482; x_wconf 77' lang='lat' dir='ltr'><strong>Iudeum</strong></span> <span class='ocrx_word' id='word_1_14' title='bbox 427 413 526 477; x_wconf 88' lang='lat' dir='ltr'><strong>qui</strong></span> <span class='ocrx_word' id='word_1_15' title='bbox 565 412 738 462; x_wconf 88' lang='lat' dir='ltr'><strong>etiam</strong></span> <span class='ocrx_word' id='word_1_16' title='bbox 771 401 1013 464; x_wconf 82' lang='lat' dir='ltr'><strong>vocatur</strong></span> <span class='ocrx_word' id='word_1_17' title='bbox 1044 411 1289 462; x_wconf 82' lang='lat' dir='ltr'><strong>Ioannes</strong></span> <span class='ocrx_word' id='word_1_18' title='bbox 1320 410 1689 476; x_wconf 76' lang='lat' dir='ltr'><strong>Pfefferkorn‚</strong></span> 
     </span>
     <span class='ocr_line' id='line_1_4' title="bbox 149 495 1689 562; baseline 0 -14"><span class='ocrx_word' id='word_1_19' title='bbox 149 501 208 548; x_wconf 90' lang='lat' dir='ltr'><strong>et</strong></span> <span class='ocrx_word' id='word_1_20' title='bbox 251 499 398 549; x_wconf 83' lang='lat' dir='ltr'><strong>fecit</strong></span> <span class='ocrx_word' id='word_1_21' title='bbox 437 498 623 548; x_wconf 82' lang='lat' dir='ltr'><strong>multa</strong></span> <span class='ocrx_word' id='word_1_22' title='bbox 668 496 835 547; x_wconf 82' lang='lat' dir='ltr'><strong>mala.</strong></span> <span class='ocrx_word' id='word_1_23' title='bbox 906 497 1031 562; x_wconf 83' lang='lat' dir='ltr'><strong>Ego</strong></span> <span class='ocrx_word' id='word_1_24' title='bbox 1080 497 1247 548; x_wconf 89' lang='lat' dir='ltr'><strong>timeo</strong></span> <span class='ocrx_word' id='word_1_25' title='bbox 1284 495 1431 562; x_wconf 83' lang='lat' dir='ltr'><strong>quod</strong></span> <span class='ocrx_word' id='word_1_26' title='bbox 1466 497 1567 548; x_wconf 88' lang='lat' dir='ltr'><strong>ille</strong></span> <span class='ocrx_word' id='word_1_27' title='bbox 1600 497 1689 548; x_wconf 81' lang='lat' dir='ltr'><strong>fa·</strong></span> 
     </span>
     <span class='ocr_line' id='line_1_5' title="bbox 148 579 1691 646; baseline -0.002 -13"><span class='ocrx_word' id='word_1_28' title='bbox 148 584 268 634; x_wconf 85' lang='lat' dir='ltr'><strong>ciet</strong></span> <span class='ocrx_word' id='word_1_29' title='bbox 310 582 489 634; x_wconf 77' lang='lat' dir='ltr'><strong>semel</strong></span> <span class='ocrx_word' id='word_1_30' title='bbox 537 582 710 646; x_wconf 80' lang='lat' dir='ltr'><strong>talia,</strong></span> <span class='ocrx_word' id='word_1_31' title='bbox 763 585 898 632; x_wconf 83' lang='lat' dir='ltr'><strong>tunc</strong></span> <span class='ocrx_word' id='word_1_32' title='bbox 942 597 1045 634; x_wconf 78' lang='lat' dir='ltr'><strong>vos</strong></span> <span class='ocrx_word' id='word_1_33' title='bbox 1081 581 1227 632; x_wconf 85' lang='lat' dir='ltr'><strong>male</strong></span> <span class='ocrx_word' id='word_1_34' title='bbox 1262 583 1509 632; x_wconf 76' lang='lat' dir='ltr'><strong>staretis.</strong></span> <span class='ocrx_word' id='word_1_35' title='bbox 1580 579 1691 632; x_wconf 83' lang='lat' dir='ltr'><strong>Sed</strong></span> 
     </span>
     <span class='ocr_line' id='line_1_6' title="bbox 141 665 1693 732; baseline -0.003 -14"><span class='ocrx_word' id='word_1_36' title='bbox 141 668 514 719; x_wconf 73' lang='lat' dir='ltr'><strong>nihilominus</strong></span> <span class='ocrx_word' id='word_1_37' title='bbox 565 665 788 718; x_wconf 79' lang='lat' dir='ltr'><strong>debetis</strong></span> <span class='ocrx_word' id='word_1_38' title='bbox 833 667 1135 718; x_wconf 82' lang='lat' dir='ltr'>defendere</span> <span class='ocrx_word' id='word_1_39' title='bbox 1183 665 1563 732; x_wconf 76' lang='lat' dir='ltr'><strong>Theologiam.</strong></span> <span class='ocrx_word' id='word_1_40' title='bbox 1633 669 1693 715; x_wconf 83' lang='lat' dir='ltr'><strong>et</strong></span> 
     </span>
     <span class='ocr_line' id='line_1_7' title="bbox 143 751 1687 819; baseline -0.003 -15"><span class='ocrx_word' id='word_1_41' title='bbox 143 754 396 819; x_wconf 85' lang='lat' dir='ltr'><strong>accipite</strong></span> <span class='ocrx_word' id='word_1_42' title='bbox 445 753 508 802; x_wconf 88' lang='lat' dir='ltr'><strong>in</strong></span> <span class='ocrx_word' id='word_1_43' title='bbox 553 752 760 802; x_wconf 80' lang='lat' dir='ltr'><strong>bonam</strong></span> <span class='ocrx_word' id='word_1_44' title='bbox 803 756 1022 816; x_wconf 86' lang='lat' dir='ltr'><strong>partem</strong></span> <span class='ocrx_word' id='word_1_45' title='bbox 1070 751 1217 816; x_wconf 89' lang='lat' dir='ltr'><strong>quod</strong></span> <span class='ocrx_word' id='word_1_46' title='bbox 1266 751 1513 802; x_wconf 78' lang='lat' dir='ltr'><strong>fraterne</strong></span> <span class='ocrx_word' id='word_1_47' title='bbox 1560 765 1687 801; x_wconf 87' lang='lat' dir='ltr'><strong>con-</strong></span> 
     </span>
     <span class='ocr_line' id='line_1_8' title="bbox 141 836 1685 902; baseline -0.003 -14"><span class='ocrx_word' id='word_1_48' title='bbox 141 838 300 890; x_wconf 72' lang='lat' dir='ltr'><strong>sului</strong></span> <span class='ocrx_word' id='word_1_49' title='bbox 357 838 557 888; x_wconf 77' lang='lat' dir='ltr'><strong>vobis:</strong></span> <span class='ocrx_word' id='word_1_50' title='bbox 617 840 678 886; x_wconf 88' lang='lat' dir='ltr'><strong>et</strong></span> <span class='ocrx_word' id='word_1_51' title='bbox 731 836 932 888; x_wconf 82' lang='lat' dir='ltr'><strong>Valete</strong></span> <span class='ocrx_word' id='word_1_52' title='bbox 987 838 1047 886; x_wconf 86' lang='lat' dir='ltr'><strong>in</strong></span> <span class='ocrx_word' id='word_1_53' title='bbox 1101 837 1250 887; x_wconf 84' lang='lat' dir='ltr'><strong>bona</strong></span> <span class='ocrx_word' id='word_1_54' title='bbox 1296 836 1685 902; x_wconf 76' lang='lat' dir='ltr'><strong>prosperitate.</strong></span> 
     </span>
     <span class='ocr_line' id='line_1_9' title="bbox 143 920 767 988; baseline -0.005 -15"><span class='ocrx_word' id='word_1_55' title='bbox 143 923 364 973; x_wconf 86' lang='lat' dir='ltr'><strong>Datum</strong></span> <span class='ocrx_word' id='word_1_56' title='bbox 399 920 767 988; x_wconf 74' lang='lat' dir='ltr'><strong>Madepurck.</strong></span> 
     </span>
    </p>
   </div>
   <div class='ocr_carea' id='block_1_3' title="bbox 380 1069 1461 1260">
    <p class='ocr_par' dir='ltr' id='par_1_3' title="bbox 380 1069 1461 1260">
     <span class='ocr_line' id='line_1_10' title="bbox 876 1069 977 1130; baseline 0.01 -1"><span class='ocrx_word' id='word_1_57' title='bbox 876 1069 977 1130; x_wconf 78' lang='lat'><strong>24.</strong></span> 
     </span>
     <span class='ocr_line' id='line_1_11' title="bbox 380 1173 1461 1260; baseline -0.001 -22"><span class='ocrx_word' id='word_1_58' title='bbox 380 1173 688 1240; x_wconf 81' lang='lat' dir='ltr'><strong>Paulus</strong></span> <span class='ocrx_word' id='word_1_59' title='bbox 733 1173 1461 1260; x_wconf 82' lang='lat' dir='ltr'><strong>Daubengigelius</strong></span> 
     </span>
    </p>
   </div>
   <div class='ocr_carea' id='block_1_4' title="bbox 435 1295 1413 1464">
    <p class='ocr_par' dir='ltr' id='par_1_4' title="bbox 435 1295 1413 1464">
     <span class='ocr_line' id='line_1_12' title="bbox 549 1295 1301 1362; baseline -0.001 -14"><span class='ocrx_word' id='word_1_60' title='bbox 549 1295 805 1348; x_wconf 78' lang='lat' dir='ltr'><strong>Salutem</strong></span> <span class='ocrx_word' id='word_1_61' title='bbox 839 1295 979 1346; x_wconf 87' lang='lat' dir='ltr'><strong>dicit</strong></span> <span class='ocrx_word' id='word_1_62' title='bbox 1010 1295 1301 1362; x_wconf 84' lang='lat' dir='ltr'><strong>plurimam</strong></span> 
     </span>
     <span class='ocr_line' id='line_1_13' title="bbox 435 1398 1413 1464; baseline -0.001 -15"><span class='ocrx_word' id='word_1_63' title='bbox 435 1399 780 1464; x_wconf 77' lang='lat' dir='ltr'><strong>Magistro</strong></span> <span class='ocrx_word' id='word_1_64' title='bbox 820 1399 1115 1450; x_wconf 85' lang='lat' dir='ltr'><strong>Ortvino</strong></span> <span class='ocrx_word' id='word_1_65' title='bbox 1150 1398 1413 1450; x_wconf 81' lang='lat' dir='ltr'><strong>Gratio.</strong></span> 
     </span>
    </p>
   </div>
   <div class='ocr_carea' id='block_1_5' title="bbox 147 1515 1691 2690">
    <p class='ocr_par' dir='ltr' id='par_1_5' title="bbox 147 1515 1691 2690">
     <span class='ocr_line' id='line_1_14' title="bbox 251 1515 1691 1585; baseline -0.001 -15"><span class='ocrx_word' id='word_1_66' title='bbox 251 1519 410 1570; x_wconf 86' lang='lat' dir='ltr'><strong>Ecce</strong></span> <span class='ocrx_word' id='word_1_67' title='bbox 445 1520 499 1569; x_wconf 79' lang='lat' dir='ltr'><strong>si</strong></span> <span class='ocrx_word' id='word_1_68' title='bbox 535 1533 642 1585; x_wconf 81' lang='lat' dir='ltr'><strong>ego</strong></span> <span class='ocrx_word' id='word_1_69' title='bbox 666 1531 786 1568; x_wconf 79' lang='lat' dir='ltr'><strong>sum</strong></span> <span class='ocrx_word' id='word_1_70' title='bbox 807 1518 1047 1570; x_wconf 82' lang='lat' dir='ltr'><strong>mendax</strong></span> <span class='ocrx_word' id='word_1_71' title='bbox 1071 1518 1219 1570; x_wconf 77' lang='lat' dir='ltr'><strong>sicut</strong></span> <span class='ocrx_word' id='word_1_72' title='bbox 1240 1533 1418 1584; x_wconf 84' lang='lat' dir='ltr'><strong>nuper</strong></span> <span class='ocrx_word' id='word_1_73' title='bbox 1440 1515 1691 1581; x_wconf 63' lang='lat' dir='ltr'><strong>dixistiS,</strong></span> 
     </span>
     <span class='ocr_line' id='line_1_15' title="bbox 148 1592 1687 1670; baseline -0.002 -16"><span class='ocrx_word' id='word_1_74' title='bbox 148 1603 302 1669; x_wconf 87' lang='lat' dir='ltr'><strong>quod</strong></span> <span class='ocrx_word' id='word_1_75' title='bbox 359 1604 744 1669; x_wconf 82' lang='lat' dir='ltr'><strong>promitterem</strong></span> <span class='ocrx_word' id='word_1_76' title='bbox 797 1592 959 1656; x_wconf 75' lang='lat' dir='ltr'><strong>vobis</strong></span> <span class='ocrx_word' id='word_1_77' title='bbox 1020 1619 1234 1670; x_wconf 77' lang='lat' dir='ltr'><strong>semper</strong></span> <span class='ocrx_word' id='word_1_78' title='bbox 1292 1603 1437 1670; x_wconf 86' lang='lat' dir='ltr'><strong>quod</strong></span> <span class='ocrx_word' id='word_1_79' title='bbox 1480 1603 1687 1657; x_wconf 78' lang='lat' dir='ltr'><strong>vellem</strong></span> 
     </span>
     <span class='ocr_line' id='line_1_16' title="bbox 147 1687 1685 1742; baseline -0.005 0"><span class='ocrx_word' id='word_1_80' title='bbox 147 1690 314 1742; x_wconf 79' lang='lat' dir='ltr'><strong>vobis</strong></span> <span class='ocrx_word' id='word_1_81' title='bbox 373 1689 621 1740; x_wconf 74' lang='lat' dir='ltr'><strong>scribere</strong></span> <span class='ocrx_word' id='word_1_82' title='bbox 671 1692 730 1739; x_wconf 90' lang='lat' dir='ltr'><strong>et</strong></span> <span class='ocrx_word' id='word_1_83' title='bbox 771 1691 960 1740; x_wconf 86' lang='lat' dir='ltr'><strong>tamen</strong></span> <span class='ocrx_word' id='word_1_84' title='bbox 1006 1704 1117 1740; x_wconf 89' lang='lat' dir='ltr'><strong>non</strong></span> <span class='ocrx_word' id='word_1_85' title='bbox 1162 1691 1460 1741; x_wconf 75' lang='lat' dir='ltr'><strong>scriberem</strong></span> <span class='ocrx_word' id='word_1_86' title='bbox 1503 1687 1685 1739; x_wconf 79' lang='lat' dir='ltr'><strong>vobis.</strong></span> 
     </span>
     <span class='ocr_line' id='line_1_17' title="bbox 147 1772 1687 1839; baseline -0.002 -15"><span class='ocrx_word' id='word_1_87' title='bbox 147 1775 270 1826; x_wconf 78' lang='lat' dir='ltr'><strong>Iam</strong></span> <span class='ocrx_word' id='word_1_88' title='bbox 297 1773 433 1826; x_wconf 78' lang='lat' dir='ltr'><strong>volo</strong></span> <span class='ocrx_word' id='word_1_89' title='bbox 469 1773 710 1839; x_wconf 84' lang='lat' dir='ltr'><strong>probare</strong></span> <span class='ocrx_word' id='word_1_90' title='bbox 745 1773 893 1839; x_wconf 88' lang='lat' dir='ltr'><strong>quod</strong></span> <span class='ocrx_word' id='word_1_91' title='bbox 927 1777 1095 1826; x_wconf 84' lang='lat' dir='ltr'><strong>teneo</strong></span> <span class='ocrx_word' id='word_1_92' title='bbox 1128 1775 1287 1827; x_wconf 82' lang='lat' dir='ltr'><strong>vobis</strong></span> <span class='ocrx_word' id='word_1_93' title='bbox 1322 1773 1514 1838; x_wconf 84' lang='lat' dir='ltr'><strong>fidem,</strong></span> <span class='ocrx_word' id='word_1_94' title='bbox 1552 1772 1687 1838; x_wconf 88' lang='lat' dir='ltr'><strong>quia</strong></span> 
     </span>
     <span class='ocr_line' id='line_1_18' title="bbox 149 1859 1685 1924; baseline -0.003 -13"><span class='ocrx_word' id='word_1_95' title='bbox 149 1861 240 1911; x_wconf 82' lang='lat' dir='ltr'><strong>vir</strong></span> <span class='ocrx_word' id='word_1_96' title='bbox 296 1862 548 1910; x_wconf 75' lang='lat' dir='ltr'><strong>maturus</strong></span> <span class='ocrx_word' id='word_1_97' title='bbox 609 1863 666 1910; x_wconf 89' lang='lat' dir='ltr'><strong>et</strong></span> <span class='ocrx_word' id='word_1_98' title='bbox 720 1863 909 1910; x_wconf 79' lang='lat' dir='ltr'><strong>rectus</strong></span> <span class='ocrx_word' id='word_1_99' title='bbox 966 1859 1109 1910; x_wconf 80' lang='lat' dir='ltr'><strong>nihil</strong></span> <span class='ocrx_word' id='word_1_100' title='bbox 1152 1859 1321 1912; x_wconf 86' lang='lat' dir='ltr'><strong>debet</strong></span> <span class='ocrx_word' id='word_1_101' title='bbox 1362 1859 1685 1924; x_wconf 82' lang='lat' dir='ltr'><strong>promittere</strong></span> 
     </span>
     <span class='ocr_line' id='line_1_19' title="bbox 151 1943 1687 2011; baseline -0.002 -15"><span class='ocrx_word' id='word_1_102' title='bbox 151 1943 299 2009; x_wconf 81' lang='lat' dir='ltr'><strong>quod</strong></span> <span class='ocrx_word' id='word_1_103' title='bbox 331 1959 447 1995; x_wconf 86' lang='lat' dir='ltr'><strong>non</strong></span> <span class='ocrx_word' id='word_1_104' title='bbox 479 1945 606 1996; x_wconf 79' lang='lat' dir='ltr'><strong>vult</strong></span> <span class='ocrx_word' id='word_1_105' title='bbox 639 1959 883 1996; x_wconf 78' lang='lat' dir='ltr'><strong>servare.</strong></span> <span class='ocrx_word' id='word_1_106' title='bbox 957 1944 1035 1994; x_wconf 84' lang='lat' dir='ltr'><strong>Et</strong></span> <span class='ocrx_word' id='word_1_107' title='bbox 1070 1950 1217 1996; x_wconf 79' lang='lat' dir='ltr'><strong>esset</strong></span> <span class='ocrx_word' id='word_1_108' title='bbox 1250 1959 1455 2011; x_wconf 82' lang='lat' dir='ltr'><strong>magna</strong></span> <span class='ocrx_word' id='word_1_109' title='bbox 1488 1945 1687 1994; x_wconf 85' lang='lat' dir='ltr'><strong>incon-</strong></span> 
     </span>
     <span class='ocr_line' id='line_1_20' title="bbox 149 2029 1683 2096; baseline -0.001 -16"><span class='ocrx_word' id='word_1_110' title='bbox 149 2030 366 2082; x_wconf 74' lang='lat' dir='ltr'><strong>atantia</strong></span> <span class='ocrx_word' id='word_1_111' title='bbox 409 2029 478 2080; x_wconf 89' lang='lat' dir='ltr'><strong>de</strong></span> <span class='ocrx_word' id='word_1_112' title='bbox 523 2045 610 2081; x_wconf 86' lang='lat' dir='ltr'><strong>me</strong></span> <span class='ocrx_word' id='word_1_113' title='bbox 647 2030 700 2082; x_wconf 75' lang='lat' dir='ltr'><strong>ei</strong></span> <span class='ocrx_word' id='word_1_114' title='bbox 733 2044 845 2081; x_wconf 88' lang='lat' dir='ltr'><strong>non</strong></span> <span class='ocrx_word' id='word_1_115' title='bbox 881 2043 1162 2080; x_wconf 78' lang='lat' dir='ltr'><strong>servarem</strong></span> <span class='ocrx_word' id='word_1_116' title='bbox 1196 2029 1357 2081; x_wconf 80' lang='lat' dir='ltr'><strong>vobis</strong></span> <span class='ocrx_word' id='word_1_117' title='bbox 1392 2031 1683 2096; x_wconf 74' lang='lat' dir='ltr'><strong>promissa,</strong></span> 
     </span>
     <span class='ocr_line' id='line_1_21' title="bbox 151 2113 1685 2167; baseline -0.001 -2"><span class='ocrx_word' id='word_1_118' title='bbox 151 2121 210 2165; x_wconf 81' lang='lat' dir='ltr'><strong>et</strong></span> <span class='ocrx_word' id='word_1_119' title='bbox 253 2131 432 2166; x_wconf 74' lang='lat' dir='ltr'><strong>essem</strong></span> <span class='ocrx_word' id='word_1_120' title='bbox 469 2113 670 2166; x_wconf 81' lang='lat' dir='ltr'><strong>fallax.</strong></span> <span class='ocrx_word' id='word_1_121' title='bbox 739 2115 856 2167; x_wconf 80' lang='lat' dir='ltr'><strong>Vos</strong></span> <span class='ocrx_word' id='word_1_122' title='bbox 892 2113 1111 2166; x_wconf 69' lang='lat' dir='ltr'><strong>debetis</strong></span> <span class='ocrx_word' id='word_1_123' title='bbox 1145 2113 1405 2165; x_wconf 71' lang='lat' dir='ltr'><strong>similiter</strong></span> <span class='ocrx_word' id='word_1_124' title='bbox 1437 2113 1685 2165; x_wconf 74' lang='lat' dir='ltr'><strong>scribere</strong></span> 
     </span>
     <span class='ocr_line' id='line_1_22' title="bbox 151 2197 1684 2268; baseline 0 -18"><span class='ocrx_word' id='word_1_125' title='bbox 151 2200 317 2251; x_wconf 81' lang='lat' dir='ltr'><strong>mihi:</strong></span> <span class='ocrx_word' id='word_1_126' title='bbox 349 2205 488 2251; x_wconf 86' lang='lat' dir='ltr'><strong>tunc</strong></span> <span class='ocrx_word' id='word_1_127' title='bbox 523 2215 660 2268; x_wconf 77' lang='lat' dir='ltr'><strong>sepe</strong></span> <span class='ocrx_word' id='word_1_128' title='bbox 695 2197 954 2252; x_wconf 76' lang='lat' dir='ltr'><strong>volumus</strong></span> <span class='ocrx_word' id='word_1_129' title='bbox 994 2199 1305 2251; x_wconf 79' lang='lat' dir='ltr'><strong>adinvicem</strong></span> <span class='ocrx_word' id='word_1_130' title='bbox 1340 2200 1559 2252; x_wconf 86' lang='lat' dir='ltr'><strong>mittere</strong></span> <span class='ocrx_word' id='word_1_131' title='bbox 1582 2215 1684 2251; x_wconf 77' lang='lat' dir='ltr'><strong>seu</strong></span> 
     </span>
     <span class='ocr_line' id='line_1_23' title="bbox 150 2281 1685 2352; baseline -0.001 -17"><span class='ocrx_word' id='word_1_132' title='bbox 150 2285 392 2352; x_wconf 84' lang='lat' dir='ltr'><strong>dirigere</strong></span> <span class='ocrx_word' id='word_1_133' title='bbox 439 2285 731 2351; x_wconf 74' lang='lat' dir='ltr'><strong>epistolas.</strong></span> <span class='ocrx_word' id='word_1_134' title='bbox 801 2283 880 2334; x_wconf 83' lang='lat' dir='ltr'><strong>Et</strong></span> <span class='ocrx_word' id='word_1_135' title='bbox 924 2285 1038 2335; x_wconf 87' lang='lat' dir='ltr'><strong>iam</strong></span> <span class='ocrx_word' id='word_1_136' title='bbox 1083 2283 1299 2336; x_wconf 79' lang='lat' dir='ltr'><strong>debetis</strong></span> <span class='ocrx_word' id='word_1_137' title='bbox 1346 2287 1489 2336; x_wconf 72' lang='lat' dir='ltr'><strong>scire</strong></span> <span class='ocrx_word' id='word_1_138' title='bbox 1535 2281 1685 2349; x_wconf 86' lang='lat' dir='ltr'><strong>quod</strong></span> 
     </span>
     <span class='ocr_line' id='line_1_24' title="bbox 151 2369 1685 2436; baseline 0 -17"><span class='ocrx_word' id='word_1_139' title='bbox 151 2369 343 2422; x_wconf 84' lang='lat' dir='ltr'><strong>doctor</strong></span> <span class='ocrx_word' id='word_1_140' title='bbox 363 2369 645 2422; x_wconf 85' lang='lat' dir='ltr'><strong>Reuchlin</strong></span> <span class='ocrx_word' id='word_1_141' title='bbox 679 2369 934 2436; x_wconf 80' lang='lat' dir='ltr'><strong>permisit</strong></span> <span class='ocrx_word' id='word_1_142' title='bbox 955 2370 1267 2436; x_wconf 89' lang='lat' dir='ltr'><strong>imprimere</strong></span> <span class='ocrx_word' id='word_1_143' title='bbox 1288 2385 1457 2422; x_wconf 89' lang='lat' dir='ltr'><strong>unum</strong></span> <span class='ocrx_word' id='word_1_144' title='bbox 1478 2371 1685 2423; x_wconf 88' lang='lat' dir='ltr'><strong>librum</strong></span> 
     </span>
     <span class='ocr_line' id='line_1_25' title="bbox 153 2454 1685 2522; baseline -0.002 -16"><span class='ocrx_word' id='word_1_145' title='bbox 153 2456 248 2520; x_wconf 85' lang='lat' dir='ltr'><strong>qni</strong></span> <span class='ocrx_word' id='word_1_146' title='bbox 291 2456 623 2506; x_wconf 81' lang='lat' dir='ltr'><strong>intitulatus</strong></span> <span class='ocrx_word' id='word_1_147' title='bbox 679 2459 768 2506; x_wconf 80' lang='lat' dir='ltr'><strong>est</strong></span> <span class='ocrx_word' id='word_1_148' title='bbox 805 2454 1143 2506; x_wconf 82' lang='lat' dir='ltr'><strong>‘Defensio’=</strong></span> <span class='ocrx_word' id='word_1_149' title='bbox 1186 2455 1248 2505; x_wconf 87' lang='lat' dir='ltr'><strong>in</strong></span> <span class='ocrx_word' id='word_1_150' title='bbox 1293 2469 1400 2522; x_wconf 85' lang='lat' dir='ltr'><strong>quo</strong></span> <span class='ocrx_word' id='word_1_151' title='bbox 1446 2455 1685 2506; x_wconf 74' lang='lat' dir='ltr'><strong>scanda-</strong></span> 
     </span>
     <span class='ocr_line' id='line_1_26' title="bbox 151 2537 1683 2606; baseline -0.002 -16"><span class='ocrx_word' id='word_1_152' title='bbox 151 2541 287 2591; x_wconf 85' lang='lat' dir='ltr'><strong>lizat</strong></span> <span class='ocrx_word' id='word_1_153' title='bbox 339 2539 514 2592; x_wconf 79' lang='lat' dir='ltr'><strong>valde</strong></span> <span class='ocrx_word' id='word_1_154' title='bbox 559 2537 926 2606; x_wconf 77' lang='lat' dir='ltr'><strong>dedecorose,</strong></span> <span class='ocrx_word' id='word_1_155' title='bbox 990 2543 1048 2592; x_wconf 87' lang='lat' dir='ltr'><strong>et</strong></span> <span class='ocrx_word' id='word_1_156' title='bbox 1091 2543 1261 2591; x_wconf 86' lang='lat' dir='ltr'><strong>vocat</strong></span> <span class='ocrx_word' id='word_1_157' title='bbox 1301 2555 1401 2592; x_wconf 76' lang='lat' dir='ltr'><strong>vos</strong></span> <span class='ocrx_word' id='word_1_158' title='bbox 1446 2542 1683 2592; x_wconf 73' lang='lat' dir='ltr'><strong>asinum.</strong></span> 
     </span>
     <span class='ocr_line' id='line_1_27' title="bbox 154 2623 1685 2690; baseline -0.003 -16"><span class='ocrx_word' id='word_1_159' title='bbox 154 2629 210 2675; x_wconf 82' lang='lat' dir='ltr'><strong>et</strong></span> <span class='ocrx_word' id='word_1_160' title='bbox 239 2623 662 2678; x_wconf 79' lang='lat' dir='ltr'><strong>verecundatus</strong></span> <span class='ocrx_word' id='word_1_161' title='bbox 697 2639 816 2674; x_wconf 81' lang='lat' dir='ltr'><strong>sum</strong></span> <span class='ocrx_word' id='word_1_162' title='bbox 850 2623 1015 2677; x_wconf 85' lang='lat' dir='ltr'><strong>valde</strong></span> <span class='ocrx_word' id='word_1_163' title='bbox 1052 2625 1245 2690; x_wconf 81' lang='lat' dir='ltr'><strong>legens</strong></span> <span class='ocrx_word' id='word_1_164' title='bbox 1280 2624 1438 2675; x_wconf 88' lang='lat' dir='ltr'><strong>illum</strong></span> <span class='ocrx_word' id='word_1_165' title='bbox 1459 2624 1685 2677; x_wconf 85' lang='lat' dir='ltr'><strong>librum,</strong></span> 
     </span>
    </p>
   </div>
   <div class='ocr_carea' id='block_1_6' title="bbox 155 2694 1697 2830">
    <p class='ocr_par' dir='ltr' id='par_1_6' title="bbox 155 2694 1697 2830">
     <span class='ocr_line' id='line_1_28' title="bbox 155 2694 1697 2776; baseline -0.011 -13"><span class='ocrx_word' id='word_1_166' title='bbox 155 2711 410 2776; x_wconf 74' lang='lat' dir='ltr'><strong>quamvis</strong></span> <span class='ocrx_word' id='word_1_167' title='bbox 455 2725 572 2759; x_wconf 87' lang='lat' dir='ltr'><strong>non</strong></span> <span class='ocrx_word' id='word_1_168' title='bbox 604 2709 724 2773; x_wconf 79' lang='lat' dir='ltr'><strong>legi</strong></span> <span class='ocrx_word' id='word_1_169' title='bbox 759 2725 883 2758; x_wconf 85' lang='lat' dir='ltr'><strong>eum</strong></span> <span class='ocrx_word' id='word_1_170' title='bbox 916 2723 1019 2773; x_wconf 84' lang='lat' dir='ltr'><strong>per</strong></span> <span class='ocrx_word' id='word_1_171' title='bbox 1054 2711 1261 2768; x_wconf 81' lang='lat' dir='ltr'><strong>totum,</strong></span> <span class='ocrx_word' id='word_1_172' title='bbox 1311 2708 1444 2768; x_wconf 84' lang='lat' dir='ltr'><strong>quia</strong></span> <span class='ocrx_word' id='word_1_173' title='bbox 1476 2694 1697 2764; x_wconf 72' lang='lat' dir='ltr'><strong>proicei</strong></span> 
     </span>
     <span class='ocr_line' id='line_1_29' title="bbox 1312 2785 1387 2830; baseline -0.013 -14"><span class='ocrx_word' id='word_1_174' title='bbox 1312 2785 1387 2830; x_wconf 70' lang='lat'><strong>5*</strong></span> 
     </span>
    </p>
   </div>
  </div>
 </body>
</html>
