1942 3109
217 223 564 262 consvn'm‘r.
589 224 848 262 vmvsss.
875 224 1125 261 noevum.
1150 225 1205 260 n.
1232 218 1297 260 31.
1326 223 1447 259 ocr.
1476 219 1591 260 1510.
1672 207 1739 261 35

215 329 546 397 rumpendus
569 330 804 382 censuit.
865 331 924 380 in
945 330 1031 380 his
1056 331 1230 396 igitur
1260 330 1511 381 omnibus
1546 332 1603 380 et
1625 329 1737 380 sin-

215 415 364 482 g'ulis
400 417 570 466 etiam
606 419 800 466 contra
835 430 1103 482 personas
1126 413 1418 481 Iudeorum
1454 415 1503 464 si
1536 415 1594 464 in
1628 413 1738 464 dis-

217 501 442 550 cutione
481 515 646 567 cause
682 503 1012 565 oportunum
1045 499 1351 561 videbitur,
1398 498 1523 548 iura
1574 513 1738 548 cano-

214 585 347 636 nica
391 585 458 635 ob
505 585 756 636 favorem
801 582 929 634 fidei
972 586 1158 651 nostre
1206 583 1535 649 simpliciter
1579 586 1635 632 et
1669 582 1737 633 de

211 669 383 736 plano
417 669 646 736 procedi
669 684 836 735 posse
871 667 1071 719 docent
1109 683 1231 733 oap-
1257 667 1347 717 fin.
1384 668 1470 719 De
1506 668 1736 734 heretis.

212 756 311 806 lib.
339 755 435 808 VI.
512 745 564 804 (I
598 755 868 822 Preterea
903 754 1073 803 etiam
1110 753 1277 802 dietis
1313 751 1525 804 decano
1564 757 1621 802 et
1643 751 1737 801 do-

213 841 462 892 ctoribus
498 840 794 890 facultatis
829 836 1067 905 iuridice
1104 836 1363 902 expedire
1398 836 1636 900 videtur,
1674 840 1737 886 ut

213 925 298 975 sic
334 926 568 988 negocio
603 925 856 988 perfecto
893 926 949 974 et
986 921 1243 972 absoluto
1279 937 1465 972 omnes
1493 922 1626 972 libri
1645 921 1737 972 Iu-

213 1008 440 1075 deorum
482 1008 541 1057 in
589 1008 838 1071 quolibet
881 1006 1151 1057 decennio
1196 1005 1367 1055 semel
1410 1006 1505 1056 vel
1539 1019 1736 1055 seeun-

212 1092 341 1142 dum
387 1091 534 1157 quod
577 1093 757 1143 visum
802 1091 972 1141 fuerit
1008 1089 1388 1142 reviderentur
1419 1105 1520 1156 per
1552 1072 1738 1140 dioce-

213 1193 412 1227 sanum
459 1181 518 1228 et
561 1176 946 1240 inquisitorem
992 1176 1241 1243 heretice
1285 1176 1602 1241 pravitatis,
1642 1173 1736 1225 ad-

213 1261 409 1312 hibitis
455 1260 636 1312 doctis
669 1260 806 1311 viris
841 1261 901 1310 in
935 1265 1171 1324 utraque
1209 1258 1403 1324 lingua
1448 1263 1507 1309 et
1551 1259 1735 1308 latina

213 1350 272 1396 et
305 1345 598 1410 hebraica,
643 1361 714 1396 ne
749 1344 1027 1394 maculam
1062 1344 1233 1396 semel
1268 1345 1580 1394 abstersam
1617 1358 1739 1393 cum

209 1445 412 1501 magno
468 1429 598 1480 fidei
651 1428 970 1496 Christiane
1027 1429 1369 1480 incommodo
1430 1426 1517 1494 (ut
1568 1431 1737 1480 antea

207 1517 422 1567 factum
458 1513 566 1580 est)
603 1515 784 1566 redire
821 1515 1128 1579 contingat.
1226 1513 1237 1579 Ι

350 1659 402 1718 (I
435 1669 559 1734 Heo
595 1671 725 1718 sunt
751 1681 858 1734 que
885 1667 1154 1731 sentiunt,
1194 1670 1249 1717 et
1276 1667 1597 1718 consultant
1750 1661 1872 1732 011in
1905 1644 1914 1653 ι

343 1753 484 1805 dicti
527 1751 832 1804 decanus
893 1756 958 1802 et
1002 1750 1325 1802 doctores
1372 1751 1597 1801 facul·
1670 1795 1673 1799 .

345 1838 518 1888 tatis
576 1837 876 1905 iuridioe
935 1837 995 1886 in
1052 1837 1305 1904 presenti
1362 1837 1599 1887 materia

617 1918 852 1985 (saniori
883 1921 1093 1972 iudicio
1128 1921 1329 1986 salvo).

311 2021 678 2074 serenissime
726 2039 795 2073 ac
838 2023 1208 2075 invictissime
1254 2022 1513 2087 princeps
1551 2025 1608 2072 et
1640 2022 1735 2072 do-

205 2109 355 2158 mine
392 2109 813 2173 gratiosissime,
849 2107 1213 2158 humillimam
1236 2106 1639 2158 subiectionem
1664 2121 1733 2156 ao

208 2188 586 2242 obedientiam
624 2207 746 2243 oum
781 2191 1100 2258 gratissimo
1137 2191 1481 2257 obsequendi
1504 2191 1731 2256 affectu,
1780 2207 1783 2210 ’

207 2274 620 2326 Gloriosissime
655 2277 975 2341 imperator,
1015 2277 1256 2346 cesaree
1290 2281 1386 2345 tue
1420 2279 1735 2328 maiestatis

203 2358 500 2424 mandato,
559 2373 666 2423 quo
710 2362 823 2409 iam
867 2361 1079 2425 pridem
1122 2363 1230 2412 tibi
1272 2360 1594 2426 responderi
1634 2377 1732 2412 vo·

202 2445 394 2508 luisti,
431 2444 574 2495 Num
610 2444 690 2494 rei
725 2444 949 2514 publice
990 2445 1308 2512 Christiane
1344 2445 1607 2510 expediat
1639 2445 1731 2495 Iu-

204 2529 325 2597 deis
371 2529 546 2581 libros
594 2529 833 2594 auferri,
889 2531 1039 2580 sieut
1084 2531 1203 2581 iure
1250 2530 1599 2594 tenebamur,
1648 2531 1730 2579 ita

202 2615 458 2665 volentes
494 2629 592 2679 pro
627 2614 784 2666 virili
816 2617 1009 2665 nostro
1046 2613 1249 2664 saltem
1286 2614 1495 2665 affectu
1520 2614 1727 2664 obtem-

203 2698 551 2763 peravimus,
586 2700 706 2752 Nec
740 2698 902 2750 nobis
938 2697 1261 2762 iucundius,
1298 2697 1563 2761 optatius,
1600 2695 1729 2742 dili·-

1350 2779 1384 2829 3
1400 2777 1431 2811 ae
