1942 3109
191 223 520 264 auveriam>
540 223 782 260 Annon).
798 223 870 258 nn
895 217 1310 260 rvna.nr·.n.2s.
1330 221 1451 258 ocr.
1468 215 1583 256 1511.
1643 205 1711 256 75

189 331 404 397 rybdim
423 368 437 394 ,
477 331 538 380 in
573 329 678 397 hec
711 328 856 394 male
892 327 1117 395 fortune
1152 327 1469 390 involucra,
1517 326 1575 374 in
1608 325 1709 374 hos

190 416 431 483 scylleos
469 414 728 480 scopulos
763 413 1093 478 impegisse,
1152 411 1251 462 sed
1296 409 1557 462 mandato
1600 409 1705 458 Im·

191 501 466 567 perator-is
503 503 560 550 et
594 499 1003 563 archiepiscopi
1038 497 1319 564 preceptis
1342 496 1613 562 paruisse,
1647 497 1711 544 ut

191 586 375 637 celere
425 583 558 649 quid
593 584 662 634 de
699 582 1008 634 cremandis
1043 581 1337 648 Iudeorum
1378 581 1537 632 libris
1585 593 1709 628 sen-

188 671 368 735 tirem,
407 669 704 736 obsignato
729 667 1077 732 fideliterque
1102 667 1427 718 transmisso
1456 664 1708 728 consilio,

184 771 308 806 eum
330 756 552 806 nemine
577 758 746 804 antea
771 753 1119 804 comunicato
1142 753 1535 817 patefacerem.
1570 750 1711 800 Nam

186 840 524 906 excellentie
585 842 708 906 tue,
767 837 960 888 doctor
1020 837 1217 888 eximie
1280 835 1385 900 (ita
1439 851 1523 886 me
1572 835 1709 884 deus

189 921 440 986 adiuvet)
479 927 634 973 recte
655 920 953 986 iuravere,
1001 922 1137 972 mihi
1179 925 1295 970 tum
1330 935 1496 984 quum
1532 935 1709 970 essem

169 1011 250 1056 ‘in
303 1005 598 1070 dictando,
657 1005 866 1057 nullius
923 1005 1309 1058 universitatis
1367 1005 1593 1056 venisse
1652 1005 1712 1053 in

185 1096 454 1156 mentem,
511 1090 724 1142 nullum
780 1107 866 1140 me
923 1092 1203 1156 cogitasse
1260 1090 1538 1141 hominum
1582 1105 1711 1140 eon-

193 1176 448 1228 siliorum
486 1176 779 1242 collegam,
815 1176 1069 1242 quamvis
1103 1176 1163 1224 in
1200 1176 1579 1229 commissione
1613 1190 1711 1227 no-

185 1261 442 1310 minatim
497 1261 638 1312 alios
697 1275 914 1325 quoque
974 1259 1452 1326 deprehenderim,
1513 1259 1711 1322 quibus

185 1360 290 1410 par
335 1345 628 1410 negocium
672 1346 874 1397 fuisset
919 1347 1267 1410 imperatum.
1337 1344 1511 1408 Atqui
1552 1344 1711 1394 festi-

187 1431 417 1480 natione
465 1429 673 1481 laboris
717 1429 1033 1494 imprudens
1080 1445 1210 1496 eg0,
1272 1445 1383 1480 non
1431 1428 1565 1493 quid
1610 1429 1714 1480 alii

186 1514 454 1568 dictaturi
493 1517 697 1577 essent,
735 1514 833 1564 sed
869 1518 1087 1566 tantum
1112 1514 1245 1580 quid
1276 1515 1397 1580 ipse
1437 1514 1709 1580 afferrem,

187 1599 245 1648 in
290 1598 533 1652 medinm
577 1597 946 1650 consideravi.
1028 1601 1215 1663 Quare
1262 1615 1361 1665 per
1402 1599 1563 1651 deum
1609 1601 1709 1650 im·

185 1684 477 1734 mortalem
519 1681 732 1734 nullius
778 1682 932 1734 docti
984 1683 1220 1736 hominis
1281 1688 1597 1750 contemptu
1642 1701 1709 1736 ea

185 1768 420 1832 scripsi,
492 1767 844 1831 Tantumque
889 1767 1057 1820 abest
1100 1773 1163 1820 ut
1208 1770 1479 1833 elatione,
1538 1770 1710 1834 fastu,

188 1849 368 1902 livore
405 1856 504 1902 aut
535 1864 670 1918 erga
707 1854 934 1916 quosvis
969 1853 1247 1906 litteratos
1296 1859 1505 1906 tumore
1542 1845 1713 1906 animi

189 1935 250 1984 in
285 1934 374 1986 his
409 1927 640 2002 scriptis
665 1951 798 1990 usus
833 1937 968 2002 sim,
1015 1941 1079 1988 nt
1124 1939 1294 1990 etiam
1326 1954 1485 1990 nemo
1520 1939 1589 1990 de
1623 1956 1709 1991 me

186 2019 467 2072 veraciter
500 2021 748 2086 proferre
785 2027 983 2089 queat,
1030 2039 1115 2076 me
1153 2024 1354 2088 quibus
1399 2023 1517 2082 vixi
1552 2024 1709 2087 quin-

187 2105 462 2169 quaginta
497 2121 597 2156 sex
631 2107 796 2158 annis
831 2108 948 2159 ullo
983 2123 1226 2173 unquam
1260 2112 1505 2174 tempore
1530 2108 1710 2160 scien·

188 2187 396 2240 tiaram
429 2191 639 2254 peritos
662 2191 999 2258 neglexisse,
1036 2197 1135 2244 aut
1160 2209 1345 2246 eornm
1370 2208 1495 2244 cum
1518 2193 1708 2259 aliquo

185 2272 368 2325 rixam
403 2272 683 2328 habuisse..
756 2277 865 2328 Sed
899 2279 1049 2330 omni
1084 2294 1187 2344 ego
1222 2278 1520 2347 discipline
1566 2295 1706 2332 sem·

183 2373 286 2423 per
319 2357 584 2414 honorem
619 2360 816 2426 detuli,
851 2363 1089 2414 maxime
1115 2367 1301 2414 autem
1324 2364 1704 2431 sacratissime

183 2441 498 2510 theologie,
545 2445 630 2494 ita
661 2449 726 2496 ut
759 2447 1057 2498 novissime
1091 2448 1151 2496 in
1184 2447 1341 2501 illius
1376 2449 1705 2513 profectum,

181 2528 490 2580 utilitatem
535 2531 706 2593 atque
751 2529 972 2582 laudem
1013 2529 1022 2594 Ι
1061 2531 1403 2600 Hebreorum
1460 2531 1707 2600 linguam
1718 2529 1832 2596 Jijh

185 2611 246 2660 in
280 2611 488 2664 latinas
537 2613 792 2679 regulas,
841 2629 981 2680 opus
1018 2619 1187 2668 antea
1231 2616 1571 2681 inauditum,
1618 2634 1703 2668 re·

185 2693 454 2760 degerim,
490 2697 722 2763 eiusque
759 2698 1151 2752 dictionarium
1186 2701 1586 2752 construxerim
1622 2701 1704 2750 la·
