<?xml version="1.0" encoding="UTF-8"?>
<!DOCTYPE html PUBLIC "-//W3C//DTD XHTML 1.0 Transitional//EN"
    "http://www.w3.org/TR/xhtml1/DTD/xhtml1-transitional.dtd">
<html xmlns="http://www.w3.org/1999/xhtml" xml:lang="en" lang="en">
 <head>
  <title>
</title>
<meta http-equiv="Content-Type" content="text/html;charset=utf-8" />
  <meta name='ocr-system' content='tesseract 3.04.00' />
  <meta name='ocr-capabilities' content='ocr_page ocr_carea ocr_par ocr_line ocrx_word'/>
</head>
<body>
  <div class='ocr_page' id='page_1' title='image "./epistolaeobscur00huttgoog_0752.png"; bbox 0 0 1942 3109; ppageno 0'>
   <div class='ocr_carea' id='block_1_1' title="bbox 86 201 1600 268">
    <p class='ocr_par' dir='ltr' id='par_1_1' title="bbox 86 201 1600 268">
     <span class='ocr_line' id='line_1_1' title="bbox 86 201 1600 268; baseline 0.001 -16"><span class='ocrx_word' id='word_1_1' title='bbox 86 215 558 268; x_wconf 38' lang='lat' dir='ltr'>,transumi-mmet</span> <span class='ocrx_word' id='word_1_2' title='bbox 597 215 898 252; x_wconf 72' lang='lat' dir='ltr'>osscvnon.</span> <span class='ocrx_word' id='word_1_3' title='bbox 926 217 1230 258; x_wconf 67' lang='lat' dir='ltr'>nnvcnmn.</span> <span class='ocrx_word' id='word_1_4' title='bbox 1258 217 1437 255; x_wconf 54' lang='lat' dir='ltr'>novis.</span> <span class='ocrx_word' id='word_1_5' title='bbox 1502 201 1600 254; x_wconf 81' lang='lat'>291</span> 
     </span>
    </p>
   </div>
   <div class='ocr_carea' id='block_1_2' title="bbox 807 508 887 560">
    <p class='ocr_par' dir='ltr' id='par_1_2' title="bbox 807 508 887 560">
     <span class='ocr_line' id='line_1_2' title="bbox 807 508 887 560; baseline 0.025 -2"><span class='ocrx_word' id='word_1_6' title='bbox 807 508 887 560; x_wconf 84' lang='lat'>19.</span> 
     </span>
    </p>
   </div>
   <div class='ocr_carea' id='block_1_3' title="bbox 401 609 1361 674">
    <p class='ocr_par' dir='ltr' id='par_1_3' title="bbox 401 609 1361 674">
     <span class='ocr_line' id='line_1_3' title="bbox 401 609 1361 674; baseline -0.001 0"><span class='ocrx_word' id='word_1_7' title='bbox 401 610 812 674; x_wconf 83' lang='lat' dir='ltr'><strong>Adrianus</strong></span> <span class='ocrx_word' id='word_1_8' title='bbox 860 609 1290 674; x_wconf 84' lang='lat' dir='ltr'>Sinkensis</span> <span class='ocrx_word' id='word_1_9' title='bbox 1352 652 1361 658; x_wconf 92' lang='lat'><em>—</em></span> 
     </span>
    </p>
   </div>
   <div class='ocr_carea' id='block_1_4' title="bbox 82 713 1601 852">
    <p class='ocr_par' dir='ltr' id='par_1_4' title="bbox 82 713 1601 852">
     <span class='ocr_line' id='line_1_4' title="bbox 82 713 1601 780; baseline -0.001 -13"><span class='ocrx_word' id='word_1_10' title='bbox 82 716 380 767; x_wconf 55' lang='lat' dir='ltr'>simeoni</span> <span class='ocrx_word' id='word_1_11' title='bbox 413 714 742 767; x_wconf 84' lang='lat' dir='ltr'>Lulliano</span> <span class='ocrx_word' id='word_1_12' title='bbox 777 718 977 780; x_wconf 75' lang='lat' dir='ltr'>poete</span> <span class='ocrx_word' id='word_1_13' title='bbox 1015 713 1249 765; x_wconf 82' lang='lat' dir='ltr'>decies</span> <span class='ocrx_word' id='word_1_14' title='bbox 1286 714 1601 766; x_wconf 87' lang='lat' dir='ltr'>laureato</span> 
     </span>
     <span class='ocr_line' id='line_1_5' title="bbox 502 799 1187 852; baseline -0.006 -1"><span class='ocrx_word' id='word_1_15' title='bbox 502 801 752 852; x_wconf 82' lang='lat' dir='ltr'><strong>Salutem</strong></span> <span class='ocrx_word' id='word_1_16' title='bbox 786 800 999 851; x_wconf 81' lang='lat' dir='ltr'>nullam</span> <span class='ocrx_word' id='word_1_17' title='bbox 1035 799 1187 848; x_wconf 88' lang='lat' dir='ltr'>dicit.</span> 
     </span>
    </p>
   </div>
   <div class='ocr_carea' id='block_1_5' title="bbox 71 918 1601 2674">
    <p class='ocr_par' dir='ltr' id='par_1_5' title="bbox 215 918 1601 986">
     <span class='ocr_line' id='line_1_6' title="bbox 215 918 1601 986; baseline 0 -16"><span class='ocrx_word' id='word_1_18' title='bbox 215 921 340 970; x_wconf 86' lang='lat' dir='ltr'>Non</span> <span class='ocrx_word' id='word_1_19' title='bbox 393 919 560 975; x_wconf 72' lang='lat' dir='ltr'>mibi,</span> <span class='ocrx_word' id='word_1_20' title='bbox 585 921 634 969; x_wconf 83' lang='lat' dir='ltr'>si</span> <span class='ocrx_word' id='word_1_21' title='bbox 692 922 912 969; x_wconf 87' lang='lat' dir='ltr'>centum</span> <span class='ocrx_word' id='word_1_22' title='bbox 955 918 1148 986; x_wconf 75' lang='lat' dir='ltr'>lingue</span> <span class='ocrx_word' id='word_1_23' title='bbox 1197 919 1333 980; x_wconf 86' lang='lat' dir='ltr'>sint,</span> <span class='ocrx_word' id='word_1_24' title='bbox 1394 935 1601 984; x_wconf 88' lang='lat' dir='ltr'>oraque</span> 
     </span>
    </p>

    <p class='ocr_par' dir='ltr' id='par_1_6' title="bbox 627 1007 862 1067">
     <span class='ocr_line' id='line_1_7' title="bbox 627 1007 862 1067; baseline 0.013 -16"><span class='ocrx_word' id='word_1_25' title='bbox 627 1007 862 1067; x_wconf 84' lang='lat' dir='ltr'>centum,</span> 
     </span>
    </p>

    <p class='ocr_par' dir='ltr' id='par_1_7' title="bbox 217 1088 1601 1154">
     <span class='ocr_line' id='line_1_8' title="bbox 217 1088 1601 1154; baseline 0 -14"><span class='ocrx_word' id='word_1_26' title='bbox 217 1091 425 1142; x_wconf 81' lang='lat' dir='ltr'>Ferrea</span> <span class='ocrx_word' id='word_1_27' title='bbox 447 1103 574 1154; x_wconf 83' lang='lat' dir='ltr'>vox,</span> <span class='ocrx_word' id='word_1_28' title='bbox 611 1103 798 1140; x_wconf 88' lang='lat' dir='ltr'>omnes</span> <span class='ocrx_word' id='word_1_29' title='bbox 833 1088 1107 1140; x_wconf 84' lang='lat' dir='ltr'>scelerum</span> <span class='ocrx_word' id='word_1_30' title='bbox 1145 1089 1601 1154; x_wconf 87' lang='lat' dir='ltr'>comprehendere</span> 
     </span>
    </p>

    <p class='ocr_par' dir='ltr' id='par_1_8' title="bbox 623 1175 848 1236">
     <span class='ocr_line' id='line_1_9' title="bbox 623 1175 848 1236; baseline 0 -12"><span class='ocrx_word' id='word_1_31' title='bbox 623 1175 848 1236; x_wconf 78' lang='lat' dir='ltr'>formas,</span> 
     </span>
    </p>

    <p class='ocr_par' dir='ltr' id='par_1_9' title="bbox 71 1260 1600 2674">
     <span class='ocr_line' id='line_1_10' title="bbox 217 1260 1599 1324; baseline 0 -14"><span class='ocrx_word' id='word_1_32' title='bbox 217 1260 418 1310; x_wconf 83' lang='lat' dir='ltr'>Omnia</span> <span class='ocrx_word' id='word_1_33' title='bbox 453 1274 719 1324; x_wconf 82' lang='lat' dir='ltr'>penarum</span> <span class='ocrx_word' id='word_1_34' title='bbox 753 1274 1073 1324; x_wconf 86' lang='lat' dir='ltr'>percurrere</span> <span class='ocrx_word' id='word_1_35' title='bbox 1108 1260 1331 1309; x_wconf 81' lang='lat' dir='ltr'>nomina</span> <span class='ocrx_word' id='word_1_36' title='bbox 1365 1275 1599 1324; x_wconf 88' lang='lat' dir='ltr'>possem.</span> 
     </span>
     <span class='ocr_line' id='line_1_11' title="bbox 74 1329 1600 1410; baseline -0.001 -14"><span class='ocrx_word' id='word_1_37' title='bbox 74 1329 220 1410; x_wconf 57' lang='lat' dir='ltr'>&#39;Quis</span> <span class='ocrx_word' id='word_1_38' title='bbox 253 1359 497 1408; x_wconf 81' lang='lat' dir='ltr'>unquam</span> <span class='ocrx_word' id='word_1_39' title='bbox 532 1343 876 1409; x_wconf 81' lang='lat' dir='ltr'>credidisset,</span> <span class='ocrx_word' id='word_1_40' title='bbox 912 1344 992 1392; x_wconf 85' lang='lat' dir='ltr'>mi</span> <span class='ocrx_word' id='word_1_41' title='bbox 1014 1342 1333 1395; x_wconf 80' lang='lat' dir='ltr'>charissime</span> <span class='ocrx_word' id='word_1_42' title='bbox 1360 1343 1600 1409; x_wconf 86' lang='lat' dir='ltr'>Simeon,</span> 
     </span>
     <span class='ocr_line' id='line_1_12' title="bbox 74 1413 1599 1498; baseline -0.001 -16"><span class='ocrx_word' id='word_1_43' title='bbox 74 1413 304 1498; x_wconf 45' lang='lat' dir='ltr'>{metam</span> <span class='ocrx_word' id='word_1_44' title='bbox 350 1431 543 1495; x_wconf 75' lang='lat' dir='ltr'>poete,</span> <span class='ocrx_word' id='word_1_45' title='bbox 591 1433 692 1479; x_wconf 78' lang='lat' dir='ltr'>aut</span> <span class='ocrx_word' id='word_1_46' title='bbox 736 1432 1009 1479; x_wconf 81' lang='lat' dir='ltr'>oratorem</span> <span class='ocrx_word' id='word_1_47' title='bbox 1056 1431 1264 1479; x_wconf 81' lang='lat' dir='ltr'>oratori</span> <span class='ocrx_word' id='word_1_48' title='bbox 1298 1429 1391 1480; x_wconf 83' lang='lat' dir='ltr'>vel</span> <span class='ocrx_word' id='word_1_49' title='bbox 1424 1430 1599 1480; x_wconf 86' lang='lat' dir='ltr'>fuisse</span> 
     </span>
     <span class='ocr_line' id='line_1_13' title="bbox 72 1505 1599 1579; baseline -0.001 -11"><span class='ocrx_word' id='word_1_50' title='bbox 72 1505 168 1568; x_wconf 63' lang='lat' dir='ltr'>‘rel</span> <span class='ocrx_word' id='word_1_51' title='bbox 207 1529 332 1564; x_wconf 87' lang='lat' dir='ltr'>esse</span> <span class='ocrx_word' id='word_1_52' title='bbox 373 1515 745 1564; x_wconf 81' lang='lat' dir='ltr'>contrarium?</span> <span class='ocrx_word' id='word_1_53' title='bbox 818 1513 962 1576; x_wconf 81' lang='lat' dir='ltr'>Quid</span> <span class='ocrx_word' id='word_1_54' title='bbox 999 1514 1251 1579; x_wconf 81' lang='lat' dir='ltr'>turpius?</span> <span class='ocrx_word' id='word_1_55' title='bbox 1288 1513 1423 1578; x_wconf 88' lang='lat' dir='ltr'>quid</span> <span class='ocrx_word' id='word_1_56' title='bbox 1456 1515 1599 1566; x_wconf 89' lang='lat' dir='ltr'>infe-</span> 
     </span>
     <span class='ocr_line' id='line_1_14' title="bbox 72 1581 1598 1665; baseline -0.002 -13"><span class='ocrx_word' id='word_1_57' title='bbox 72 1581 279 1652; x_wconf 71' lang='lat' dir='ltr'>⁷.icius⁴?</span> <span class='ocrx_word' id='word_1_58' title='bbox 318 1599 450 1662; x_wconf 85' lang='lat' dir='ltr'>quid</span> <span class='ocrx_word' id='word_1_59' title='bbox 487 1599 766 1650; x_wconf 82' lang='lat' dir='ltr'>abiectum</span> <span class='ocrx_word' id='word_1_60' title='bbox 800 1599 1001 1664; x_wconf 83' lang='lat' dir='ltr'>magis,</span> <span class='ocrx_word' id='word_1_61' title='bbox 1024 1614 1187 1663; x_wconf 81' lang='lat' dir='ltr'><strong>quam</strong></span> <span class='ocrx_word' id='word_1_62' title='bbox 1222 1601 1441 1664; x_wconf 87' lang='lat' dir='ltr'>proprio</span> <span class='ocrx_word' id='word_1_63' title='bbox 1476 1616 1598 1665; x_wconf 86' lang='lat' dir='ltr'>per-</span> 
     </span>
     <span class='ocr_line' id='line_1_15' title="bbox 75 1682 1596 1748; baseline -0.001 -11"><span class='ocrx_word' id='word_1_64' title='bbox 75 1684 279 1746; x_wconf 68' lang='lat' dir='ltr'>stringi</span> <span class='ocrx_word' id='word_1_65' title='bbox 316 1682 503 1746; x_wconf 84' lang='lat' dir='ltr'>gladio</span> <span class='ocrx_word' id='word_1_66' title='bbox 543 1687 598 1734; x_wconf 89' lang='lat' dir='ltr'>et</span> <span class='ocrx_word' id='word_1_67' title='bbox 634 1699 668 1734; x_wconf 80' lang='lat' dir='ltr'><strong>a</strong></span> <span class='ocrx_word' id='word_1_68' title='bbox 705 1685 820 1739; x_wconf 80' lang='lat' dir='ltr'>suis</span> <span class='ocrx_word' id='word_1_69' title='bbox 853 1684 1139 1748; x_wconf 84' lang='lat' dir='ltr'>insperato</span> <span class='ocrx_word' id='word_1_70' title='bbox 1179 1684 1475 1734; x_wconf 75' lang='lat' dir='ltr'>confundi?</span> <span class='ocrx_word' id='word_1_71' title='bbox 1548 1685 1596 1735; x_wconf 93' lang='grc' dir='ltr'>Ο</span> 
     </span>
     <span class='ocr_line' id='line_1_16' title="bbox 72 1766 1600 1831; baseline -0.001 -13"><span class='ocrx_word' id='word_1_72' title='bbox 72 1767 176 1818; x_wconf 78' lang='lat' dir='ltr'>&#39;nos</span> <span class='ocrx_word' id='word_1_73' title='bbox 215 1766 444 1816; x_wconf 87' lang='lat' dir='ltr'>miseros</span> <span class='ocrx_word' id='word_1_74' title='bbox 491 1770 659 1829; x_wconf 78' lang='lat' dir='ltr'>atque</span> <span class='ocrx_word' id='word_1_75' title='bbox 707 1766 964 1816; x_wconf 81' lang='lat' dir='ltr'>infelices</span> <span class='ocrx_word' id='word_1_76' title='bbox 1008 1767 1456 1831; x_wconf 77' lang='lat' dir='ltr'>Reuchlinistas,</span> <span class='ocrx_word' id='word_1_77' title='bbox 1504 1769 1600 1830; x_wconf 85' lang='lat' dir='ltr'>qui</span> 
     </span>
     <span class='ocr_line' id='line_1_17' title="bbox 71 1849 1599 1914; baseline -0.001 -14"><span class='ocrx_word' id='word_1_78' title='bbox 71 1850 336 1904; x_wconf 75' lang='lat' dir='ltr'>sedentes</span> <span class='ocrx_word' id='word_1_79' title='bbox 372 1849 428 1897; x_wconf 91' lang='lat' dir='ltr'>in</span> <span class='ocrx_word' id='word_1_80' title='bbox 463 1849 710 1899; x_wconf 85' lang='lat' dir='ltr'>tenebris</span> <span class='ocrx_word' id='word_1_81' title='bbox 745 1854 802 1899; x_wconf 86' lang='lat' dir='ltr'>et</span> <span class='ocrx_word' id='word_1_82' title='bbox 836 1851 894 1899; x_wconf 89' lang='lat' dir='ltr'>in</span> <span class='ocrx_word' id='word_1_83' title='bbox 927 1850 1123 1901; x_wconf 81' lang='lat' dir='ltr'>umbra</span> <span class='ocrx_word' id='word_1_84' title='bbox 1157 1853 1376 1914; x_wconf 86' lang='lat' dir='ltr'>mortis,</span> <span class='ocrx_word' id='word_1_85' title='bbox 1423 1853 1599 1902; x_wconf 84' lang='lat' dir='ltr'>multa</span> 
     </span>
     <span class='ocr_line' id='line_1_18' title="bbox 71 1932 1598 1999; baseline 0.001 -15"><span class='ocrx_word' id='word_1_86' title='bbox 71 1935 240 1987; x_wconf 86' lang='lat' dir='ltr'>nobis</span> <span class='ocrx_word' id='word_1_87' title='bbox 278 1948 346 1981; x_wconf 81' lang='lat' dir='ltr'>ac</span> <span class='ocrx_word' id='word_1_88' title='bbox 381 1937 568 1999; x_wconf 74' lang='lat' dir='ltr'>nostre</span> <span class='ocrx_word' id='word_1_89' title='bbox 603 1932 826 1985; x_wconf 80' lang='lat' dir='ltr'>tandem</span> <span class='ocrx_word' id='word_1_90' title='bbox 859 1935 1197 1999; x_wconf 74' lang='lat' dir='ltr'>professioni</span> <span class='ocrx_word' id='word_1_91' title='bbox 1234 1935 1470 1987; x_wconf 81' lang='lat' dir='ltr'>adversa.</span> <span class='ocrx_word' id='word_1_92' title='bbox 1504 1953 1598 1986; x_wconf 84' lang='lat' dir='ltr'>ex-</span> 
     </span>
     <span class='ocr_line' id='line_1_19' title="bbox 71 2015 1598 2090; baseline 0 -21"><span class='ocrx_word' id='word_1_93' title='bbox 71 2019 333 2090; x_wconf 63' lang='lat' dir='ltr'>perimur.</span> <span class='ocrx_word' id='word_1_94' title='bbox 430 2015 744 2081; x_wconf 81' lang='lat' dir='ltr'>Campanus</span> <span class='ocrx_word' id='word_1_95' title='bbox 806 2019 949 2068; x_wconf 86' lang='lat' dir='ltr'>enim</span> <span class='ocrx_word' id='word_1_96' title='bbox 1014 2016 1129 2081; x_wconf 88' lang='lat' dir='ltr'>(hei</span> <span class='ocrx_word' id='word_1_97' title='bbox 1184 2019 1346 2082; x_wconf 86' lang='lat' dir='ltr'>mihi,</span> <span class='ocrx_word' id='word_1_98' title='bbox 1403 2034 1598 2070; x_wconf 83' lang='lat' dir='ltr'>vereor</span> 
     </span>
     <span class='ocr_line' id='line_1_20' title="bbox 71 2100 1597 2168; baseline -0.003 -10"><span class='ocrx_word' id='word_1_99' title='bbox 71 2100 346 2167; x_wconf 68' lang='lat' dir='ltr'>seribere)</span> <span class='ocrx_word' id='word_1_100' title='bbox 391 2103 452 2152; x_wconf 89' lang='lat' dir='ltr'>in</span> <span class='ocrx_word' id='word_1_101' title='bbox 504 2117 608 2152; x_wconf 81' lang='lat' dir='ltr'>sua</span> <span class='ocrx_word' id='word_1_102' title='bbox 653 2101 725 2153; x_wconf 80' lang='lat' dir='ltr'>ad</span> <span class='ocrx_word' id='word_1_103' title='bbox 771 2101 1124 2152; x_wconf 76' lang='lat' dir='ltr'>cardinalem</span> <span class='ocrx_word' id='word_1_104' title='bbox 1170 2102 1439 2168; x_wconf 81' lang='lat' dir='ltr'>epistola,</span> <span class='ocrx_word' id='word_1_105' title='bbox 1498 2116 1597 2154; x_wconf 84' lang='lat' dir='ltr'>nos</span> 
     </span>
     <span class='ocr_line' id='line_1_21' title="bbox 71 2184 1599 2252; baseline -0.005 -8"><span class='ocrx_word' id='word_1_106' title='bbox 71 2192 313 2244; x_wconf 77' lang='lat' dir='ltr'>r‘ortasse</span> <span class='ocrx_word' id='word_1_107' title='bbox 351 2187 638 2238; x_wconf 83' lang='lat' dir='ltr'>Obscuros</span> <span class='ocrx_word' id='word_1_108' title='bbox 682 2187 740 2236; x_wconf 85' lang='lat' dir='ltr'>in</span> <span class='ocrx_word' id='word_1_109' title='bbox 786 2186 989 2252; x_wconf 88' lang='lat' dir='ltr'>spiritu</span> <span class='ocrx_word' id='word_1_110' title='bbox 1022 2184 1406 2252; x_wconf 59' lang='lat' dir='ltr'>redarguenss</span> <span class='ocrx_word' id='word_1_111' title='bbox 1436 2187 1599 2250; x_wconf 77' lang='lat' dir='ltr'>‘Quid</span> 
     </span>
     <span class='ocr_line' id='line_1_22' title="bbox 71 2269 1595 2337; baseline -0.001 -13"><span class='ocrx_word' id='word_1_112' title='bbox 71 2275 220 2328; x_wconf 63' lang='lat' dir='ltr'>anim</span> <span class='ocrx_word' id='word_1_113' title='bbox 256 2270 414 2326; x_wconf 78' lang='lat' dir='ltr'>dolus</span> <span class='ocrx_word' id='word_1_114' title='bbox 453 2269 676 2336; x_wconf 84' lang='lat' dir='ltr'>(inquit)</span> <span class='ocrx_word' id='word_1_115' title='bbox 705 2273 816 2322; x_wconf 86' lang='lat' dir='ltr'>nisi</span> <span class='ocrx_word' id='word_1_116' title='bbox 849 2275 1139 2337; x_wconf 84' lang='lat' dir='ltr'>poetarum</span> <span class='ocrx_word' id='word_1_117' title='bbox 1172 2271 1465 2322; x_wconf 79' lang='lat' dir='ltr'>mendacia</span> <span class='ocrx_word' id='word_1_118' title='bbox 1502 2273 1595 2323; x_wconf 83' lang='lat' dir='ltr'>ab·</span> 
     </span>
     <span class='ocr_line' id='line_1_23' title="bbox 71 2355 1599 2422; baseline -0.005 -8"><span class='ocrx_word' id='word_1_119' title='bbox 71 2357 242 2414; x_wconf 81' lang='lat' dir='ltr'>mrda</span> <span class='ocrx_word' id='word_1_120' title='bbox 279 2359 338 2406; x_wconf 85' lang='lat' dir='ltr'>et</span> <span class='ocrx_word' id='word_1_121' title='bbox 359 2356 625 2420; x_wconf 82' lang='lat' dir='ltr'>venefica,</span> <span class='ocrx_word' id='word_1_122' title='bbox 652 2357 854 2420; x_wconf 85' lang='lat' dir='ltr'>quibus</span> <span class='ocrx_word' id='word_1_123' title='bbox 878 2355 1194 2406; x_wconf 82' lang='lat' dir='ltr'>mulcentur</span> <span class='ocrx_word' id='word_1_124' title='bbox 1218 2371 1399 2422; x_wconf 81' lang='lat' dir='ltr'>aures,</span> <span class='ocrx_word' id='word_1_125' title='bbox 1428 2358 1599 2408; x_wconf 79' lang='lat' dir='ltr'>animi</span> 
     </span>
     <span class='ocr_line' id='line_1_24' title="bbox 71 2437 1597 2508; baseline -0.003 -11"><span class='ocrx_word' id='word_1_126' title='bbox 71 2437 430 2508; x_wconf 73' lang='lat' dir='ltr'>licipiuntu’r.</span> <span class='ocrx_word' id='word_1_127' title='bbox 501 2439 588 2490; x_wconf 89' lang='lat' dir='ltr'>An</span> <span class='ocrx_word' id='word_1_128' title='bbox 639 2442 820 2506; x_wconf 87' lang='lat' dir='ltr'>possit</span> <span class='ocrx_word' id='word_1_129' title='bbox 873 2442 1167 2506; x_wconf 82' lang='lat' dir='ltr'>quisquam</span> <span class='ocrx_word' id='word_1_130' title='bbox 1223 2456 1332 2490; x_wconf 90' lang='lat' dir='ltr'>non</span> <span class='ocrx_word' id='word_1_131' title='bbox 1374 2441 1504 2492; x_wconf 76' lang='lat' dir='ltr'>falli</span> <span class='ocrx_word' id='word_1_132' title='bbox 1548 2443 1597 2492; x_wconf 90' lang='lat' dir='ltr'>si</span> 
     </span>
     <span class='ocr_line' id='line_1_25' title="bbox 71 2526 1597 2596; baseline -0.003 -16"><span class='ocrx_word' id='word_1_133' title='bbox 71 2532 268 2596; x_wconf 55' lang='lat' dir='ltr'>poetas</span> <span class='ocrx_word' id='word_1_134' title='bbox 307 2528 578 2589; x_wconf 84' lang='lat' dir='ltr'>sectetur,</span> <span class='ocrx_word' id='word_1_135' title='bbox 627 2526 722 2589; x_wconf 85' lang='lat' dir='ltr'>qui</span> <span class='ocrx_word' id='word_1_136' title='bbox 753 2541 866 2576; x_wconf 91' lang='lat' dir='ltr'>non</span> <span class='ocrx_word' id='word_1_137' title='bbox 901 2527 1361 2592; x_wconf 78' lang='lat' dir='ltr'>investigatoreS,</span> <span class='ocrx_word' id='word_1_138' title='bbox 1406 2526 1501 2579; x_wconf 83' lang='lat' dir='ltr'>sed</span> <span class='ocrx_word' id='word_1_139' title='bbox 1540 2531 1597 2577; x_wconf 88' lang='lat' dir='ltr'>et</span> 
     </span>
     <span class='ocr_line' id='line_1_26' title="bbox 71 2611 1594 2674; baseline -0.001 -10"><span class='ocrx_word' id='word_1_140' title='bbox 71 2611 400 2666; x_wconf 82' lang='lat' dir='ltr'>:onfictores</span> <span class='ocrx_word' id='word_1_141' title='bbox 448 2615 616 2674; x_wconf 83' lang='lat' dir='ltr'>atque</span> <span class='ocrx_word' id='word_1_142' title='bbox 661 2611 979 2662; x_wconf 82' lang='lat' dir='ltr'>inventores</span> <span class='ocrx_word' id='word_1_143' title='bbox 1024 2611 1249 2661; x_wconf 87' lang='lat' dir='ltr'>fuerunt</span> <span class='ocrx_word' id='word_1_144' title='bbox 1282 2611 1594 2662; x_wconf 83' lang='lat' dir='ltr'>mendacio·</span> 
     </span>
    </p>
   </div>
   <div class='ocr_carea' id='block_1_6' title="bbox 71 2694 1591 2830">
    <p class='ocr_par' dir='ltr' id='par_1_10' title="bbox 71 2694 1591 2830">
     <span class='ocr_line' id='line_1_27' title="bbox 71 2694 1591 2759; baseline -0.001 -11"><span class='ocrx_word' id='word_1_145' title='bbox 71 2698 222 2748; x_wconf 84' lang='lat' dir='ltr'><strong>·um?</strong></span> <span class='ocrx_word' id='word_1_146' title='bbox 294 2694 380 2743; x_wconf 85' lang='lat' dir='ltr'>An</span> <span class='ocrx_word' id='word_1_147' title='bbox 437 2711 559 2748; x_wconf 86' lang='lat' dir='ltr'>esse</span> <span class='ocrx_word' id='word_1_148' title='bbox 604 2711 716 2746; x_wconf 86' lang='lat' dir='ltr'>non</span> <span class='ocrx_word' id='word_1_149' title='bbox 759 2696 1034 2759; x_wconf 83' lang='lat' dir='ltr'>lascivus,</span> <span class='ocrx_word' id='word_1_150' title='bbox 1090 2699 1141 2746; x_wconf 87' lang='lat' dir='ltr'>si</span> <span class='ocrx_word' id='word_1_151' title='bbox 1182 2697 1330 2746; x_wconf 84' lang='lat' dir='ltr'>inter</span> <span class='ocrx_word' id='word_1_152' title='bbox 1372 2696 1591 2748; x_wconf 86' lang='lat' dir='ltr'>illorum</span> 
     </span>
     <span class='ocr_line' id='line_1_28' title="bbox 1185 2778 1291 2830; baseline 0 0"><span class='ocrx_word' id='word_1_153' title='bbox 1185 2778 1291 2830; x_wconf 75' lang='lat'>19*</span> 
     </span>
    </p>
   </div>
  </div>
 </body>
</html>
