1942 3109
391 207 517 240 von.
557 207 594 239 1.
667 199 708 239 4.
751 201 997 238 tonnus
1034 202 1493 240 curnis-usone.
1642 188 1701 240 11

917 407 977 465 4.

214 508 617 596 Magister
671 511 1027 574 Ioannes
1076 507 1671 577 Cantrifusoris

479 617 812 682 Magistro
851 614 1140 666 Ortvino
1178 615 1411 666 Gratio

185 737 438 787 Salutem
465 734 780 786 cordialem.
818 735 1171 785 Venerabilis
1188 734 1401 786 domine
1418 736 1700 801 magister,

189 821 670 884 quoniamquidem
706 836 839 888 sepe
875 820 1241 871 tractavimus
1268 820 1411 872 tales
1438 821 1697 872 levitates

187 907 256 956 ad
302 907 568 969 invicem,
623 910 682 956 et
717 906 850 969 quia
886 921 996 954 non
1034 909 1119 954 est
1154 921 1284 954 cura
1320 906 1477 956 vobis
1512 907 1559 955 si
1596 907 1699 956 ali-

187 993 312 1054 quis
367 991 572 1040 dixerit
625 991 786 1040 vobis
841 1005 1007 1040 unam
1062 990 1359 1041 fantasiam
1406 991 1553 1040 sicut
1598 1007 1698 1055 ego

185 1091 334 1124 nunc
372 1075 616 1138 intende,
655 1079 946 1140 propterea
982 1089 1095 1124 non
1128 1075 1285 1124 timui
1320 1075 1463 1139 quod
1486 1076 1701 1126 tollatis

191 1161 248 1208 in
281 1161 482 1209 malam
515 1162 730 1224 partem
757 1159 900 1222 quod
923 1160 1163 1210 scribam
1186 1161 1343 1210 vobis
1367 1175 1511 1210 nune
1534 1177 1699 1210 unam

189 1245 624 1308 cavillationem,
663 1245 797 1308 quia
830 1259 930 1294 vos
955 1239 1125 1294 etiam'
1149 1245 1339 1296 facitis
1363 1245 1571 1296 taliter.
1627 1245 1701 1294 Et

183 1345 286 1381 vos
319 1329 596 1391 ridebitis,
633 1345 734 1393 ego
761 1329 900 1390 scio,
926 1330 1059 1392 quia
1084 1334 1167 1379 est
1190 1331 1443 1380 mirabile
1468 1331 1694 1380 factum.

184 1416 318 1465 Fuit
361 1415 454 1463 hic
487 1428 662 1478 nuper
697 1413 918 1477 quidam
951 1413 1019 1463 de
1054 1413 1243 1464 ordine
1280 1415 1699 1480 predicatorum,

187 1509 244 1550 et
279 1501 391 1550 fuit
425 1499 564 1548 satis
599 1498 902 1562 profundus
927 1499 986 1546 in
1012 1499 1331 1565 Theologia,
1370 1503 1427 1549 et
1446 1500 1554 1549 fuit
1574 1515 1698 1563 spe-

189 1585 494 1646 culativas,
533 1587 590 1632 et
612 1583 808 1632 habuit
831 1584 999 1633 etiam
1023 1584 1223 1634 multos
1247 1585 1512 1634 fautores.
1570 1585 1699 1647 Ipse

187 1673 430 1720 vocatur
451 1668 696 1717 dominus
721 1669 1009 1733 Georgius.
1046 1671 1103 1718 et
1124 1670 1352 1733 primum
1370 1669 1479 1719 ‘fuit
1495 1669 1699 1730 Hallis‚

187 1753 390 1804 deinde
435 1754 587 1802 venit
621 1752 753 1816 huc,
805 1757 862 1803 et
896 1751 1202 1821 predicavit
1234 1755 1374 1804 bene
1410 1769 1507 1820 per
1542 1755 1699 1804 dimi-

189 1840 340 1889 dium
375 1853 604 1902 annum,
643 1838 700 1887 in
737 1853 981 1888 sermone
1018 1852 1114 1888 suo
1150 1839 1551 1904 reprehendens
1588 1855 1697 1888 om-

190 1940 288 1974 nes
323 1924 598 1986 homines,
639 1925 806 1972 etiam
841 1923 1146 1987 principem
1181 1927 1237 1973 et
1272 1939 1399 1974 suos
1432 1923 1696 1974 vasallos.

192 2008 300 2059 Sed
333 2011 391 2058 in
429 2007 728 2058 collatione
762 2007 872 2057 fuit
903 2007 1131 2070 socialis
1166 2010 1222 2056 et
1254 2007 1365 2074 lete
1390 2010 1607 2075 mentis,
1644 2015 1701 2059 et

192 2095 336 2143 bibit
381 2109 502 2142 cum
547 2092 718 2142 sociis
763 2090 834 2140 ad
879 2089 1131 2142 dimidios
1178 2096 1233 2142 et
1280 2091 1347 2140 ad
1383 2097 1543 2143 totos.
1602 2093 1698 2144 sed

194 2193 403 2243 semper
436 2176 658 2240 quando
695 2175 759 2226 de
795 2191 916 2225 sero
949 2177 1095 2226 bibit
1126 2177 1427 2242 nobiscum,
1464 2182 1595 2228 tunc
1630 2178 1697 2227 de

193 2278 349 2312 mane
402 2260 714 2327 predicavit
759 2259 824 2310 de
862 2259 1046 2324 nobis,
1095 2261 1316 2311 dicens:
1364 2261 1469 2311 ‘Ita
1504 2263 1699 2312 sedent

191 2348 442 2412 magistri
501 2347 562 2394 in
618 2346 726 2394 hac
783 2346 1149 2395 universitate
1200 2359 1317 2394 cum
1367 2348 1481 2397 suis
1529 2348 1697 2398 sociis
1763 2366 1768 2372 ·

193 2449 288 2496 per
311 2436 490 2482 totam
513 2435 731 2480 noctem
755 2429 1029 2491 bibentes,
1065 2429 1340 2492 ludentes,
1364 2435 1432 2499 ¹et
1453 2435 1700 2478 tractan-

193 2522 274 2566 tes
318 2517 628 2566 levitatem.
689 2517 746 2562 et
787 2513 897 2574 ipsi
941 2511 1205 2560 deberent
1249 2526 1342 2559 eos
1387 2511 1455 2556 de
1498 2510 1709 2556 talibus

197 2599 518 2659 emendare,
573 2602 706 2644 tunc
751 2595 858 2656 ipsi
905 2594 1215 2655 incipiunt'.
1298 2593 1355 2638 et
1399 2603 1530 2652 sepe
1576 2583 1718 2631 feeit

199 2685 332 2732 mihi
364 2679 778 2732 verecundiam.
849 2676 923 2723 Et
957 2675 1041 2722 fui
1078 2675 1253 2720 iratus
1279 2681 1443 2728 super
1480 2676 1628 2715 eum,
1666 2657 1727 2700 et
