1942 3109
194 226 511 276 ssnnuner,
537 225 753 263 Ancum
776 226 847 262 Μ·
870 226 1148 264 enseonu
1171 228 1328 263 cons.
1350 226 1426 263 An
1447 230 1576 265 cns.
1649 214 1716 267 55

194 332 583 398 imperfectum
616 331 957 395 relinquere,
1017 346 1184 396 quum
1231 334 1350 383 eius
1385 334 1714 385 intercessio

194 420 325 481 post
356 421 471 465 tam
508 417 805 481 gloriosum
842 416 1177 481 principium
1225 416 1446 467 cederet
1490 420 1547 467 in
1591 435 1715 483 per-

195 504 421 565 petuam
455 500 769 566 infamiam,
805 501 1186 567 vilipendium,
1225 517 1294 553 ac
1329 501 1587 566 derisum,
1624 502 1718 553 de-

196 586 652 651 rogationemque
687 602 797 636 non
843 590 1060 637 tantum
1111 590 1294 653 vestre
1349 587 1715 655 invictissime

198 668 437 739 Cesaree
488 672 805 736 maiestati,
866 670 976 721 Sed
1036 676 1093 723 et
1149 673 1322 722 totius
1377 686 1538 737 sacre
1592 670 1720 721 fidei

198 756 503 824 christiane
553 756 698 819 apud
741 757 949 821 levem,
1009 770 1215 806 vanum
1273 770 1342 805 ac
1390 755 1720 819 contempti-

194 840 363 890 bilem
398 839 692 907 Iudeorum
726 842 1016 906 populum,
1054 840 1204 891 haud
1239 839 1462 891 dubium
1501 840 1713 890 confor-

195 926 345 973 taret
379 923 695 975 huiusmodi
729 926 1058 975 intercessio
1094 927 1154 975 in
1189 941 1290 976 sua
1316 925 1601 976 obstinata
1628 940 1717 991 ce-

198 1008 368 1059 citate
404 1008 542 1057 Eius
580 1012 766 1059 autem
810 1010 1198 1074 persequutio,
1236 1010 1354 1059 sine
1393 1009 1538 1059 omni
1571 1010 1718 1075 hesi-

194 1092 407 1145 tatione
446 1094 812 1159 omnipotenti
862 1093 963 1143 deo
1011 1093 1360 1159 gratissima,
1417 1092 1721 1143 cumulabit

196 1168 373 1229 eidem
402 1183 591 1245 vestre
630 1178 869 1245 cesaree
914 1179 1202 1228 maiestati
1248 1181 1498 1244 eternum
1545 1181 1601 1227 et
1635 1179 1718 1227 in-

200 1263 591 1314 commutabile
626 1263 891 1329 premium
927 1263 988 1311 in
1025 1263 1324 1329 eternitate
1349 1262 1721 1312 Promerebit-

194 1362 303 1411 que
360 1346 539 1397 eidem
580 1346 875 1399 victoriam
923 1350 1116 1397 contra
1170 1346 1426 1398 inimicos
1485 1362 1615 1397 suos
1659 1347 1720 1396 in

193 1436 468 1497 tempore,
515 1433 825 1496 bonamque
869 1434 1076 1483 famam
1118 1432 1177 1481 in
1211 1436 1536 1498 perpetuum
1571 1432 1719 1498 apud

194 1518 461 1569 homines.
1479 1566 1489 1570 -

664 1602 1018 1654 Hieronimus
1088 1602 1156 1652 de
1219 1602 1472 1653 leonibus
1533 1603 1716 1653 dictus

596 1686 879 1737 baldunck
906 1698 1074 1753 'sacre
1112 1688 1390 1754 theologie
1437 1688 1720 1751 professor

602 1773 803 1821 artium
830 1776 885 1822 et
908 1770 1306 1822 medicinarum
1331 1770 1522 1821 doctor
1549 1770 1718 1837 Cesa-

601 1856 677 1903 ris
718 1856 1072 1905 consiliarius
1110 1872 1178 1905 ac
1215 1855 1556 1921 apostolicus
1593 1870 1718 1919 pro-

602 1937 951 1987 thonotarius
987 1954 1156 1987 manu
1189 1940 1414 2001 propria.
1441 1940 1682 2002 scripsit.

667 2022 914 2087 Angelus
955 2037 1044 2071 .u.
1115 2022 1252 2070 iuris
1320 2020 1512 2071 doctor
1562 2020 1720 2087 Alme

603 2106 986 2157 universitatis
998 2106 1388 2172 Friburgensis
1409 2104 1720 2155 ordinarius

602 2192 780 2243 lector
813 2206 981 2241 manu
1016 2191 1243 2256 propria
1279 2189 1524 2254 scripsit.

668 2278 839 2327 Pater
862 2276 1164 2342 Gregorius
1189 2276 1344 2341 prior
1368 2273 1556 2325 domus
1585 2273 1720 2325 Car·

602 2361 905 2411 thusiensis
930 2376 1098 2425 prope
1123 2360 1554 2424 Friburgensem
1581 2360 1720 2409 civi-

603 2450 776 2497 tatem
811 2461 979 2495 manu
1013 2446 1236 2510 propria
1273 2444 1514 2509 scripsit.
1547 2441 1556 2505 Ι

292 2612 343 2669 (l
367 2618 449 2670 Ab
476 2619 597 2669 istis
622 2616 891 2685 predictis
914 2615 1093 2665 tribus
1121 2614 1459 2665 consultatio
1477 2612 1692 2661 Reuch-
1709 2612 1854 2679 (341³)

200 2704 283 2753 lin
315 2718 426 2752 non
470 2703 648 2753 solum
693 2705 781 2753 est
822 2702 1035 2750 reiecta
1081 2714 1149 2751 ac
1183 2698 1399 2749 inutilis
1434 2698 1718 2759 reputata,

1939 2781 1942 2883 A
