1942 3109
205 225 208 229 ’
230 221 327 273 172
403 235 695 272 anemonae
719 232 1087 270 onscvnonvu
1112 231 1366 270 vmonvu
1390 231 1570 268 nova.

225 341 584 405 supponitur,
622 339 673 390 si
709 337 948 390 comedit
970 353 1200 403 porcas,
1238 336 1383 400 quod
1406 338 1579 388 etiam
1608 353 1756 390 com·

227 425 342 476 edit
366 423 470 477 illa
499 423 770 492 que-fiunt
805 424 872 474 de
908 423 1130 488 porcis'.
1199 422 1359 474 Dixit
1392 423 1545 487 ipse:
1583 420 1756 475 ‘Bene

229 509 542 561 excusastis
579 509 884 560 Iohannem
916 507 1305 571 Pfefferkorn',
1352 512 1408 558 et
1442 507 1755 573 interroga—

224 594 332 657 vit,
381 595 430 644 si
475 593 646 645 etiam
691 592 872 644 adhuc
917 593 1091 644 habet
1135 593 1327 644 ambas
1381 607 1565 644 aures.
1646 592 1755 644 Re-

225 677 424 743 spondi
459 677 607 742 quod
643 677 861 740 quando
901 692 1003 742 ego
1038 676 1222 728 adhuc
1246 677 1331 726 fui
1354 675 1616 742 colonie,
1653 677 1754 728 ha-

227 763 376 826 buit,
415 766 472 812 et
508 759 668 829 credo
707 760 851 824 quod
889 762 1058 811 etiam
1095 761 1205 810 iam
1240 761 1417 815 habet,
1440 765 1495 811 et
1518 761 1755 814 habebit

223 847 283 896 in
331 850 597 913 eternum.
679 846 838 896 Tunc
881 845 1046 896 dixit:
1105 843 1256 909 ‘quid
1300 847 1505 896 tenetis
1552 845 1620 896 de
1666 847 1753 897 Io-

227 931 412 981 hanne
446 929 772 982 Reuchlin‘?'
809 930 943 982 Dixi
980 929 1126 994 quod
1162 944 1271 981 non
1304 931 1437 980 novi
1472 946 1615 994 eum,
1651 930 1750 982 sed

225 1017 344 1068 scio
379 1017 522 1068 bene
559 1014 706 1078 quod
741 1014 1013 1080 Theologi
1058 1019 1115 1064 et
1148 1014 1411 1066 Ecclesia
1459 1015 1754 1066 communi-

226 1105 312 1152 ter
356 1099 566 1150 habent
609 1114 735 1152 eum
779 1114 877 1164 pro
922 1093 1201 1167 heretico,
1259 1099 1393 1163 quia
1438 1099 1759 1151 criminavit

224 1185 528 1236 Iohannem
581 1183 935 1234 Pfefferkorn
990 1187 1047 1234 et
1091 1183 1233 1233 alios
1276 1185 1757 1250 prestantissimos

225 1268 406 1330 viros,
474 1265 644 1320 nullis
713 1261 921 1316 eorum'
968 1267 1395 1334 procedentibus
1454 1267 1755 1320 demeritis.

227 1353 384 1402 Tunc
419 1351 544 1402 risit
579 1353 636 1400 et
671 1349 837 1403 dixit:
875 1348 1003 1402 ‘Per
1026 1350 1214 1416 deum,
1250 1367 1349 1402 vos
1373 1353 1515 1404 bene
1542 1353 1758 1418 facitiS,

232 1437 365 1500 quia
409 1435 710 1486 defenditis
755 1434 1060 1487 Iohannem
1107 1435 1459 1487 Pfefferkorn
1506 1441 1565 1488 et
1612 1438 1757 1488 alios

229 1519 704 1587 praestantissimos
729 1520 918 1572 viros'.
980 1520 1135 1570 Tunc
1158 1518 1301 1570 dixi:
1340 1519 1619 1572 ‘Audiatis
1658 1522 1756 1572 ad·

225 1605 336 1656 huc
380 1604 532 1668 pluet
591 1603 696 1653 Ille
741 1602 1095 1654 Pfefferkorn
1152 1607 1237 1654 est
1280 1603 1446 1656 valde
1492 1606 1653 1656 utilis
1698 1608 1757 1656 in

229 1689 494 1741 Ecclesia
531 1687 648 1750 dei,
689 1688 822 1750 quia
858 1687 1063 1741 obtulit
1098 1687 1200 1739 deo
1240 1703 1360 1740 .x11.
1398 1689 1657 1754 Animas,
1693 1695 1761 1741 ut

227 1774 463 1838 ipsemet
482 1772 724 1837 ‚ingenue
751 1773 998 1822 fatetur’.
1056 1771 1365 1836 Respondit
1390 1773 1582 1825 doctor
1606 1775 1755 1826 Mur-

225 1875 354 1910 ner:
392 1857 524 1908 ‘Ubi
559 1856 764 1910 obtulit
799 1856 900 1906 deo
936 1856 1069 1908 illas
1096 1857 1349 1908 animas?
1385 1859 1450 1909 In
1476 1858 1623 1909 silva
1646 1860 1756 1911 Bo-

177 1945 180 1948 ’
229 1942 483 1994 hemica?
521 1941 656 2004 quia
691 1941 930 1990 fortasse
967 1941 1049 1992 ibi
1092 1957 1215 1992 cum
1262 1942 1393 1992 aliis
1441 1942 1757 1994 latronibus

221 2026 516 2078 interfecit
561 2025 836 2089 homineS,
885 2040 1114 2090 quornm
1156 2026 1339 2092 anime
1386 2033 1759 2090 pervenerunt

229 2110 301 2162 ad
335 2111 532 2162 deum'.
601 2109 911 2176 Respondi:
950 2109 1136 2161 ‘Nullo
1170 2110 1354 2174 modo,
1392 2111 1489 2162 sed
1527 2127 1757 2164 conver-

227 2195 392 2246 tendo
449 2210 543 2246 eos
599 2194 670 2244 ad
725 2193 884 2244 fidem
939 2193 1351 2246 Christianam'.
1432 2197 1589 2246 Tunc
1634 2197 1755 2261 ipse

226 2280 398 2330 dixit:
445 2277 726 2342 Quomodo
771 2283 906 2328 tunc
951 2280 1112 2330 scitis
1169 2277 1314 2343 quod
1368 2279 1513 2330 tales
1572 2281 1753 2346 anime

227 2368 600 2430 pervenerunt
636 2362 706 2412 ad
741 2363 954 2414 deum?
991 2362 1295 2428 Respondi,
1334 2363 1479 2426 quod
1514 2365 1605 2428 pie
1631 2380 1755 2431 pre·

229 2447 552 2513 sumendum
599 2451 701 2499 est.
772 2437 1079 2514 Respondit
1112 2447 1364 2498 Mamer:
1414 2446 1581 2511 ‘Quid
1624 2464 1755 2514 ergo

227 2548 374 2585 nunc
409 2533 554 2584 facit
587 2532 991 2584 Pfefferkorn?'
1026 2534 1160 2583 Dixi
1196 2533 1341 2596 quod
1374 2533 1619 2584 fortasse
1654 2548 1756 2584 va-

227 2619 310 2668 dit
347 2617 417 2668 ad
451 2617 768 2668 Ecclesiam
803 2616 1079 2669 audiendo
1112 2618 1313 2668 missas
1352 2621 1407 2668 et
1450 2633 1755 2682 sermones,

229 2707 286 2754 et
321 2701 662 2754 defendendo
697 2717 757 2752 se
796 2705 989 2752 eontra
1022 2702 1323 2753 Iohannem
1348 2701 1623 2752 Reuchlin
1660 2718 1756 2752 ex-
