1942 3109
210 194 273 243 10
462 208 749 243 EPISTOLAE
786 208 1150 243 onscvnonvn
1185 208 1454 243 vmonvu.

208 314 361 363 Tune
407 312 503 361 ille
550 316 715 377 poeta
761 312 871 361 fuit
914 313 1092 375 iratus
1127 327 1289 376 super
1323 327 1434 374 me,
1482 314 1538 359 et
1571 310 1714 359 dixit

209 398 351 461 quod
394 398 650 447 fecissem
693 385 957 446 rumorem
1005 398 1061 447 in
1107 396 1261 447 domo
1298 401 1424 459 s'ua,
1473 400 1528 444 et
1573 395 1714 445 dixit

210 482 351 546 quod
386 482 635 531 deberem
672 483 819 531 exire
857 480 923 531 de
958 481 1114 532 domo
1151 483 1330 531 suain
1353 468 1566 531 nomine
1593 480 1714 532 dia-

208 567 341 617 boli.
380 568 533 617 Tunc
572 583 671 632 ego
698 566 984 632 respondi:
1022 566 1184 629 ‘Quid
1209 571 1340 616 tunc
1365 571 1466 629 est,
1504 566 1553 615 si
1578 568 1714 615 estis

209 653 461 701 inimicus
498 654 684 701 meus?
722 668 821 717 ego
857 653 997 701 bene
1033 652 1201 701 habui
1235 653 1312 701 ita
1337 652 1510 700 malos
1534 652 1716 715 inimi-

214 752 305 787 cos
365 737 509 787 sieut
551 752 649 787 vos
698 738 859 799 (aetia,
918 741 976 787 et
1020 741 1204 787 tamen
1250 737 1428 786 mansi
1471 752 1566 802 pre
1615 737 1714 785 eis,

214 820 357 884 Quid
392 826 524 871 tunc
562 826 647 871 est
680 823 847 871 etiam
882 822 931 871 si
966 822 1100 872 estis
1125 824 1325 885 poeta?
1393 822 1717 887 Ego-habeo

139 971 146 977 ι
212 910 381 955 etiam
427 910 621 971 poetas
668 908 763 970 qui
808 910 935 955 sunt
981 907 1146 956 amici
1181 907 1286 957 mei
1323 910 1380 957 et
1413 910 1542 956 sunt
1575 907 1716 956 bene

211 991 291 1039 ita
318 992 446 1042 boni
472 992 618 1041 siout
640 1006 765 1042 vos:
794 1007 893 1056 ego
917 992 1058 1041 bene
1083 991 1381 1041 merdarem
1399 992 1456 1040 in
1473 994 1716 1041 vestram

210 1078 493 1140 poeti-iam.
568 1077 710 1139 Quid
748 1076 1003 1126 creditis?
1039 1078 1247 1141 putatis
1284 1076 1426 1140 quod
1461 1092 1562 1141 ego
1597 1091 1718 1125 sum

212 1162 435 1224 stultae,
469 1161 560 1213 vel
597 1160 739 1225 quod
776 1176 892 1210 sum
927 1165 1091 1211 natus
1115 1177 1278 1226 super
1301 1162 1548 1211 arborem
1571 1160 1720 1209 sieut

213 1248 425 1311 poma?'
474 1248 653 1295 ‚Tune
686 1246 908 1296 vocavit
942 1260 1026 1295 me
1063 1246 1293 1308 asinum,
1331 1250 1386 1295 et
1409 1245 1548 1294 dixit
1571 1244 1719 1308 quod

215 1347 315 1395 ego
359 1345 638 1394 nunquam
671 1329 785 1379 vidi
820 1344 985 1379 unum
1021 1333 1256 1394 poetam.
1325 1330 1400 1379 Et
1433 1346 1534 1394 ego
1571 1329 1716 1379 dixi:

216 1415 295 1466 ‘tu
340 1420 450 1465 met
496 1431 553 1465 es
598 1416 787 1464 asinus
831 1414 889 1463 in
936 1418 1060 1464 oute
1108 1418 1231 1463 tua:
1283 1430 1382 1479 ego
1429 1414 1543 1464 vidi
1576 1415 1717 1463 bene

211 1502 398 1565 'plures
442 1503 642 1564 poetas
678 1514 841 1563 quam
874 1501 980 1559 tu’;
1029 1503 1085 1549 et
1117 1498 1232 1549 dixi
1267 1500 1332 1549 de
1365 1499 1523 1549 vobis
1559 1502 1616 1547 et
1651 1499 1718 1548 de

216 1587 477 1651 magistro
535 1588 720 1635 nostro
770 1583 965 1649 Sotphi
1023 1584 1080 1633 in
1126 1585 1292 1634 bursa
1339 1584 1560 1646 Kneek,
1621 1585 1714 1647 qui

219 1670 521 1735 composuit
589 1668 799 1734 glosam
868 1669 1197 1732 notabilem,
1263 1674 1319 1719 et
1375 1669 1440 1718 de
1499 1668 1717 1723 domino

215 1755 453 1819 Rutgero
500 1754 789 1804 licentiato
838 1754 1138 1821 Theologie
1183 1756 1240 1803 in
1285 1756 1450 1805 bursa
1483 1752 1718 1815 Montis;

214 1844 275 1901 ,et
320 1840 403 1889 sio
452 1840 597 1889 exivi
631 1839 842 1889 domum
880 1854 1053 1901 suam,
1093 1842 1148 1889 et
1183 1839 1360 1888 adhue
1393 1854 1578 1889 sumus
1613 1839 1718 1887 ini·

216 1925 362 1973 mici.
446 1926 789 1988 Quapropter
844 1938 976 1989 rogo
1031 1936 1130 1974 vos
1187 1924 1372 1974 valde·
1403 1924 1723 1975 cordialiter

220 2012 491 2072 quatenus
534 2008 755 2058 velletis
792 2002 923 2057 mihi
958 2008 1126 2059 semel
1163 2010 1402 2059 scribere
1437 2024 1604 2057 unum
1639 2008 1721 2057 di-

220 2098 457 2157 ctamen,
493 2097 623 2142 tunc
660 2109 761 2158 ego
796 2094 919 2144 volo
954 2093 1084 2143 huic
1118 2098 1278 2161 poete
1305 2098 1362 2145 et
1385 2094 1510 2144 aliis
1536 2098 1720 2143 osten—

220 2178 375 2240 dere,
423 2183 479 2228 et
518 2178 645 2227 volo
690 2179 917 2242 gloriari
952 2178 1097 2241 quod
1133 2182 1266 2229 estis
1301 2180 1512 2229 amicus
1547 2194 1719 2241 meu8‚

222 2268 278 2313 et
312 2264 446 2313 estis
480 2265 619 2312 bene
654 2263 847 2313 melior
879 2266 1046 2327 poeta
1075 2278 1237 2326 quam
1260 2264 1373 2313 ille.
1445 2264 1518 2312 Et
1541 2264 1720 2330 preci·
1813 2290 1818 2293 -

218 2364 327 2413 pue
384 2348 609 2398 scribite
654 2346 787 2395 mihi
833 2346 963 2410 quid
1007 2348 1150 2396 facit
1195 2347 1440 2397 dominus
1485 2348 1722 2397 Ioannes

222 2432 597 2495 Pfefferkorn,
656 2446 727 2480 an
786 2431 961 2481 adhuc
1017 2432 1186 2483 habet
1218 2432 1563 2482 inimicitiam
1601 2448 1723 2481 eum

222 2518 443 2568 doctore
488 2516 787 2577 Reuchlin,
844 2520 899 2565 et
944 2531 1016 2564 an
1061 2532 1158 2566 vos
1205 2516 1381 2565 adhuc
1427 2516 1724 2567 defenditis

225 2619 345 2653 eum
382 2604 526 2652 sicut
560 2602 793 2663 fecistiS‚
832 2604 886 2649 et
920 2601 1122 2649 mittite
1157 2601 1288 2649 mihi
1318 2617 1480 2651 unam
1505 2602 1722 2651 novita-

225 2692 351 2737 tem.
420 2686 617 2737 Valete
653 2686 709 2733 in
746 2684 978 2735 Christo·
