1942 3109
399 244 532 278 von.
575 244 616 278 1.
691 237 762 280 31.
805 243 1201 282 winninnonm
1234 245 1449 282 menri.
1628 231 1699 284 87

895 431 985 490 31.

533 535 1041 603 Bartholomeo
1078 533 1320 604 Colpio

159 627 530 678 baccalaurio
561 629 852 698 theologie
900 631 1135 682 formato
1182 631 1391 682 ordinis
1428 631 1695 685 Carmeli·

838 727 1021 773 tarum

469 811 1070 879 Willibrordus
1114 813 1379 881 Niceti

247 926 468 978 ordinis
502 927 978 978 Wilhelmitarum
1014 945 1202 980 cursor
1235 929 1295 980 in
1328 929 1613 998 theologia

185 1023 500 1072 autoritate
546 1020 1003 1074 reverendissimi
1047 1023 1331 1088 generalis
1376 1025 1435 1074 in
1480 1023 1671 1076 ordine

479 1129 600 1166 seue
635 1115 989 1166 commendat
1022 1131 1145 1166 eum
1178 1118 1381 1170 salute.

238 1233 388 1298 Quot
422 1234 480 1282 in
517 1235 657 1284 mari
691 1237 826 1284 sunt
860 1237 1050 1302 gutte,
1158 1239 1211 1285 et
1260 1240 1395 1301 quot
1438 1237 1496 1287 in
1532 1233 1695 1290 Colo-

879 1320 976 1369 nia
1012 1323 1211 1370 saneta
1246 1321 1505 1390 begutte,

233 1407 386 1468 Quot
432 1404 578 1470 pilos
623 1403 836 1454 habent
883 1405 1162 1456 asinorum
1208 1410 1396 1469 enteS,
1510 1411 1595 1456 tot
1640 1409 1697 1456 et

881 1489 1070 1555 plures
1104 1491 1214 1540 tibi
1245 1489 1405 1541 mitto
1441 1489 1671 1541 salutes.

263 1609 630 1662 Venerabilis
653 1607 869 1659 domine
897 1606 1205 1660 carmelita
1231 1607 1423 1676 Colpe,
1448 1627 1553 1676 ego
1576 1611 1697 1660 seio

163 1695 312 1760 quod
349 1697 494 1746 estis
531 1693 602 1744 de
636 1695 844 1758 optimo
877 1693 1101 1758 ordine,
1140 1698 1199 1744 et
1232 1693 1453 1746 habetis
1488 1693 1697 1744 multas

154 1780 550 1846 indulgentias
594 1795 629 1828 a
663 1778 793 1830 sede
839 1779 1181 1846 apostoliea,
1228 1783 1283 1830 et
1326 1779 1475 1844 quod
1509 1777 1703 1832 nullus

163 1865 294 1916 ordo
330 1866 529 1916 vestro
565 1862 746 1914 ordini
779 1869 968 1929 potest
1014 1863 1332 1932 prevalere,
1372 1864 1505 1928 quia
1540 1867 1698 1930 pote·-

161 1953 266 2002 stis
289 1949 488 2001 varios
515 1963 679 1999 casus
704 1948 995 2002 absolvere
1020 1950 1079 2000 in
1114 1950 1485 2014 confessione,
1522 1963 1701 2014 quan-

165 2035 234 2087 do
292 2033 571 2087 videlieet
630 2033 956 2084 confitentes
1001 2038 1132 2086 sunt
1176 2035 1403 2086 contriti
1446 2038 1502 2084 et
1553 2049 1697 2086 eom-

164 2121 390 2185 pnneti‚
452 2122 511 2169 et
564 2118 762 2169 volunt
818 2118 1242 2170 communicare.
1312 2117 1443 2168 Ideo
1487 2117 1617 2170 volo
1664 2133 1699 2168 a

167 2205 552 2256 dominatione
607 2206 798 2254 vestra
841 2203 1185 2268 interrogare
1232 2217 1398 2254 unam
1454 2202 1698 2271 questio-

169 2305 298 2340 nem
337 2287 793 2354 theologiealem,
830 2301 997 2353 quam
1032 2303 1130 2338 vos
1166 2287 1308 2338 bene
1344 2289 1579 2352 potestis
1602 2287 1695 2337 de-

171 2375 506 2436 terminare,
566 2374 699 2436 quia
745 2373 884 2422 estis
931 2387 1073 2422 unus
1118 2372 1297 2422 bonus
1352 2373 1580 2436 artium,
1641 2374 1698 2422 et

172 2460 336 2508 scitis
371 2459 518 2508 bene
554 2457 869 2525 predicare,
919 2459 976 2506 et
1018 2455 1243 2509 habetis
1286 2471 1455 2508 unum
1494 2455 1698 2508 bonum

175 2544 390 2607 zelum,
429 2546 488 2592 et
523 2542 660 2592 estis
697 2541 1169 2591 conscientiosus:
1209 2545 1267 2592 et
1302 2557 1423 2592 eum
1457 2541 1564 2592 hoc
1598 2555 1698 2592 au·

177 2627 297 2691 dio,
345 2626 496 2692 quod
529 2626 752 2677 habetis
789 2641 956 2684 unam
992 2641 1249 2690 magnam
1284 2625 1609 2676 liberat-iam
1644 2625 1702 2672 in

175 2717 366 2763 vestro
405 2715 708 2774 conventu,
744 2711 804 2760 in
829 2725 940 2773 qua
965 2716 1097 2759 sunt
1115 2707 1279 2756 multi
1299 2707 1437 2755 libri
1457 2707 1519 2752 in
1542 2718 1707 2752 saera
