<?xml version="1.0" encoding="UTF-8"?>
<!DOCTYPE html PUBLIC "-//W3C//DTD XHTML 1.0 Transitional//EN"
    "http://www.w3.org/TR/xhtml1/DTD/xhtml1-transitional.dtd">
<html xmlns="http://www.w3.org/1999/xhtml" xml:lang="en" lang="en">
 <head>
  <title>
</title>
<meta http-equiv="Content-Type" content="text/html;charset=utf-8" />
  <meta name='ocr-system' content='tesseract 3.04.00' />
  <meta name='ocr-capabilities' content='ocr_page ocr_carea ocr_par ocr_line ocrx_word'/>
</head>
<body>
  <div class='ocr_page' id='page_1' title='image "./epistolaeobscur00huttgoog_0075.png"; bbox 0 0 1942 3109; ppageno 0'>
   <div class='ocr_carea' id='block_1_1' title="bbox 245 217 1510 268">
    <p class='ocr_par' dir='ltr' id='par_1_1' title="bbox 245 217 1510 268">
     <span class='ocr_line' id='line_1_1' title="bbox 245 217 1510 268; baseline -0.001 -1"><span class='ocrx_word' id='word_1_1' title='bbox 245 217 314 267; x_wconf 79' lang='grc'><strong>64</strong></span> <span class='ocrx_word' id='word_1_2' title='bbox 507 231 797 267; x_wconf 72' lang='lat' dir='ltr'><strong>EPISTOLAE</strong></span> <span class='ocrx_word' id='word_1_3' title='bbox 835 231 1202 268; x_wconf 73' lang='lat' dir='ltr'><strong>OBSOVRORVM</strong></span> <span class='ocrx_word' id='word_1_4' title='bbox 1240 233 1510 267; x_wconf 76' lang='lat' dir='ltr'><strong>VIRORVM.</strong></span> 
     </span>
    </p>
   </div>
   <div class='ocr_carea' id='block_1_2' title="bbox 245 336 1773 1502">
    <p class='ocr_par' dir='ltr' id='par_1_2' title="bbox 245 336 1773 1502">
     <span class='ocr_line' id='line_1_2' title="bbox 248 336 1770 403; baseline 0 -16"><span class='ocrx_word' id='word_1_5' title='bbox 248 336 600 403; x_wconf 74' lang='lat' dir='ltr'><strong>eucharistie,</strong></span> <span class='ocrx_word' id='word_1_6' title='bbox 641 341 696 387; x_wconf 88' lang='lat' dir='ltr'><strong>et</strong></span> <span class='ocrx_word' id='word_1_7' title='bbox 732 337 816 386; x_wconf 81' lang='lat' dir='ltr'><strong>sie</strong></span> <span class='ocrx_word' id='word_1_8' title='bbox 840 337 1241 388; x_wconf 82' lang='lat' dir='ltr'><strong>interfecerunt</strong></span> <span class='ocrx_word' id='word_1_9' title='bbox 1275 351 1441 386; x_wconf 87' lang='lat' dir='ltr'><strong>unum</strong></span> <span class='ocrx_word' id='word_1_10' title='bbox 1466 338 1770 401; x_wconf 86' lang='lat' dir='ltr'><strong>imperato-</strong></span> 
     </span>
     <span class='ocr_line' id='line_1_3' title="bbox 247 421 1770 486; baseline 0.001 -16"><span class='ocrx_word' id='word_1_11' title='bbox 247 437 376 470; x_wconf 88' lang='lat' dir='ltr'><strong>rem.</strong></span> <span class='ocrx_word' id='word_1_12' title='bbox 447 421 521 470; x_wconf 87' lang='lat' dir='ltr'><strong>Et</strong></span> <span class='ocrx_word' id='word_1_13' title='bbox 565 421 706 470; x_wconf 83' lang='lat' dir='ltr'><strong>dixit</strong></span> <span class='ocrx_word' id='word_1_14' title='bbox 751 421 894 485; x_wconf 89' lang='lat' dir='ltr'><strong>quod</strong></span> <span class='ocrx_word' id='word_1_15' title='bbox 939 427 1153 486; x_wconf 81' lang='lat' dir='ltr'><strong>oportet</strong></span> <span class='ocrx_word' id='word_1_16' title='bbox 1188 424 1353 472; x_wconf 82' lang='lat' dir='ltr'><strong>istum</strong></span> <span class='ocrx_word' id='word_1_17' title='bbox 1392 421 1635 472; x_wconf 86' lang='lat' dir='ltr'>ordinem</span> <span class='ocrx_word' id='word_1_18' title='bbox 1672 422 1770 472; x_wconf 89' lang='lat' dir='ltr'><strong>de-</strong></span> 
     </span>
     <span class='ocr_line' id='line_1_4' title="bbox 245 505 1771 570; baseline 0 -14"><span class='ocrx_word' id='word_1_19' title='bbox 245 507 390 556; x_wconf 84' lang='lat' dir='ltr'><strong>lere:</strong></span> <span class='ocrx_word' id='word_1_20' title='bbox 451 506 598 556; x_wconf 78' lang='lat' dir='ltr'><strong>alias</strong></span> <span class='ocrx_word' id='word_1_21' title='bbox 641 505 777 556; x_wconf 87' lang='lat' dir='ltr'><strong>fient</strong></span> <span class='ocrx_word' id='word_1_22' title='bbox 809 506 983 556; x_wconf 85' lang='lat' dir='ltr'><strong>multa</strong></span> <span class='ocrx_word' id='word_1_23' title='bbox 1019 507 1287 557; x_wconf 79' lang='lat' dir='ltr'><strong>seandala</strong></span> <span class='ocrx_word' id='word_1_24' title='bbox 1335 508 1393 556; x_wconf 90' lang='lat' dir='ltr'><strong>in</strong></span> <span class='ocrx_word' id='word_1_25' title='bbox 1438 505 1570 569; x_wconf 85' lang='lat' dir='ltr'><strong>fide,</strong></span> <span class='ocrx_word' id='word_1_26' title='bbox 1633 508 1771 570; x_wconf 80' lang='lat' dir='ltr'><strong>quia</strong></span> 
     </span>
     <span class='ocr_line' id='line_1_5' title="bbox 249 591 1770 653; baseline 0.001 -15"><span class='ocrx_word' id='word_1_27' title='bbox 249 591 420 642; x_wconf 81' lang='lat' dir='ltr'><strong>omnis</strong></span> <span class='ocrx_word' id='word_1_28' title='bbox 467 591 688 641; x_wconf 76' lang='lat' dir='ltr'><strong>malitia</strong></span> <span class='ocrx_word' id='word_1_29' title='bbox 724 595 808 642; x_wconf 80' lang='lat' dir='ltr'><strong>est</strong></span> <span class='ocrx_word' id='word_1_30' title='bbox 843 592 902 640; x_wconf 89' lang='lat' dir='ltr'><strong>in</strong></span> <span class='ocrx_word' id='word_1_31' title='bbox 937 592 1037 641; x_wconf 89' lang='lat' dir='ltr'><strong>illo</strong></span> <span class='ocrx_word' id='word_1_32' title='bbox 1072 591 1293 653; x_wconf 84' lang='lat' dir='ltr'><strong>ordine3</strong></span> <span class='ocrx_word' id='word_1_33' title='bbox 1347 596 1403 642; x_wconf 85' lang='lat' dir='ltr'><strong>et</strong></span> <span class='ocrx_word' id='word_1_34' title='bbox 1441 591 1556 640; x_wconf 86' lang='lat' dir='ltr'><strong>alia</strong></span> <span class='ocrx_word' id='word_1_35' title='bbox 1590 592 1770 641; x_wconf 83' lang='lat' dir='ltr'><strong>multa</strong></span> 
     </span>
     <span class='ocr_line' id='line_1_6' title="bbox 247 674 1771 742; baseline 0.001 -19"><span class='ocrx_word' id='word_1_36' title='bbox 247 674 406 724; x_wconf 84' lang='lat' dir='ltr'><strong>dixit.</strong></span> <span class='ocrx_word' id='word_1_37' title='bbox 483 677 631 742; x_wconf 84' lang='lat' dir='ltr'><strong>Ergo</strong></span> <span class='ocrx_word' id='word_1_38' title='bbox 683 676 898 726; x_wconf 83' lang='lat' dir='ltr'><strong>debetis</strong></span> <span class='ocrx_word' id='word_1_39' title='bbox 947 677 1326 741; x_wconf 78' lang='lat' dir='ltr'><strong>aperte&#39;soire</strong></span> <span class='ocrx_word' id='word_1_40' title='bbox 1374 675 1519 740; x_wconf 87' lang='lat' dir='ltr'><strong>quod</strong></span> <span class='ocrx_word' id='word_1_41' title='bbox 1562 676 1771 727; x_wconf 84' lang='lat' dir='ltr'><strong>vellem</strong></span> 
     </span>
     <span class='ocr_line' id='line_1_7' title="bbox 248 759 1769 825; baseline 0.001 -16"><span class='ocrx_word' id='word_1_42' title='bbox 248 760 488 811; x_wconf 78' lang='lat' dir='ltr'><strong>libenter</strong></span> <span class='ocrx_word' id='word_1_43' title='bbox 511 761 688 811; x_wconf 87' lang='lat' dir='ltr'><strong>redire</strong></span> <span class='ocrx_word' id='word_1_44' title='bbox 716 761 786 810; x_wconf 80' lang='lat' dir='ltr'><strong>ad</strong></span> <span class='ocrx_word' id='word_1_45' title='bbox 811 759 1129 811; x_wconf 82' lang='lat' dir='ltr'><strong>Coloniam:</strong></span> <span class='ocrx_word' id='word_1_46' title='bbox 1169 762 1301 824; x_wconf 79' lang='lat' dir='ltr'><strong>quia</strong></span> <span class='ocrx_word' id='word_1_47' title='bbox 1326 759 1457 825; x_wconf 88' lang='lat' dir='ltr'><strong>quid</strong></span> <span class='ocrx_word' id='word_1_48' title='bbox 1480 759 1655 811; x_wconf 85' lang='lat' dir='ltr'>debeo</span> <span class='ocrx_word' id='word_1_49' title='bbox 1681 761 1769 810; x_wconf 84' lang='lat' dir='ltr'><strong>fa-</strong></span> 
     </span>
     <span class='ocr_line' id='line_1_8' title="bbox 251 845 1773 896; baseline 0.001 -4"><span class='ocrx_word' id='word_1_50' title='bbox 251 859 375 894; x_wconf 86' lang='lat' dir='ltr'><strong>eere</strong></span> <span class='ocrx_word' id='word_1_51' title='bbox 413 861 536 895; x_wconf 82' lang='lat' dir='ltr'><strong>cum</strong></span> <span class='ocrx_word' id='word_1_52' title='bbox 571 846 779 896; x_wconf 83' lang='lat' dir='ltr'><strong>talibus</strong></span> <span class='ocrx_word' id='word_1_53' title='bbox 811 845 1125 895; x_wconf 81' lang='lat' dir='ltr'><strong>maledictis</strong></span> <span class='ocrx_word' id='word_1_54' title='bbox 1150 845 1493 895; x_wconf 76' lang='lat' dir='ltr'><strong>hominibus?</strong></span> <span class='ocrx_word' id='word_1_55' title='bbox 1564 846 1773 896; x_wconf 81' lang='lat' dir='ltr'><strong>Veniat</strong></span> 
     </span>
     <span class='ocr_line' id='line_1_9' title="bbox 247 929 1771 994; baseline 0.001 -16"><span class='ocrx_word' id='word_1_56' title='bbox 247 945 390 978; x_wconf 84' lang='lat' dir='ltr'><strong>mors</strong></span> <span class='ocrx_word' id='word_1_57' title='bbox 427 945 594 994; x_wconf 78' lang='lat' dir='ltr'><strong>super</strong></span> <span class='ocrx_word' id='word_1_58' title='bbox 627 930 772 993; x_wconf 83' lang='lat' dir='ltr'><strong>illos,</strong></span> <span class='ocrx_word' id='word_1_59' title='bbox 812 934 868 979; x_wconf 86' lang='lat' dir='ltr'><strong>et</strong></span> <span class='ocrx_word' id='word_1_60' title='bbox 901 929 1243 980; x_wconf 78' lang='lat' dir='ltr'><strong>descendant</strong></span> <span class='ocrx_word' id='word_1_61' title='bbox 1280 929 1349 979; x_wconf 86' lang='lat' dir='ltr'><strong>ad</strong></span> <span class='ocrx_word' id='word_1_62' title='bbox 1385 931 1662 980; x_wconf 88' lang='lat' dir='ltr'><strong>infernum</strong></span> <span class='ocrx_word' id='word_1_63' title='bbox 1684 931 1771 980; x_wconf 86' lang='lat' dir='ltr'><strong>vi-</strong></span> 
     </span>
     <span class='ocr_line' id='line_1_10' title="bbox 248 1013 1771 1078; baseline -0.001 -13"><span class='ocrx_word' id='word_1_64' title='bbox 248 1018 464 1077; x_wconf 76' lang='lat' dir='ltr'><strong>venteS‚</strong></span> <span class='ocrx_word' id='word_1_65' title='bbox 499 1018 562 1063; x_wconf 78' lang='lat' dir='ltr'><strong>ut</strong></span> <span class='ocrx_word' id='word_1_66' title='bbox 595 1015 780 1078; x_wconf 86' lang='lat' dir='ltr'><strong>inquit</strong></span> <span class='ocrx_word' id='word_1_67' title='bbox 813 1013 1143 1064; x_wconf 81' lang='lat' dir='ltr'><strong>Psalmista:</strong></span> <span class='ocrx_word' id='word_1_68' title='bbox 1182 1015 1313 1076; x_wconf 85' lang='lat' dir='ltr'><strong>quia</strong></span> <span class='ocrx_word' id='word_1_69' title='bbox 1350 1017 1479 1063; x_wconf 82' lang='lat' dir='ltr'><strong>sunt</strong></span> <span class='ocrx_word' id='word_1_70' title='bbox 1512 1013 1614 1063; x_wconf 85' lang='lat' dir='ltr'><strong>filii</strong></span> <span class='ocrx_word' id='word_1_71' title='bbox 1650 1014 1771 1064; x_wconf 82' lang='lat' dir='ltr'><strong>dia-</strong></span> 
     </span>
     <span class='ocr_line' id='line_1_11' title="bbox 249 1097 1772 1164; baseline 0 -15"><span class='ocrx_word' id='word_1_72' title='bbox 249 1099 381 1149; x_wconf 89' lang='lat' dir='ltr'><strong>boli.</strong></span> <span class='ocrx_word' id='word_1_73' title='bbox 455 1097 516 1148; x_wconf 83' lang='lat' dir='ltr'><strong>Si</strong></span> <span class='ocrx_word' id='word_1_74' title='bbox 547 1098 766 1149; x_wconf 81' lang='lat' dir='ltr'><strong>videtur</strong></span> <span class='ocrx_word' id='word_1_75' title='bbox 797 1098 977 1161; x_wconf 76' lang='lat' dir='ltr'><strong>vobiS,</strong></span> <span class='ocrx_word' id='word_1_76' title='bbox 1016 1102 1149 1148; x_wconf 81' lang='lat' dir='ltr'><strong>tunc</strong></span> <span class='ocrx_word' id='word_1_77' title='bbox 1184 1099 1336 1163; x_wconf 85' lang='lat' dir='ltr'><strong>prius</strong></span> <span class='ocrx_word' id='word_1_78' title='bbox 1360 1098 1487 1150; x_wconf 82' lang='lat' dir='ltr'><strong>volo</strong></span> <span class='ocrx_word' id='word_1_79' title='bbox 1514 1099 1772 1164; x_wconf 82' lang='lat' dir='ltr'><strong>accipere</strong></span> 
     </span>
     <span class='ocr_line' id='line_1_12' title="bbox 252 1183 1772 1248; baseline 0.001 -17"><span class='ocrx_word' id='word_1_80' title='bbox 252 1183 508 1247; x_wconf 78' lang='lat' dir='ltr'><strong>gradum:</strong></span> <span class='ocrx_word' id='word_1_81' title='bbox 554 1184 604 1232; x_wconf 79' lang='lat' dir='ltr'><strong>si</strong></span> <span class='ocrx_word' id='word_1_82' title='bbox 647 1199 781 1246; x_wconf 88' lang='lat' dir='ltr'><strong>non,</strong></span> <span class='ocrx_word' id='word_1_83' title='bbox 821 1187 953 1232; x_wconf 85' lang='lat' dir='ltr'><strong>tune</strong></span> <span class='ocrx_word' id='word_1_84' title='bbox 987 1183 1116 1233; x_wconf 87' lang='lat' dir='ltr'><strong>volo</strong></span> <span class='ocrx_word' id='word_1_85' title='bbox 1154 1183 1309 1233; x_wconf 84' lang='lat' dir='ltr'><strong>abire</strong></span> <span class='ocrx_word' id='word_1_86' title='bbox 1345 1183 1549 1233; x_wconf 80' lang='lat' dir='ltr'><strong>statim.</strong></span> <span class='ocrx_word' id='word_1_87' title='bbox 1622 1183 1772 1248; x_wconf 86' lang='lat' dir='ltr'><strong>Ergo</strong></span> 
     </span>
     <span class='ocr_line' id='line_1_13' title="bbox 251 1267 1773 1319; baseline 0.003 -5"><span class='ocrx_word' id='word_1_88' title='bbox 251 1267 464 1317; x_wconf 81' lang='lat' dir='ltr'><strong>debetis</strong></span> <span class='ocrx_word' id='word_1_89' title='bbox 495 1267 633 1317; x_wconf 84' lang='lat' dir='ltr'><strong>mihi</strong></span> <span class='ocrx_word' id='word_1_90' title='bbox 670 1269 780 1317; x_wconf 80' lang='lat' dir='ltr'><strong>cito</strong></span> <span class='ocrx_word' id='word_1_91' title='bbox 817 1268 1060 1318; x_wconf 81' lang='lat' dir='ltr'><strong>scribere</strong></span> <span class='ocrx_word' id='word_1_92' title='bbox 1095 1273 1331 1319; x_wconf 87' lang='lat' dir='ltr'><strong>mentem</strong></span> <span class='ocrx_word' id='word_1_93' title='bbox 1365 1271 1638 1319; x_wconf 84' lang='lat' dir='ltr'><strong>vestram:</strong></span> <span class='ocrx_word' id='word_1_94' title='bbox 1686 1283 1773 1318; x_wconf 84' lang='lat' dir='ltr'><strong>se-</strong></span> 
     </span>
     <span class='ocr_line' id='line_1_14' title="bbox 254 1351 1772 1418; baseline 0 -16"><span class='ocrx_word' id='word_1_95' title='bbox 254 1351 488 1402; x_wconf 83' lang='lat' dir='ltr'><strong>eundum</strong></span> <span class='ocrx_word' id='word_1_96' title='bbox 524 1352 683 1402; x_wconf 86' lang='lat' dir='ltr'><strong>illam</strong></span> <span class='ocrx_word' id='word_1_97' title='bbox 715 1352 844 1402; x_wconf 85' lang='lat' dir='ltr'><strong>volo</strong></span> <span class='ocrx_word' id='word_1_98' title='bbox 880 1368 966 1403; x_wconf 86' lang='lat' dir='ltr'><strong>me</strong></span> <span class='ocrx_word' id='word_1_99' title='bbox 1004 1369 1226 1418; x_wconf 83' lang='lat' dir='ltr'><strong>regere:</strong></span> <span class='ocrx_word' id='word_1_100' title='bbox 1264 1357 1322 1404; x_wconf 89' lang='lat' dir='ltr'><strong>et</strong></span> <span class='ocrx_word' id='word_1_101' title='bbox 1348 1369 1469 1403; x_wconf 84' lang='lat' dir='ltr'><strong>eum</strong></span> <span class='ocrx_word' id='word_1_102' title='bbox 1492 1353 1599 1402; x_wconf 84' lang='lat' dir='ltr'><strong>hoe</strong></span> <span class='ocrx_word' id='word_1_103' title='bbox 1627 1367 1772 1404; x_wconf 81' lang='lat' dir='ltr'><strong>com-</strong></span> 
     </span>
     <span class='ocr_line' id='line_1_15' title="bbox 249 1436 1772 1502; baseline -0.001 -15"><span class='ocrx_word' id='word_1_104' title='bbox 249 1437 444 1488; x_wconf 87' lang='lat' dir='ltr'><strong>mendo</strong></span> <span class='ocrx_word' id='word_1_105' title='bbox 479 1453 578 1488; x_wconf 78' lang='lat' dir='ltr'><strong>vos</strong></span> <span class='ocrx_word' id='word_1_106' title='bbox 614 1436 829 1486; x_wconf 86' lang='lat' dir='ltr'><strong>domino</strong></span> <span class='ocrx_word' id='word_1_107' title='bbox 865 1436 985 1488; x_wconf 91' lang='lat' dir='ltr'><strong>deo.</strong></span> <span class='ocrx_word' id='word_1_108' title='bbox 1056 1438 1272 1489; x_wconf 87' lang='lat' dir='ltr'><strong>Valete.</strong></span> <span class='ocrx_word' id='word_1_109' title='bbox 1342 1438 1429 1488; x_wconf 83' lang='lat' dir='ltr'><strong>Ex</strong></span> <span class='ocrx_word' id='word_1_110' title='bbox 1462 1437 1772 1502; x_wconf 79' lang='lat' dir='ltr'><strong>Moguntia.</strong></span> 
     </span>
    </p>
   </div>
   <div class='ocr_carea' id='block_1_3' title="bbox 475 1720 1551 2316">
    <p class='ocr_par' dir='ltr' id='par_1_3' title="bbox 962 1720 1057 1780">
     <span class='ocr_line' id='line_1_16' title="bbox 962 1720 1057 1780; baseline 0.021 -2"><span class='ocrx_word' id='word_1_111' title='bbox 962 1720 1057 1780; x_wconf 80' lang='lat'><strong>23.</strong></span> 
     </span>
    </p>

    <p class='ocr_par' dir='ltr' id='par_1_4' title="bbox 475 1822 1551 2316">
     <span class='ocr_line' id='line_1_17' title="bbox 531 1822 1485 1908; baseline -0.002 -20"><span class='ocrx_word' id='word_1_112' title='bbox 531 1823 884 1888; x_wconf 81' lang='lat' dir='ltr'><strong>Ioannes</strong></span> <span class='ocrx_word' id='word_1_113' title='bbox 928 1822 1485 1908; x_wconf 82' lang='lat' dir='ltr'><strong>Vickelphius</strong></span> 
     </span>
     <span class='ocr_line' id='line_1_18' title="bbox 475 1915 1551 2012; baseline 0.001 -19"><span class='ocrx_word' id='word_1_114' title='bbox 475 1915 696 1994; x_wconf 79' lang='lat' dir='ltr'><strong>humilis</strong></span> <span class='ocrx_word' id='word_1_115' title='bbox 733 1959 894 2010; x_wconf 76' lang='lat' dir='ltr'><strong>sacre</strong></span> <span class='ocrx_word' id='word_1_116' title='bbox 931 1943 1236 2012; x_wconf 76' lang='lat' dir='ltr'><strong>Theologie</strong></span> <span class='ocrx_word' id='word_1_117' title='bbox 1272 1945 1551 2008; x_wconf 78' lang='lat' dir='ltr'><strong>professor</strong></span> 
     </span>
     <span class='ocr_line' id='line_1_19' title="bbox 795 2043 1218 2096; baseline -0.002 -2"><span class='ocrx_word' id='word_1_118' title='bbox 795 2043 1045 2096; x_wconf 80' lang='lat' dir='ltr'><strong>Salutem</strong></span> <span class='ocrx_word' id='word_1_119' title='bbox 1080 2044 1218 2094; x_wconf 85' lang='lat' dir='ltr'><strong>dicit</strong></span> 
     </span>
     <span class='ocr_line' id='line_1_20' title="bbox 537 2145 1475 2214; baseline 0.001 -18"><span class='ocrx_word' id='word_1_120' title='bbox 537 2147 872 2214; x_wconf 82' lang='lat' dir='ltr'><strong>Magistro</strong></span> <span class='ocrx_word' id='word_1_121' title='bbox 912 2146 1199 2198; x_wconf 85' lang='lat' dir='ltr'><strong>Ortvino</strong></span> <span class='ocrx_word' id='word_1_122' title='bbox 1238 2145 1475 2197; x_wconf 85' lang='lat' dir='ltr'><strong>Gratio</strong></span> 
     </span>
     <span class='ocr_line' id='line_1_21' title="bbox 643 2249 1374 2316; baseline -0.001 -17"><span class='ocrx_word' id='word_1_123' title='bbox 643 2253 805 2316; x_wconf 71' lang='lat' dir='ltr'><strong>poete</strong></span> <span class='ocrx_word' id='word_1_124' title='bbox 843 2253 898 2300; x_wconf 90' lang='lat' dir='ltr'><strong>et</strong></span> <span class='ocrx_word' id='word_1_125' title='bbox 931 2249 1233 2313; x_wconf 80' lang='lat' dir='ltr'><strong>TheologO,</strong></span> <span class='ocrx_word' id='word_1_126' title='bbox 1270 2251 1374 2298; x_wconf 81' lang='lat' dir='ltr'><strong>etc.</strong></span> 
     </span>
    </p>
   </div>
   <div class='ocr_carea' id='block_1_4' title="bbox 246 2366 1776 2773">
    <p class='ocr_par' dir='ltr' id='par_1_5' title="bbox 246 2366 1776 2773">
     <span class='ocr_line' id='line_1_22' title="bbox 353 2366 1774 2432; baseline 0.001 -14"><span class='ocrx_word' id='word_1_127' title='bbox 353 2368 846 2432; x_wconf 68' lang='lat' dir='ltr'><strong>quoniamquidem</strong></span> <span class='ocrx_word' id='word_1_128' title='bbox 885 2366 1017 2418; x_wconf 86' lang='lat' dir='ltr'><strong>olim</strong></span> <span class='ocrx_word' id='word_1_129' title='bbox 1052 2367 1241 2417; x_wconf 78' lang='lat' dir='ltr'><strong>fuistis</strong></span> <span class='ocrx_word' id='word_1_130' title='bbox 1276 2366 1580 2432; x_wconf 76' lang='lat' dir='ltr'><strong>discipulus</strong></span> <span class='ocrx_word' id='word_1_131' title='bbox 1616 2385 1774 2420; x_wconf 87' lang='lat' dir='ltr'><strong>meus</strong></span> 
     </span>
     <span class='ocr_line' id='line_1_23' title="bbox 246 2452 1775 2520; baseline 0.002 -19"><span class='ocrx_word' id='word_1_132' title='bbox 246 2453 307 2501; x_wconf 87' lang='lat' dir='ltr'><strong>in</strong></span> <span class='ocrx_word' id='word_1_133' title='bbox 340 2453 676 2516; x_wconf 77' lang='lat' dir='ltr'><strong>Daventria‚</strong></span> <span class='ocrx_word' id='word_1_134' title='bbox 721 2455 780 2502; x_wconf 81' lang='lat' dir='ltr'><strong>et</strong></span> <span class='ocrx_word' id='word_1_135' title='bbox 825 2467 928 2516; x_wconf 86' lang='lat' dir='ltr'><strong>ego</strong></span> <span class='ocrx_word' id='word_1_136' title='bbox 975 2452 1159 2520; x_wconf 50' lang='lat' dir='ltr'><strong>amovi</strong></span> <span class='ocrx_word' id='word_1_137' title='bbox 1204 2467 1302 2516; x_wconf 88' lang='lat' dir='ltr'><strong>pro</strong></span> <span class='ocrx_word' id='word_1_138' title='bbox 1338 2455 1470 2502; x_wconf 86' lang='lat' dir='ltr'><strong>tuno</strong></span> <span class='ocrx_word' id='word_1_139' title='bbox 1504 2467 1603 2503; x_wconf 79' lang='lat' dir='ltr'><strong>vos</strong></span> <span class='ocrx_word' id='word_1_140' title='bbox 1641 2458 1775 2504; x_wconf 87' lang='lat' dir='ltr'><strong>ante</strong></span> 
     </span>
     <span class='ocr_line' id='line_1_24' title="bbox 251 2521 1773 2602; baseline 0.001 -16"><span class='ocrx_word' id='word_1_141' title='bbox 251 2551 437 2587; x_wconf 84' lang='lat' dir='ltr'><strong>omnes</strong></span> <span class='ocrx_word' id='word_1_142' title='bbox 463 2537 766 2600; x_wconf 70' lang='lat' dir='ltr'><strong>soholareS,</strong></span> <span class='ocrx_word' id='word_1_143' title='bbox 805 2537 938 2599; x_wconf 80' lang='lat' dir='ltr'><strong>quia</strong></span> <span class='ocrx_word' id='word_1_144' title='bbox 961 2521 1239 2599; x_wconf 59' lang='lat' dir='ltr'><strong>hakiuistis</strong></span> <span class='ocrx_word' id='word_1_145' title='bbox 1262 2538 1463 2587; x_wconf 88' lang='lat' dir='ltr'><strong>bonum</strong></span> <span class='ocrx_word' id='word_1_146' title='bbox 1487 2537 1773 2602; x_wconf 86' lang='lat' dir='ltr'><strong>ingenium</strong></span> 
     </span>
     <span class='ocr_line' id='line_1_25' title="bbox 253 2603 1776 2689; baseline 0.003 -19"><span class='ocrx_word' id='word_1_147' title='bbox 253 2625 309 2670; x_wconf 88' lang='lat' dir='ltr'><strong>et</strong></span> <span class='ocrx_word' id='word_1_148' title='bbox 342 2621 530 2671; x_wconf 79' lang='lat' dir='ltr'><strong>fuistis</strong></span> <span class='ocrx_word' id='word_1_149' title='bbox 553 2621 720 2672; x_wconf 76' lang='lat' dir='ltr'><strong>valde</strong></span> <span class='ocrx_word' id='word_1_150' title='bbox 743 2603 1134 2689; x_wconf 61' lang='lat' dir='ltr'><strong>disciplinqitus</strong></span> <span class='ocrx_word' id='word_1_151' title='bbox 1159 2621 1396 2684; x_wconf 78' lang='lat' dir='ltr'><strong>iuvenis,</strong></span> <span class='ocrx_word' id='word_1_152' title='bbox 1434 2628 1776 2687; x_wconf 84' lang='lat' dir='ltr'><strong>quapropter</strong></span> 
     </span>
     <span class='ocr_line' id='line_1_26' title="bbox 251 2703 1771 2773; baseline 0.003 -19"><span class='ocrx_word' id='word_1_153' title='bbox 251 2721 398 2755; x_wconf 85' lang='lat' dir='ltr'><strong>nune</strong></span> <span class='ocrx_word' id='word_1_154' title='bbox 435 2707 601 2755; x_wconf 85' lang='lat' dir='ltr'><strong>etiam</strong></span> <span class='ocrx_word' id='word_1_155' title='bbox 634 2705 762 2756; x_wconf 88' lang='lat' dir='ltr'><strong>volo</strong></span> <span class='ocrx_word' id='word_1_156' title='bbox 785 2704 946 2754; x_wconf 73' lang='lat' dir='ltr'><strong>vobis</strong></span> <span class='ocrx_word' id='word_1_157' title='bbox 971 2703 1105 2754; x_wconf 77' lang='lat' dir='ltr'><strong>dare</strong></span> <span class='ocrx_word' id='word_1_158' title='bbox 1133 2705 1426 2755; x_wconf 74' lang='lat' dir='ltr'><strong>consilium</strong></span> <span class='ocrx_word' id='word_1_159' title='bbox 1449 2707 1771 2773; x_wconf 81' lang='lat' dir='ltr'><strong>ubicunque</strong></span> 
     </span>
    </p>
   </div>
   <div class='ocr_carea' id='block_1_5' title="bbox 1913 1513 1920 2770">
    <p class='ocr_par' dir='ltr' id='par_1_6' title="bbox 1913 1513 1920 2770">
     <span class='ocr_line' id='line_1_27' title="bbox 1913 1513 1920 2770; baseline 0 0"><span class='ocrx_word' id='word_1_160' title='bbox 1913 1513 1920 2770; x_wconf 95' lang='lat' dir='ltr'><strong> </strong></span> 
     </span>
    </p>
   </div>
  </div>
 </body>
</html>
