1942 3109
337 231 437 284 312
505 241 975 282 nAusser‘rlomrs
1012 240 1317 278 OBSGVBOB·
1344 240 1669 278 Btvcnnm.
1702 241 1829 278 ROVAE.

339 367 486 416 cam,
534 367 602 401 ex
637 348 852 400 scotica
895 349 955 397 in
989 346 1340 412 ligusticam,
1392 361 1463 394 ex
1499 345 1620 395 hac
1654 347 1776 396 item
1800 360 1825 392 ,ε

335 436 698 498 bohemicam,
735 432 1129 494 sclavonicam,
1164 429 1431 495 goticam‚
1456 429 1827 495 babylonicam,

339 521 718 588 egyptiacam,
764 533 876 569 non
919 517 1041 566 sine
1086 529 1285 580 magno
1321 513 1525 564 labore
1564 519 1825 567 nocturnis-

338 619 444 668 que
479 602 692 668 vigiliis
727 601 964 652 traduxi.
1033 599 1225 650 Habes
1259 599 1434 664 igitur
1468 615 1689 652 novum
1724 618 1753 650 a
1776 614 1825 648 ne

338 703 558 753 munna,
605 688 782 739 frater
819 685 1169 749 charissime,
1212 699 1335 733 mea
1384 683 1619 747 quidem
1656 691 1841 736 senten-³

337 774 419 822 tia
453 787 711 836 magnum
757 778 812 821 et
849 771 1117 822 Obscuris
1153 769 1407 819 omnibus
1457 773 1818 832 quammaxinae

340 843 839 918 accommodatum,
899 853 998 904 sed
1034 852 1261 918 perinde
1300 853 1408 903 erit
1442 857 1513 902 ut
1566 855 1823 922 acceperis

339 955 657 1005 quanquam
683 943 738 990 et
771 938 1101 1004 insipientes
1136 936 1246 1002 ipsi
1278 951 1441 986 suam
1476 937 1617 992 hine
1654 942 1827 1004 sapien·

335 1026 474 1076 tiam
519 1023 730 1089 liquido
775 1024 1001 1074 haurire
1049 1024 1273 1087 queant.
1346 1019 1511 1074 Cave
1548 1029 1727 1074 tamen
1756 1024 1829 1072 hoc

339 1114 452 1159 tam
487 1107 830 1172 obstupendo
875 1112 1102 1171 tamque
1150 1107 1377 1172 egregio
1418 1108 1669 1159 abutaris
1698 1108 1840 1165 dones

337 1207 406 1243 ne
445 1209 513 1243 ex
545 1207 694 1243 nova
728 1191 914 1242 radice
949 1206 1153 1242 novum
1186 1191 1403 1242 oriatur
1441 1193 1713 1260 adagium,
1742 1189 1827 1239 Sa·

338 1277 608 1341 pientiam
631 1277 807 1326 nostri
839 1277 1103 1341 temporis
1136 1275 1316 1340 magis
1351 1276 1415 1325 in
1451 1277 1663 1343 ling-uis
1690 1275 1840 1325 homi-¹

337 1375 491 1424 num,
539 1375 703 1424 quam
748 1360 808 1410 in
839 1362 1052 1412 virtute
1098 1364 1195 1410 aut
1238 1375 1451 1410 morum
1500 1360 1840 1413 sanctimonia*

339 1445 657 1494 consistere.
693 1445 836 1495 Vale
873 1444 968 1494 diu
1004 1448 1060 1496 et
1093 1461 1178 1495 me
1214 1447 1369 1494 tuum
1406 1461 1537 1498 esse
1562 1447 1819 1512 Apollines

337 1527 514 1576 crede.
1830 1531 1841 1574 τΙ

1054 1729 1138 1780 33.

471 1834 522 1893 (1
564 1829 1114 1895 Loerkantius
1160 1827 1747 1916 Scharpeneck
1839 1879 1840 1882 ,

758 1932 1183 1984 Mententulo
1222 1931 1438 1983 Cosso

955 2018 1033 2073 .S.
1068 2019 1130 2068 P.
1166 2018 1236 2070 D.

438 2125 521 2190 Ne
577 2126 641 2173 tu
697 2121 858 2172 homo
901 2119 1119 2185 lepidus
1166 2135 1227 2170 es
1272 2123 1371 2169 aut
1412 2123 1613 2185 potius
1666 2121 1749 2187 (ut
1782 2121 1840 2168 ita.

337 2205 540 2270 dicam)
578 2205 926 2268 inhumanus,
966 2204 1063 2266 qui
1096 2204 1427 2269 periculosis
1464 2205 1631 2258 hisce
1670 2212 1841 2271 tempo*

337 2293 489 2341 ribus
525 2288 665 2338 nihil
700 2287 916 2340 omnino
952 2303 1167 2339 mecum
1201 2289 1403 2338 litteris
1441 2290 1769 2357 obstrepas.
1800 2287 1841 2335 1³

337 2391 522 2426 amore
559 2373 776 2438 quidem
811 2376 1001 2423 mutuo
1035 2388 1145 2424 non
1182 2373 1263 2424 sic
1288 2372 1564 2438 languere
1592 2376 1841 2430 debemus

336 2464 400 2508 ut
434 2459 807 2522 pungentibus
843 2458 1158 2507 litterarum
1194 2458 1406 2507 aculeis
1432 2458 1504 2509 ad
1530 2475 1706 2511 suum
1730 2458 1841 2524 quis<

337 2555 442 2600 que
477 2540 720 2588 officium
753 2541 1063 2590 incitemur.
1110 2543 1190 2590 Te
1222 2542 1394 2604 igitur
1414 2541 1729 2605 plurimum
1750 2551 1840 2594 oro-1

335 2624 397 2667 ut
431 2620 655 2669 litteras
693 2621 762 2670 ad
798 2637 883 2670 me
921 2622 1036 2685 des,
1074 2624 1274 2685 quibus
1312 2625 1518 2675 certior
1554 2629 1715 2694 fiam,
1750 2623 1840 2692 quid!

335 2699 557 2748 tandem
625 2701 691 2749 de
751 2703 911 2750 nobis
974 2704 1241 2755 Obscuris
1298 2707 1739 2766 Parrhisienses
1788 2707 1841 2760 ini
