1942 3109
403 255 528 291 von.
565 257 604 290 1.
671 249 742 292 31.
771 255 1187 292 wrtnmnonm
1222 253 1437 292 nrcsrr.
1624 239 1693 292 89

157 363 216 409 et
251 359 582 413 charitative
620 361 768 424 quod
803 377 916 412 non
951 361 1151 412 velitis
1196 376 1433 427 gravare
1468 362 1529 412 in
1562 375 1685 412 mea

151 446 446 510 petitione,
479 445 576 498 sed
609 447 748 496 mihi
781 446 916 496 dare
951 461 1127 498 unum
1161 447 1365 497 bonum
1388 447 1683 498 consilium

149 530 210 580 in
253 547 382 582 mea
427 532 722 598 questione
767 530 1071 582 secundum
1105 536 1355 583 vestrum
1388 547 1581 598 posse,
1628 537 1689 583 et

151 615 403 682 allegare
449 615 588 682 quid
633 615 842 668 domini
872 615 1133 668 doctores
1167 615 1541 668 determinant
1570 615 1686 668 dis-

147 701 406 764 putative
441 706 502 752 et
539 701 880 752 conclusive.
950 701 1059 750 Est
1080 699 1285 766 {autem
1318 702 1539 768 questio
1572 701 1687 752 ista

147 785 288 836 talis
321 788 378 836 in
411 787 506 836 sni
537 787 748 836 forma:
787 785 1004 836 ‘Utrum
1038 784 1313 836 Lolhardi
1346 789 1405 837 et
1436 785 1679 854 Begutte

145 868 208 918 in
258 869 495 922 Colonia
541 875 672 921 sunt
715 870 1001 938 seculares
1048 869 1143 920 vel
1188 871 1513 935 spirituales
1560 886 1683 938 per-

145 969 316 1024 sone3
351 960 536 1006 utrum
570 958 870 1006 teneantur
903 955 1097 1005 facere
1118 954 1537 1019 professionem.
1605 957 1685 1006 Et

147 1053 228 1088 an
263 1044 500 1104 possunt
532 1041 792 1105 accipere
827 1039 1092 1090 mulieres
1118 1043 1175 1090 et
1197 1040 1345 1091 viros
1357 1043 1401 1091 Ψ
1437 1041 1557 1107 Ego
1584 1040 1681 1091 din

153 1124 348 1174 studui
389 1126 452 1174 in
497 1139 654 1174 sacra
708 1125 1019 1188 scriptura,
1076 1125 1135 1172 in
1182 1125 1477 1190 Discipulo
1524 1128 1581 1176 et
1626 1127 1685 1176 in

149 1207 454 1259 Fasciculo
491 1212 816 1275 temporum,
853 1223 958 1258 nec
985 1224 1096 1260 non
1134 1211 1192 1257 in
1230 1208 1357 1260 aliis
1396 1209 1555 1261 libris
1580 1227 1679 1261 au-

143 1295 376 1345 tenticis
411 1309 578 1361 sacre
611 1295 914 1360 scripture,
937 1293 1039 1343 sed
1072 1296 1374 1359 nou-potui
1404 1297 1676 1348 invenire.

141 1377 306 1428 Sicut
339 1381 520 1430 etiam
553 1378 782 1442 quidam
815 1377 1079 1430 sacerdos
1102 1380 1163 1428 in
1182 1380 1381 1444 Fnlda,
1420 1381 1519 1443 qui
1538 1381 1678 1430 mul·

143 1465 262 1512 tum
297 1463 518 1514 studuit
551 1464 611 1513 in
646 1462 816 1513 dictis
853 1463 1040 1527 libris,
1087 1463 1183 1513 sed
1218 1479 1329 1513 non
1364 1463 1582 1515 invenit
1618 1464 1676 1512 in

137 1550 387 1614 registro
425 1547 522 1599 vel
555 1549 620 1597 in
653 1547 840 1598 libris:
876 1549 999 1614 ipse
1038 1551 1124 1598 est
1156 1547 1225 1598 de
1260 1549 1557 1616 genelogia
1580 1549 1679 1600 do·

138 1634 279 1683 mini
313 1633 562 1699 pastoris
597 1632 834 1697 ibidem,
882 1633 981 1698 qni
1016 1637 1105 1682 est
1138 1637 1334 1698 poeta,
1384 1635 1521 1699 qnia
1568 1635 1678 1684 scit

137 1717 284 1769 bene
322 1719 648 1782 latinisare‚
693 1717 1113 1780 dictaminaque
1148 1731 1503 1783 componere:
1543 1719 1679 1782 quia

139 1819 246 1868 ego
283 1819 406 1854 snm
440 1803 718 1868 plebanus
753 1803 970 1854 ratione
1008 1805 1361 1864 monasterii3
1401 1806 1459 1853 et
1492 1803 1676 1852 habeo

139 1888 350 1939 multos
388 1889 889 1954 communicantes,
928 1891 989 1938 et
1022 1888 1191 1938 etiam
1224 1888 1371 1938 tales
1407 1900 1677 1952 personas

133 1971 208 2024 de
234 1973 444 2037 quibus
467 1974 579 2023 iam
599 1972 751 2024 facio
771 1973 1138 2041 questionem.
1202 1970 1677 2037 Superintendens

133 2062 336 2113 noster
367 2057 506 2108 (licit
537 2057 838 2108 manifeste
873 2055 1023 2120 quod
1054 2057 1177 2122 ipse
1198 2073 1312 2107 non
1334 2060 1522 2121 potest
1545 2071 1676 2108 con-

133 2143 444 2194 scientiam
479 2156 638 2193 suam
673 2142 898 2193 salvare
931 2142 992 2191 in
1017 2141 1357 2192 descissione
1382 2141 1516 2192 talis
1541 2156 1676 2210 que-

135 2229 362 2292 stionis,
399 2227 657 2292 quamvis
690 2226 904 2278 habeat
935 2225 1225 2292 disputata
1257 2225 1555 2278 multorum
1578 2227 1675 2278 do-

139 2317 358 2364 ctorum
403 2311 472 2362 de
518 2311 808 2362 Parthisia
845 2314 904 2361 et
938 2309 1206 2375 Colonia,
1254 2313 1389 2376 quia
1436 2313 1675 2379 comple-

133 2401 222 2450 vit
255 2412 438 2461 usqne
474 2395 546 2448 ad
581 2396 1029 2460 licentiaturam‚
1078 2401 1135 2447 et
1178 2395 1464 2462 respondit
1496 2403 1675 2449 mate-

139 2482 365 2532 rialiter
412 2487 471 2532 et
518 2481 834 2531 formaliter
877 2491 975 2546 pro
1014 2480 1402 2546 completione.
1474 2481 1534 2532 Si
1570 2495 1673 2533 vos

139 2583 251 2617 non
285 2567 530 2631 potestis
565 2565 938 2615 determinare
975 2564 1130 2616 illam
1164 2566 1473 2630 materiam,
1508 2566 1677 2616 debe-

145 2654 216 2701 tis
252 2653 606 2716 interrogare
641 2651 968 2713 magistrum
1008 2650 1331 2700 Ort-vinnm:
1380 2649 1475 2698 ille
1511 2649 1677 2696 doce-

144 2736 226 2787 bit
265 2753 369 2787 nos
417 2735 641 2786 omnia:
693 2749 822 2784 nam
881 2737 1122 2784 vocatur·
1167 2731 1399 2780 Gratius
1454 2729 1683 2788 propter
