1942 3109
169 231 408 283 oivrvnu
445 225 644 279 enfin
681 226 958 280 unsri-ona
994 239 1402 280 Aronoemms.
1474 220 1569 280 331

91 349 284 416 ropria
317 351 493 398 motus
527 351 766 412 pietate,
813 344 1079 411 suamque
1124 343 1449 413 respectans
1485 361 1575 396 ec-

88 437 316 495 lesiam,
374 448 472 484 vos
526 430 670 481 filios
725 431 1038 495 iniquitatis
1094 432 1368 496 appellat,
1430 434 1487 482 et
1540 447 1573 480 a

90 521 213 570 ullo
251 531 488 580 unquam
525 514 830 579 sacerdote,
859 515 1114 580 (excepta
1150 517 1349 566 saltem
1383 517 1576 565 mortis

90 601 226 666 ora)
263 599 644 652 absolvendos.
713 601 837 651 Hoc
875 603 1059 650 autem
1095 615 1283 651 verum
1320 615 1473 662 esse,
1520 603 1575 650 et

87 691 340 742 ecretum
394 685 760 752 apostolicum
819 689 876 736 et
927 685 1371 735 reverendissimi
1416 682 1579 734 Colo-

86 772 268 826 iensis
313 771 717 836 archiepiscopi
773 773 1172 834 transumptum
1224 768 1390 833 longe
1435 767 1576 818 late·

85 876 162 909 ue
211 856 498 906 transfusa
545 854 854 905 declarant.
925 853 1176 917 Itemque
1222 869 1333 904 non
1372 853 1433 901 in
1474 867 1575 903 vos

85 943 345 992 umtaxat
387 939 667 990 Obscuros
713 938 848 989 talis
893 937 1225 988 fulminatur
1274 938 1575 1000 sententia,

85 1026 152 1078 ed
199 1025 260 1072 in
305 1037 488 1074 omnes
532 1023 902 1091 perditissime
939 1027 1127 1090 vestre
1180 1021 1576 1072 coniurationis

87 1109 347 1172 onscios,
381 1109 440 1157 in
476 1124 659 1158 omnes
698 1123 914 1172 quoque
949 1107 1146 1158 talium
1179 1107 1445 1156 librorum
1476 1106 1576 1154 im—

87 1207 368 1256 ressores‚
403 1191 742 1256 venditores,
779 1192 1046 1256 lectores,
1082 1195 1483 1254 reservatores‚
1522 1193 1579 1240 et

85 1299 110 1331 1
153 1293 251 1330 eos
299 1278 465 1326 etiam
501 1276 596 1339 qui
629 1267 784 1326 hisce
817 1277 984 1328 rebus
1029 1275 1231 1326 auditis
1267 1275 1577 1325 teterrimos

91 1367 278 1417 lorum
313 1363 568 1410 auctores
603 1361 718 1410 suis
751 1376 859 1411 non
893 1361 1132 1424 produnt
1152 1360 1447 1423 iudicibuS,
1473 1373 1577 1408 nec

85 1465 168 1501 un
209 1443 474 1497 scurriles
509 1442 733 1494 libellos
767 1445 916 1494 intra
950 1447 1063 1495 tres
1090 1445 1206 1495 dies
1236 1445 1577 1495 comburunt.

85 1549 90 1572 ⁸
121 1529 470 1584 sententiam
499 1528 886 1594 apostolicam,
923 1529 1069 1578 omni
1101 1528 1264 1579 laude
1291 1533 1348 1578 et
1369 1528 1575 1578 honore

85 1623 278 1684 [gnam
318 1613 328 1676 Ι
369 1614 694 1677 cunctisque
743 1611 1189 1664 christifidelibus
1234 1627 1572 1677 summopere
1600 1606 1687 1664 nib

85 1698 456 1755 ecessariaml
529 1699 708 1760 Quam
745 1700 896 1747 certe
934 1697 1031 1760 qui
1063 1711 1173 1746 non
1207 1697 1447 1760 patitur,
1485 1697 1575 1746 cui

85 1787 128 1837 ei
189 1783 602 1848 sacratissime.
635 1781 950 1844 neminique
1004 1795 1114 1830 non
1166 1780 1451 1846 fructuose
1506 1794 1575 1828 ac

85 1874 224 1922 [ane
259 1865 490 1931 perutili
527 1867 622 1929 qui
658 1865 889 1929 resistit,
929 1862 1025 1928 qui
1060 1863 1325 1928 oblatrat,
1362 1864 1460 1927 qui
1492 1865 1571 1912 in-

85 1955 226 2015 idet,
267 1951 366 2014 qui
400 1949 734 2013 obluctatur,
773 1950 868 2013 qui
903 1963 1014 1999 non
1050 1947 1255 2012 obedit,
1296 1950 1391 2011 qui
1424 1947 1576 1998 deni-

85 2055 154 2091 re
193 2033 590 2099 impedimento
627 2037 738 2096 est,
777 2037 876 2084 aut
911 2031 1189 2095 consiliis,
1237 2036 1333 2081 aut
1366 2033 1577 2095 favore,

85 2128 146 2174 at
184 2119 362 2171 factis
399 2118 728 2184 insipienter
762 2115 1069 2181 renitendo,
1104 2115 1430 2180 degenerem
1455 2131 1575 2166 sese

86 2202 456 2266 xristicolam‚
495 2205 551 2253 et
572 2196 596 2268 ΙΙ
619 2217 776 2270 sacre
814 2201 941 2252 fidei
978 2204 1405 2266 contemptorem
1438 2195 1713 2264 luceeiijb

85 2291 268 2344 arius
325 2285 584 2338 ostendit.
653 2286 936 2338 Viderint-
964 2301 1185 2350 quoque
1238 2283 1575 2349 sacerdotes,

85 2393 164 2430 ua
214 2372 562 2424 auctoritate
611 2375 804 2422 contra
849 2374 1206 2438 sacrosancte
1254 2369 1401 2420 sedis
1446 2385 1577 2435 apo-

86 2461 260 2526 olice
315 2455 857 2520 determinationem,
915 2471 1025 2506 non
1071 2455 1248 2506 solum
1292 2455 1575 2517 obscuros,

85 2545 144 2598 =d
185 2547 248 2594 et
291 2542 630 2592 famosarum
673 2537 1031 2605 epistolarum
1077 2540 1343 2605 lectores,
1386 2537 1576 2591 vendi-

107 2717 134 2749 ⁸
173 2709 456 2778 trissfiptii
479 2713 528 2763 2.
548 2727 553 2734 ·
