1942 3109
335 701 530 753 Antiqua
557 700 684 741 huius
711 699 874 753 dialogi
905 700 1103 754 exempla
1130 702 1289 753 quibus
1310 700 1353 740 in
1375 703 1632 742 recensendo
1653 712 1757 742 usus

229 780 350 818 sum,
387 769 472 810 duo
509 774 630 819 sunt,
669 780 850 820 quorum
885 768 1191 821 inscriptiones
1217 768 1416 819 exhibui,
1454 768 1583 821 primi
1610 769 1685 819 (1.)
1712 769 1757 808 in

229 836 425 887 proxime
461 836 704 889 superiore,
743 835 993 877 recentioris
1028 838 1105 887 (2.)
1141 837 1184 876 in
1220 836 1417 889 proxime
1451 837 1646 888 sequenti
1682 848 1756 889 pa-

231 904 354 955 gina.
381 905 637 957 {utrumque
669 904 880 945 duodenis
916 903 1035 945 foliis
1071 903 1293 957 quadratis
1320 908 1510 955 constat,
1549 904 1625 945 sed
1651 916 1757 957 quo-

231 984 324 1013 rum
353 972 549 1013 ultimum
577 972 621 1013 in
647 974 688 1013 2.
719 985 745 1013 a
773 972 988 1025 scriptura
1007 973 1181 1014 omnino
1200 976 1343 1013 vacat.
1388 971 1471 1013 Ubi
1490 970 1582 1012 fieri
1601 972 1757 1025 potuit,

229 1039 488 1094 scripturam
518 1042 556 1081 1.
575 1040 866 1082 exhibuimuS.
911 1052 935 1099 q
962 1040 1187 1093 posuimus
1212 1040 1291 1082 ubi
1308 1040 1492 1093 primum
1518 1040 1763 1093 exemplum
1816 1064 1819 1069 -

230 1120 254 1147 e
279 1120 358 1161 pro
387 1120 438 1149 ae
472 1109 618 1152 habet.
671 1112 1047 1162 paragraphomm
1083 1120 1285 1149 numeros
1318 1108 1373 1148 ad
1411 1107 1649 1160 marginem
1684 1108 1761 1149 ad-

230 1174 312 1215 huc
341 1175 458 1216 edita
486 1176 683 1228 exempla
709 1188 797 1219 non
824 1176 1005 1218 habent.
1062 1176 1317 1216 Recentiora
1357 1175 1576 1228 exempla,
1612 1176 1761 1227 qualia

229 1243 316 1283 iam
342 1243 516 1296 utrique
542 1245 740 1296 exemplo
766 1243 895 1298 primi
921 1243 1157 1285 voluminis
1176 1242 1471 1297 Epistolarum
1492 1242 1547 1286 Ο.
1568 1242 1623 1283 V.
1646 1256 1760 1285 anno

229 1311 346 1353 1556.
383 1312 603 1365 publicato
647 1311 708 1363 [6.
739 1316 781 1352 et
805 1312 846 1352 7.
881 1311 1041 1352 Indicis
1078 1311 1289 1364 bibliogr.
1328 1310 1441 1365 Epp.
1480 1310 1533 1354 Ο.
1562 1309 1642 1363 V.]
1686 1311 1761 1352 ad-

229 1380 320 1420 dita
347 1385 448 1419 sunt
475 1380 648 1431 (roca),
677 1379 734 1421 ad
767 1391 855 1420 rem
891 1378 1081 1421 criticam
1116 1379 1223 1420 nihil
1252 1378 1430 1421 faciunt.
1486 1378 1760 1429 Gallicismis,

230 1452 279 1487 ut
297 1445 605 1487 Germanismis
625 1446 819 1500 epistolae
837 1448 1121 1489 obscurorum
1137 1448 1328 1489 virorum
1357 1452 1545 1497 scatent,
1574 1446 1643 1487 hic
1668 1446 1759 1487 dia-

228 1513 360 1565 logus
388 1516 574 1554 refertus
604 1518 692 1563 est,
731 1517 849 1565 quod
877 1516 1077 1567 quamvis
1102 1516 1159 1556 ad
1194 1521 1411 1557 auctorem
1448 1514 1761 1567 explorandum

229 1586 272 1621 et
298 1580 354 1620 ad
380 1581 522 1634 ipsum
557 1580 783 1634 dialogum
817 1587 930 1623 recte
963 1584 1334 1635 interpretandum
1370 1583 1519 1636 mag-ni
1555 1582 1763 1635 ponderis

229 1660 368 1701 neque
394 1649 536 1691 minus
561 1648 839 1692 manifestum
867 1649 945 1700 sit,
977 1657 1119 1691 tamen
1144 1662 1267 1692 nemo
1296 1662 1421 1702 quem
1448 1650 1580 1691 sciam
1606 1650 1757 1691 obser-

229 1716 364 1757 vavit.
393 1716 441 1757 In
455 1717 606 1769 Belgis
621 1722 750 1770 atquc
763 1718 808 1759 in
830 1718 926 1770 ipso
948 1718 1133 1760 fortasse
1148 1718 1339 1759 Lovanio
1358 1718 1541 1771 scriptas
1560 1730 1657 1758 esse
1674 1719 1757 1759 has

229 1785 381 1835 apinas
409 1786 676 1829 crediderim.
718 1785 1001 1839 Epigramma
1026 1787 1071 1825 in
1098 1786 1294 1838 exemplo
1320 1786 1361 1828 2.
1378 1790 1478 1837 post
1496 1787 1637 1837 ipsam
1662 1786 1755 1825 dia-

229 1851 322 1903 log-i
350 1852 675 1905 inscriptionem
711 1854 897 1907 positum
925 1854 1101 1895 Ioannis
1129 1853 1367 1895 Alexandri
1399 1854 1645 1895 Brassicani
1672 1859 1756 1894 est.
