1942 3109
272 226 369 279 186
446 241 733 277 EPISTOLAE
760 241 1130 278 OBSCVBOBVH
1155 241 1410 276 vmonvn
1435 239 1616 276 NOVAE.
1705 261 1712 268 ·

339 345 565 396 ‘Datum
599 347 659 396 in
694 345 958 411 Colonia,
1065 344 1284 410 quando
1319 345 1613 396 habuimus
1651 345 1800 395 bona

1081 431 1368 482 convivia:

344 520 403 567 et
436 517 671 568 viximus
708 517 767 566 in
800 516 1118 579 hilaritate,
1223 519 1282 566 et
1324 531 1434 566 non
1483 515 1804 564 curavimus

1084 599 1150 650 de
1185 601 1502 665 gravitate'.

272 686 348 736 Et
383 685 465 736 sic
504 685 852 738 consideravi
890 684 1035 749 quod
1069 685 1260 734 fuistis
1295 685 1436 736 bene
1459 683 1804 748 vinificatus,

274 771 331 820 id
368 775 453 821 est
489 771 621 821 vino
656 771 931 835 repletus,
969 768 1204 820 dicendo
1239 769 1554 833 poetaliter.
1593 772 1652 818 et
1689 785 1806 818 cre-

274 855 343 904 do
392 853 535 918 quod
580 855 767 904 fuistis
820 855 1006 905 ebrius
1055 852 1272 918 quando
1319 854 1626 920 scripsistis
1663 852 1802 902 illud

274 938 571 988 dictamen.
643 939 719 988 Et
755 939 1006 990 scribitis
1051 938 1186 987 mihi
1233 937 1378 1002 quod
1423 937 1598 989 debeo
1643 938 1802 989 vobis

274 1024 493 1074 mittere
532 1015 672 1074 illud
710 1022 946 1074 Carmen
983 1022 1126 1088 quod
1165 1022 1465 1088 compilavi
1499 1021 1567 1072 de
1615 1023 1800 1073 ambu-

209 1137 215 1145 ·
274 1107 487 1160 latione
534 1119 660 1159 mea
706 1107 837 1158 hinc
885 1108 1014 1158 inde
1058 1123 1156 1173 per
1190 1106 1534 1170 Almaniam,
1583 1105 1802 1170 quando

274 1193 505 1242 visitavi
529 1193 956 1256 universitates,
983 1192 1196 1243 habens
1220 1190 1538 1241 mandatum
1566 1207 1600 1240 a
1627 1191 1808 1242 Theo-

275 1275 425 1340 logis
463 1275 608 1339 quod
632 1275 799 1326 debui
824 1278 1100 1327 seminare
1125 1276 1372 1327 favorem
1397 1290 1582 1325 eorum
1611 1281 1806 1326 contra

276 1359 582 1410 Iohannem
616 1360 916 1423 Reuchlin‚
966 1363 1024 1411 et
1071 1359 1338 1423 quomodo
1385 1361 1469 1409 fu‘i
1511 1359 1594 1409 ibi
1631 1361 1804 1410 tribu-

278 1443 429 1494 latus
476 1461 510 1494 a
554 1446 735 1511 poetis
782 1446 878 1508 qui
913 1450 1044 1495 sunt
1078 1443 1358 1494 hincinde.
1429 1444 1664 1494 Faciam
1698 1443 1804 1494 uti-

279 1543 414 1593 que,
450 1529 548 1579 sed
582 1545 683 1581 vos
717 1530 917 1580 iterum
950 1529 1166 1580 debetis
1191 1527 1326 1578 mihi
1351 1527 1564 1591 aliquid
1587 1529 1807 1578 mittere

278 1612 346 1664 de
381 1614 588 1664 vestris
625 1615 901 1679 operibns.
972 1614 1048 1663 Et
1082 1612 1209 1664 dedi
1243 1612 1376 1663 huic
1409 1613 1614 1663 nuncio
1660 1612 1808 1676 quod

280 1702 530 1763 portaret
576 1699 752 1750 vobis.
832 1699 1020 1750 Etiam
1073 1699 1271 1748 sciatis
1329 1696 1474 1761 quod
1523 1699 1809 1762 composui

278 1781 533 1832 rithmice
587 1798 697 1832 non
751 1783 1046 1834 attendens
1100 1783 1446 1846 quantitates
1499 1785 1556 1832 et
1606 1780 1776 1847 pedes
1795 1799 1812 1832 t

280 1867 413 1930 quia
435 1867 658 1918 videtur
680 1866 815 1916 mihi
851 1867 996 1930 quod
1029 1871 1194 1918 sonat
1227 1867 1426 1917 melius
1463 1867 1566 1916 sic.
1617 1867 1810 1916 Etiam

280 1967 383 2016 ego
410 1966 519 2001 non
542 1950 715 2001 didici
739 1951 893 2002 illam
918 1953 1214 2017 poen-iam,
1253 1966 1358 2002 nec
1396 1966 1544 2002 curo.
1605 1950 1810 2002 Valete

281 2051 349 2085 ex
384 2035 643 2086 Bruneck
679 2036 737 2085 in
770 2036 1056 2088 Flandria.

284 2163 337 2222 (l
376 2170 659 2222 Carmen
694 2171 1114 2222 Rithmicale
1152 2172 1474 2237 magistri
1498 2171 1814 2238 Philippi

280 2255 701 2306 Schlauraff
735 2255 908 2321 quod
946 2256 1358 2321 compilavit
1391 2260 1458 2306 et
1506 2270 1814 2320 compor-

280 2343 487 2406 tavit,
536 2341 803 2405 quando
848 2343 986 2392 fuit
1023 2340 1276 2392 Cursor
1321 2341 1386 2390 in
1421 2340 1814 2405 Theologia

281 2431 347 2478 et
401 2426 789 2476 ambulavit
838 2441 956 2494 per
1011 2430 1226 2476 totam
1270 2425 1648 2476 Almaniam
1704 2441 1816 2475 su-

854 2511 1225 2575 perierem:

350 2629 571 2682 Christe
624 2629 759 2682 deus
813 2630 1190 2694 omnipotens,
1295 2631 1352 2679 in
1407 2645 1568 2693 quem
1622 2635 1822 2696 sperat

1094 2729 1252 2764 omne
1292 2714 1436 2778 Ens,
