1942 3109
242 196 276 245 8
491 212 780 246 EPIsTOLAE
816 207 1189 247 OBSGVBOBVH
1225 214 1493 249 vmonvu.

244 315 385 363 dixit
416 316 551 364 mihi
585 316 683 365 ille
718 315 1126 367 baccalaurius.
1199 316 1306 367 Sed
1331 318 1462 382 quia
1484 332 1582 368 vos
1611 318 1756 367 estis

242 399 541 463 profundus
600 400 914 465 theologus,
972 418 1105 467 rogo
1147 418 1246 453 vos
1291 402 1486 453 devote
1531 418 1756 453 necnon

241 484 538 547 humiliter,
564 487 877 548 'quantinus
911 486 1210 551 dignemini
1231 487 1363 537 mihi
1387 487 1598 537 solver'e
1623 502 1754 554 pre—

240 569 445 619 dictam
482 570 839 636 questionem,
878 575 933 621 et
966 573 1206 621 scribere
1243 588 1314 622 an
1349 576 1434 623 est
1456 556 1753 636 peccatum

240 654 470 704 mortale
507 669 579 703 an
611 654 849 718 veniale,
886 656 1120 721 simplex
1157 672 1315 706 casus
1353 672 1424 705 an
1459 658 1754 722 episcopa-

240 739 311 787 lis
348 755 420 789 an
456 739 691 803 papalis.
762 739 835 787 Et
871 740 1037 789 etiam
1063 742 1320 791 scribatis
1345 741 1474 790 mihi
1499 756 1571 791 an
1593 741 1755 791 vide·-

239 827 329 871 tur
371 825 529 874 vobis
576 823 720 887 quod
758 825 907 875 cives
944 826 1002 873 in
1037 825 1439 875 Franckfordia
1475 830 1624 875 recte
1661 826 1751 874 fa-

242 909 419 972 ciunt,
469 908 611 973 quod
647 909 853 959 habent
889 910 1042 959 illam
1081 911 1554 974 consuetudinem,
1601 910 1752 974 quod

238 994 560 1056 permittunt
604 993 801 1061 Iudeos
848 994 1102 1044 incedere
1137 996 1198 1043 in
1232 994 1425 1045 habitu
1459 997 1752 1060 magistro-

239 1094 356 1127 rum
380 1083 717 1129 nostrorum:
741 1079 875 1129 mihi
899 1079 1118 1129 videtur
1141 1080 1283 1143 quod
1306 1094 1414 1129 non
1434 1084 1518 1130 est
1537 1084 1750 1129 rectum

242 1166 297 1212 et
332 1168 417 1212 est
450 1180 706 1228 magnum
743 1164 1092 1227 scandalum,
1149 1164 1292 1227 quod
1325 1179 1434 1214 non
1469 1168 1556 1213 est
1588 1164 1750 1213 diffe-

238 1248 417 1297 rentia
462 1248 607 1297 inter
638 1248 835 1315 Iudeos
872 1253 927 1298 et
960 1250 1251 1313 magistros
1287 1254 1529 1310 nostros3
1578 1250 1748 1298 etiam

240 1336 325 1380 est
358 1347 469 1388 una
506 1331 707 1383 derisio
742 1338 1098 1400 sacrosancte
1123 1334 1439 1401 Theologie.
1500 1334 1572 1382 Et
1599 1348 1748 1383 sere—

238 1418 493 1466 nissimus
530 1416 775 1467 dominus
806 1418 1109 1481 imperator
1142 1418 1296 1467 nullo
1331 1417 1485 1467 modo
1521 1417 1752 1468 deberet

240 1501 388 1564 pati,
434 1500 580 1563 quod
616 1516 755 1550 unus
790 1501 992 1569 Iudeus
1029 1502 1124 1564 qui
1161 1506 1246 1550 est
1279 1503 1424 1552 sicut
1461 1503 1642 1564 canis,
1689 1508 1750 1551 et

238 1589 323 1633 est
356 1584 610 1633 inimicus
650 1584 873 1648 Christi,
911 1585 1076 1637 debet
1109 1586 1362 1636 incedere
1389 1587 1534 1635 sicut
1556 1585 1748 1636 doctor

132 1696 139 1701 ·
238 1683 395 1736 sacre
430 1668 727 1736 theolog-ie.
797 1670 982 1719 Etiam
1015 1672 1175 1720 mitto
1197 1670 1352 1721 vobis
1377 1684 1542 1719 unum
1565 1670 1745 1719 dicta—

236 1768 359 1803 men
393 1753 648 1818 Magistri
676 1754 943 1803 Bernardi
964 1755 1278 1820 Plumilegi‚
1311 1755 1618 1819 vulgariter
1639 1755 1747 1804 Fe-

238 1837 500 1900 derleser,
540 1838 683 1901 quod
716 1838 867 1887 misit
903 1839 1038 1888 mihi
1073 1856 1138 1889 ex
1164 1839 1570 1903 Wittenpumk.
1631 1840 1746 1889 Vos

238 1924 382 1973 enim
405 1923 639 1972 novistis
664 1938 801 1987 eum,
832 1924 963 1986 quia
989 1923 1097 1972 fuit
1120 1924 1247 1973 olim
1273 1929 1458 1973 vester
1483 1926 1746 1974 constans

211 2010 293 2071 *in
328 2008 669 2058 Daventria:
706 2012 762 2057 et
796 2007 935 2056 dixit
970 2006 1102 2057 mihi
1137 2008 1281 2071 qnod
1315 2009 1532 2059 fecistis
1569 2009 1622 2058 ei
1645 2009 1744 2059 bo-

234 2108 361 2144 nam
398 2094 739 2155 societatem,
778 2097 837 2141 et
869 2094 988 2156 ipse
1027 2092 1203 2143 adhuc
1239 2097 1322 2143 est
1357 2094 1532 2143 bonus
1557 2094 1744 2144 socius

236 2182 291 2227 et
328 2176 667 2226 commendat
698 2192 795 2226 vos
832 2176 1216 2227 laudabiliter:
1254 2185 1310 2227 et
1343 2179 1426 2227 sic
1459 2178 1647 2229 valete
1685 2179 1744 2227 in

234 2262 448 2312 nomine
484 2261 704 2311 domini.
774 2262 979 2311 Datum
1015 2262 1304 2327 Lyptzick.

1932 257 1940 312 4
