1942 3109
383 219 519 252 vo1..
560 217 604 250 1.
677 211 750 251 19.
790 213 1089 251 smmum
1126 214 1479 252 eunus-ran.
1641 201 1715 252 55

229 322 390 385 Quod
423 322 600 388 longe
638 321 875 384 lateque
911 319 1060 370 luxit

227 406 341 457 Per
373 406 700 455 doctrinam
737 419 846 472 que
885 407 957 456 ab
998 420 1065 454 eo
1101 403 1288 454 finxit:

227 491 405 540 Nemo
439 495 561 540 tam
597 490 747 539 bene
782 489 1015 554 scripsit
1052 491 1491 541 constructiones

229 574 308 623 Et
343 572 742 624 confundebat
775 561 976 638 poetas
1012 573 1146 624 illos
1182 575 1435 640 bufones,

229 660 342 722 Qui
377 673 496 708 non
531 661 692 708 recte
729 657 949 708 diseunt
982 660 1405 722 grammaticam

227 743 343 792 Per
375 742 658 806 logicam,
697 742 1066 792 scientiarum
1100 743 1417 806 scientiam3

227 827 308 875 Et
341 827 406 875 in
441 823 550 876 fide
589 841 701 900 nqn
737 829 865 876 sunt
898 826 1227 891 illuminati,

233 910 371 960 Ideo
410 926 446 959 a
483 914 688 960 sancta
726 909 975 960 ecclesia
1015 910 1279 974 alienati;

237 994 314 1043 Et
349 995 404 1044 si
438 1010 554 1044 non
589 994 788 1046 volunt
820 999 979 1044 recte
1018 994 1255 1059 opinari,

237 1079 406 1128 Tunc
441 1078 645 1128 debent
677 1093 781 1144 per
813 1079 1219 1128 Hochstratum
1256 1083 1621 1144 concremari,

247 1163 358 1225 Qui
394 1161 658 1213 Ioannem
695 1163 979 1214 Reuchlin
1016 1162 1132 1212 iam
1169 1163 1365 1214 citavit

237 1245 314 1296 Et
347 1248 409 1296 in
444 1246 651 1297 iudicio
687 1247 1032 1298 mirabiliter
1064 1249 1347 1300 tractavit.

237 1331 352 1382 Sed
387 1335 453 1380 tu
490 1331 652 1393 audi,
689 1329 824 1381 deus
863 1331 1233 1396 omnipotens,

242 1414 407 1479 Quod
444 1430 548 1480 ego
584 1431 680 1466 oro
715 1415 956 1480 supplex
995 1429 1065 1464 ac
1100 1415 1267 1466 flens:

239 1501 331 1550 Da
365 1503 582 1550 mortuo
616 1500 862 1550 membro
897 1501 1148 1550 favorem
1184 1501 1577 1566 sempiternum

239 1583 318 1632 Et
349 1585 510 1634 mitte
545 1587 745 1648 poetas
784 1582 856 1633 ad
889 1583 1188 1634 infernum.

173 1720 315 1770 Mihi
347 1717 574 1771 videtur
609 1718 758 1783 quod
795 1723 885 1768 est
909 1719 1175 1782 optimum
1200 1735 1442 1784 carmen,
1478 1720 1579 1772 sed
1603 1736 1716 1772 non

173 1806 292 1854 scio
327 1803 596 1868 quomodo
631 1803 812 1856 debeo
849 1802 1143 1867 scandere,
1180 1806 1313 1868 quia
1346 1809 1435 1856 est
1456 1805 1715 1855 mirabile

173 1905 376 1954 genus,
414 1893 472 1940 et
506 1905 610 1955 ego
646 1891 873 1938 tantum
908 1887 1029 1937 scio
1064 1888 1332 1940 scandere
1370 1888 1712 1946 hexametra.

173 1974 296 2024 Non
331 1973 546 2025 debetis
583 1974 711 2038 pati
735 1969 886 2036 quod
911 1971 1119 2036 aliquis
1144 1971 1501 2037 reprehendit
1523 1975 1716 2026 vestra

178 2060 450 2110 carmina:
487 2063 546 2110 et
580 2059 764 2124 igitur
800 2055 1071 2106 scribatis
1095 2057 1259 2107 mihi:
1296 2062 1432 2107 tunc
1456 2073 1561 2122 ego
1584 2056 1716 2107 volo

176 2158 276 2192 vos
309 2143 604 2196 defendere
642 2155 832 2204 usque
869 2138 942 2191 ad
977 2138 1238 2193 duellum.
1310 2139 1385 2190 Et
1420 2140 1611 2192 valete
1648 2156 1717 2189 ex

177 2225 506 2300 Monasterio
541 2229 604 2278 in
641 2221 1034 2288 Westphalia.
