1942 3109
320 212 419 266 108
455 227 834 274 rnpmucoam
860 225 1331 266 nurnssmonrmi
1356 225 1843 278 nuos.0.v.13a1=1›.

317 335 486 398 pauci
521 332 808 391 admodum
847 337 977 384 sunt
1013 331 1107 399 qui
1142 331 1379 397 idipsum
1416 331 1705 400 ignorent,
1740 333 1869 404 Re·-

319 419 473 484 liqua
509 419 681 483 igitur
717 435 824 487 que
861 420 1159 486 supersunt
1194 420 1250 466 et
1294 433 1362 466 ex
1407 416 1839 483 precedentibus

321 503 655 566 adversarii,
704 508 802 552 aut
845 505 904 557 in
941 501 1161 566 Christo
1208 501 1393 569 potius
1439 502 1614 564 amici
1660 503 1838 567 verbis

321 589 449 654 capi
483 592 741 658 possunt,
791 590 997 654 optimo
1044 587 1245 653 cuique
1280 584 1644 638 discutienda
1678 587 1839 646 reliu-

319 687 444 735 quo.
515 683 570 740 4.
642 683 696 739 4.
771 683 827 740 ἦ.

827 807 1001 859 Nota
1037 807 1309 870 Quarto,
1394 805 1404 872 Ι

171 927 301 995 ,(94)
432 916 484 977 ΙΙ
519 925 721 978 Posset
754 927 860 978 hoc
894 926 1019 977 loco
1044 925 1553 986 Reuchliniutarum
1578 926 1718 979 mihi
1744 926 1842 977 ali-

322 1013 447 1076 quis
483 1011 767 1063 obiectare
803 1009 1024 1062 ‘Noster
1058 1011 1298 1061 fortasse
1326 1008 1581 1074 capnion
1616 1011 1845 1062 latiores

321 1095 503 1149 adhuc
557 1096 983 1146 informationes
1038 1095 1107 1146 ab'
1164 1094 1538 1147 universitate
1582 1097 1679 1147 tua
1732 1096 1847 1144 sibi

321 1181 468 1234 mitti
510 1179 884 1235 desideravit’.
957 1179 1105 1243 Quid
1152 1180 1387 1242 obsecro
1432 1183 1519 1230 tot
1564 1192 1633 1228 ac
1668 1182 1846 1228 tantis

317 1265 808 1318 informationibus
842 1264 989 1314 ultro
1028 1265 1279 1328 citroque
1316 1279 1453 1328 opus
1490 1278 1614 1314 esse
1642 1266 1846 1328 potuit,

321 1351 418 1400 ubi
462 1354 630 1401 antea
677 1346 761 1412 (ut
808 1349 1000 1403 statim
1044 1349 1165 1413 ipse
1214 1349 1503 1403 confessus
1550 1347 1665 1414 est)
1722 1364 1845 1400 suas

321 1433 590 1496 edidisset
623 1435 682 1484 in
717 1433 942 1485 oculare
981 1433 1267 1498 speculum
1300 1432 1763 1498 declarationes,
1798 1438 1847 1484 et

320 1521 515 1580 postea
563 1514 942 1579 theutonicas,
991 1516 1093 1566 sub
1131 1515 1323 1567 eadem
1358 1533 1503 1584 pene
1540 1517 1733 1568 forma
1772 1519 1851 1582 (ut

321 1615 488 1664 supra
523 1603 882 1649 memoratum
917 1599 1027 1666 est)
1080 1600 1292 1652 edendo
1326 1601 1467 1651 nihil
1504 1600 1579 1651 ad
1614 1615 1739 1652 rem
1773 1603 1850 1652 fe-

323 1686 488 1750 eerit,
537 1684 672 1748 quin
716 1684 902 1750 potius
943 1685 1149 1738 nostris
1194 1685 1469 1736 illuserit?
1517 1687 1731 1751 Qualis
1774 1692 1851 1736 est

320 1770 420 1821 ille
457 1769 652 1820 doctor
697 1773 796 1820 aut
839 1770 1027 1840 potius
1072 1768 1161 1837 (ut
1204 1770 1339 1821 mihi
1384 1772 1725 1838 temperem)
1770 1787 1852 1822 se·

321 1853 541 1918 ductor,
589 1854 685 1917 qui
729 1851 983 1918 duplices
1024 1854 1086 1906 in
1121 1869 1225 1904 sua
1258 1855 1472 1922 scripta
1508 1854 1855 1913 declaratio-

319 1954 420 1990 nes
465 1935 758 1993 scribendo
802 1937 1144 1993 diversarum
1188 1939 1621 1995 universitatum
1658 1939 1859 1990 docto—

320 2027 474 2078 ribus
518 2040 616 2091 pro
662 2023 790 2075 fidei
832 2025 1171 2090 synceritate
1218 2039 1285 2074 ac
1330 2024 1583 2090 puritate
1616 2025 1863 2075 satisfa-

323 2126 448 2163 cere
483 2124 594 2167 non
629 2111 849 2178 potest?
891 2105 1152 2178 Nunquid
1196 2107 1328 2159 aliis
1378 2109 1863 2162 universitatibus

321 2208 390 2253 ac
428 2189 834 2242 consultoribus
861 2191 1271 2242 commentariis
1295 2191 1861 2248 declarationibusve

322 2279 408 2326 est
440 2273 573 2325 ullis
609 2277 786 2341 opus?
821 2274 1049 2328 Minime
1087 2275 1315 2339 inquam
1352 2276 1599 2342 Syncere
1640 2281 1861 2330 etenim

322 2365 378 2410 et
425 2359 700 2411 catholice
746 2362 1102 2428 scripserunt.
1177 2350 1229 2411 ΙΙ
1274 2361 1525 2426 Itemque
1573 2362 1625 2412 si
1692 2363 1865 2414 latio·

322 2459 437 2493 rem
475 2443 653 2495 adhuc
689 2445 1123 2506 declarationem
1166 2462 1337 2512 supra
1382 2461 1549 2511 quam
1596 2450 1867 2515 oportuit

321 2525 528 2579 habere
572 2527 864 2594 voluisset,
911 2529 1197 2596 debuisset
1242 2529 1466 2582 tandem
1516 2535 1576 2580 et
1621 2534 1714 2584 ab
1764 2534 1867 2582 Er-

239 2603 246 2650 ἶ
321 2606 719 2674 phordensibus
755 2615 812 2662 et
846 2627 880 2662 a
915 2611 1259 2678 Moguntinis
1294 2619 1351 2665 et
1386 2631 1421 2665 a
1454 2615 1640 2678 tribus
1685 2620 1871 2682 potis-

324 2693 518 2742 simum
555 2692 668 2742 illis
708 2692 795 2758 (de
834 2695 1037 2758 quibus
1073 2702 1204 2750 ante
1242 2697 1448 2751 dictum
1485 2697 1596 2764 est)
1656 2702 1871 2764 claris·
