1942 3109
276 212 381 269 856
449 226 687 265 oarvrnt
724 224 925 265 euru
960 224 1250 265 arra-mna
1286 226 1728 266 nomem-102.

276 332 541 389 Naturali
558 335 753 400 itaque
778 335 897 385 iure
920 336 1196 399 tanquam
1230 332 1588 385 firmissimis
1615 334 1822 400 quibus-

276 420 406 473 dam
440 420 698 474 anchoris
744 419 945 470 muniti
991 422 1050 471 et
1083 418 1566 472 intolerabilibus
1601 436 1824 490 sepenu-

276 522 429 559 mero
474 505 729 559 lacessiti
770 504 1014 570 iniuriis,
1050 520 1163 555 non
1208 504 1566 557 indecenter
1605 522 1711 573 pro
1741 522 1824 557 no·

276 597 394 643 stra
430 592 709 659 parvitate
756 590 901 641 citra
946 590 1337 653 cuiuscunque
1374 590 1823 657 indignationem

276 676 688 744 respondimus,
738 676 1129 740 Vocamusque
1181 672 1350 725 deum
1411 676 1478 726 in
1523 680 1740 729 testem
1779 681 1854 727 ετξ·

278 778 467 816 omnes
502 766 757 826 sanctos,
802 763 992 827 nostre
1029 761 1286 811 conscios
1319 759 1704 832 innocentie,
1731 776 1814 811 nee

278 846 441 900 deum
482 845 640 899 modo
686 850 744 897 et
785 849 1014 897 sanctos
1059 845 1208 908 eius,
1253 860 1462 896 verum
1501 850 1572 899 et
1609 849 1816 915 optimos

280 947 530 999 quosque
568 930 776 983 Christi
818 930 911 982 dei
956 933 1234 982 amatores
1274 930 1373 994 qui
1413 946 1528 983 nos
1569 934 1728 1000 piam
1758 934 1820 983 iu-

276 1022 530 1084 stamque
565 1017 831 1068 habuisse
870 1030 1098 1067 causam
1130 1018 1410 1081 perpetuo
1445 1014 1820 1071 testabuntur.

282 1096 335 1156 ([
378 1102 543 1156 Modo
596 1104 784 1154 autem
838 1102 891 1152 si
945 1101 1069 1165 quis
1125 1101 1272 1151 scire
1315 1101 1616 1169 voluerit,
1677 1112 1856 1169 quamn

274 1189 618 1259 potissimum
642 1188 711 1238 ob
740 1200 969 1237 causam
994 1184 1272 1252 Oapnioni
1294 1201 1413 1237 non
1441 1187 1806 1258 adher-escam,

279 1290 447 1341 quum
480 1278 670 1325 tamen
704 1271 997 1337 politiores
1031 1271 1230 1323 literas
1265 1271 1328 1320 in
1361 1271 1534 1324 alma.
1559 1273 1812 1327 universi·

276 1364 395 1412 tate
422 1358 741 1410 Coloniensi
772 1355 1148 1422 compluribus
1180 1356 1344 1406 annis
1375 1356 1688 1422 professus
1713 1359 1814 1418 sim,

274 1442 601 1510 Respondeo
634 1456 723 1493 me
758 1456 871 1493 non
906 1440 1212 1506 Oapnioni,
1255 1439 1355 1491 sed
1391 1446 1812 1511 preceptoribus

258 1516 439 1593 'meis,
486 1526 616 1576 fidei
662 1540 731 1575 ac
776 1524 1140 1590 synceritatis
1184 1525 1580 1579 iuramentum
1634 1530 1798 1599 Pr9⁸¹¹²
1811 1536 1842 1576 13

277 1616 439 1671 tisse.,
498 1610 619 1676 Ego
675 1609 864 1661 datam
918 1610 1153 1662 servabo
1199 1608 1389 1675 fidem,
1454 1626 1666 1679 neque
1701 1615 1804 1665 hinc

276 1696 414 1751 mihi
448 1697 746 1763 quicquam
779 1694 1140 1761 turpitudinis
1185 1700 1512 1762 accrescet,
1567 1701 1744 1751 etiam
1773 1698 1812 1749 ix

278 1800 367 1836 me
422 1787 545 1835 tota
590 1780 860 1847 deglubat
912 1780 1268 1831 obscurorum
1326 1780 1556 1833 cohors.
1647 1785 1818 1838 Ceteri

281 1870 415 1935 quid
450 1870 623 1935 agant
658 1868 1046 1917 contueantur.
1119 1856 1172 1916 ([
1209 1864 1356 1929 Quid
1389 1867 1642 1922 multis?
1699 1870 1818 1922 Ces·

278 1958 401 2006 sate
447 1953 679 2005 obsecro
722 1951 775 2015 (o
811 1965 911 2003 vos
956 1947 1203 2016 obscuri)
1237 1950 1391 2001 viros
1442 1952 1636 2008 bonos
1671 1960 1859 2022 peta-2-

277 2037 597 2091 lantissima
656 2038 970 2087 consectari
1028 2036 1220 2101 lingua
1241 2072 1258 2101 ‚
1329 2033 1578 2090 cessate
1641 2042 1818 2093 morbo

278 2121 642 2189 procacitatis
686 2125 873 2174 vestro
919 2122 1030 2186 uti,
1076 2120 1323 2172 Nolitote
1365 2134 1817 2191 unumquemque

280 2208 526 2261 moribus
568 2207 773 2258 vestris
820 2206 1112 2274 estimare,
1163 2205 1419 2257 Desinite
1469 2206 1817 2275 Capnionem

282 2293 481 2359 (virum
540 2288 754 2355 alioqui
809 2288 1034 2340 doctum
1091 2294 1148 2342 et
1195 2291 1572 2359 prestantem)
1623 2297 1818 2347 vestris

282 2375 637 2430 contumeliis
671 2376 1019 2441 obumbrare,
1053 2375 1330 2442 Deponite
1364 2375 1604 2444 fastum,
1635 2392 1859 2449 super-25

280 2463 460 2527 biam,
518 2464 918 2525 temeritatem,
983 2461 1387 2527 arrogantiam,
1447 2466 1510 2513 et
1565 2465 1814 2532 reliquas

280 2546 463 2611 anime
507 2548 725 2609 pestes,
772 2542 1164 2610 Immundicia,
1209 2544 1527 2613 turpitudo,
1575 2551 1812 2604 stultilo-

340 2706 365 2738 ²
397 2709 598 2759 muniti
622 2712 762 2760 omi-s.
787 2711 839 2759 2.
