1942 3109
319 265 419 318 130
453 279 832 317 Pnrnmconm
861 279 1099 315 nessus.
1122 277 1341 315 conrnA
1366 277 1585 316 runos.
1604 282 1853 321 o.v.m>r.

318 391 522 452 posset.
623 377 675 436 (I
728 387 1031 450 Postquam
1086 386 1219 435 talis
1274 385 1473 434 citatio
1536 386 1729 438 allata
1782 399 1853 439 est

316 472 513 523 Ioanni
537 471 839 534 Renchlin‚
876 475 1010 520 tunc
1037 470 1107 520 ad
1132 469 1571 535 protrahendum
1596 473 1849 524 iudicium

321 557 595 622 allegavit
619 556 886 621 quomodo
913 555 1231 606 cardinalis
1258 559 1453 622 sancte
1480 554 1696 608 Crucis
1720 566 1849 610 esset

319 642 376 692 in
422 643 530 692 hac
579 657 750 694 causa
796 642 1057 706 partialis
1106 645 1163 690 et
1207 625 1323 690 sibi‘
1368 645 1701 704 suspectus,
1772 644 1848 694 Se·

322 728 498 778 cundo
535 727 808 792 allegavit
841 725 1110 790 quomodo
1133 725 1475 776 universitas
1502 723 1845 779 coloniensis

325 812 524 861 librum
581 827 739 862 suum
796 829 862 862 ex
907 810 1100 876 lingua
1146 800 1468 874 germanica
1518 811 1578 859 in
1630 813 1843 863 latinam

319 896 466 946 false
514 895 855 946 traduxisset
903 899 959 945 et
1004 896 1204 946 librum
1248 895 1394 944 hunc
1440 894 1693 959 reliquis
1736 914 1842 946 aca-

321 981 517 1032 demiis
543 979 894 1031 frustillatim
918 980 1232 1042 misissent,
1268 982 1499 1044 propter
1524 995 1641 1049 que
1668 984 1727 1032 in
1750 985 1847 1032 suis

323 1068 646 1131 sententiis,
687 1069 879 1116 contra
917 1081 977 1114 se
1013 1062 1146 1112 latis
1174 1063 1397 1128 decepti
1420 1065 1632 1115 forent.
1706 1067 1849 1130 Quod

321 1157 508 1200 tamen
541 1152 600 1199 in
635 1151 716 1200 rei
740 1150 979 1200 veritate
1006 1162 1287 1211 nunquam
1309 1153 1649 1213 compertum
1672 1155 1760 1198 est
1786 1168 1850 1199 a<
1907 1131 1908 1166 ³

321 1251 603 1300 nunquam
644 1234 1028 1300 comperietur,
1067 1249 1190 1282 cum
1216 1235 1452 1298 ipsemet
1474 1232 1684 1284 librum
1706 1251 1853 1285 suum

325 1337 447 1371 cum
495 1319 870 1370 additionibus
914 1319 1053 1383 ipsis
1088 1317 1589 1382 Parrhysiensibus
1632 1322 1851 1379 miserit,

323 1405 508 1455 Etiam
557 1404 702 1467 quod
747 1403 892 1454 liber
927 1417 1059 1453 suus
1094 1401 1265 1469 Rome
1302 1404 1501 1451 iterum
1542 1419 1614 1452 ex
1657 1421 1851 1471 germa-

323 1490 449 1537 nico
489 1490 544 1537 in
581 1487 816 1536 latinum
854 1487 1229 1550 transpositus
1268 1487 1488 1536 omnino
1529 1487 1587 1536 in
1632 1491 1849 1555 singulis

326 1570 748 1622 concordaverit
785 1584 906 1620 cum
941 1569 1289 1620 traductione
1333 1571 1739 1624 universitatis
1774 1590 1855 1622 no·
1907 1583 1908 1590 ¹

323 1661 434 1725 stre
475 1655 838 1706 coloniensis,
875 1653 882 1720 Ι
1907 1669 1908 1742 χ

190 1793 318 1861 ᾖῇὓ
867 1792 1038 1842 Nota
1074 1791 1310 1841 Primo.
1368 1777 1371 1782 ¹

465 1904 518 1963 (s
541 1913 664 1962 Duo
682 1911 776 1960 hic
795 1911 1279 1978 prememorantur‚
1304 1909 1486 1959 lector
1514 1911 1865 1963 charissime,
1907 1893 1908 1918 ³

328 2015 432 2069 que
461 1998 594 2066 (etsi
617 1997 856 2064 puerilia
881 1994 1035 2060 sunt)
1071 1993 1381 2044 rationibus
1416 1997 1613 2045 tamen
1653 1996 1867 2046 diluan-

323 2091 417 2136 tur
460 2098 800 2148 summopere
849 2085 934 2131 est
978 2079 1384 2130 necessarium:
1432 2079 1659 2129 Obiicit
1716 2083 1865 2131 nohis

325 2170 564 2220 Ioannes
599 2167 901 2226 Reucth,
947 2169 1005 2214 et
1040 2164 1093 2212 id
1142 2163 1361 2228 quidem
1398 2163 1545 2212 falso
1582 2167 1750 2228 quod
1790 2166 1867 2214 do·

329 2255 510 2300 ctores
529 2251 702 2298 nostri
722 2249 896 2311 ipsius
915 2246 1296 2296 theutonicum
1322 2263 1431 2298 non
1452 2247 1861 2300 intellexerint

329 2341 385 2387 et
431 2337 500 2386 ob
555 2334 793 2400 idipsum
849 2333 1095 2396 iniquam
1140 2331 1382 2382 fecerint
1426 2331 1859 2385 traductionem

325 2421 650 2486 Respondeo
686 2417 1000 2470 istiusmodi
1036 2417 1300 2468 cavillum
1335 2417 1478 2466 nihil
1512 2417 1574 2466 in
1610 2431 1679 2468 se
1706 2418 1867 2468 firmi

327 2507 466 2554 tatis
511 2505 721 2554 habere
767 2504 864 2555 sed
899 2504 1241 2554 levissimum
1278 2515 1401 2552 esse
1440 2515 1507 2550 ac
1543 2501 1729 2566 plane
1772 2503 1869 2553 fal·

329 2589 621 2637 sissimum-.
695 2588 854 2650 Quod
889 2588 1025 2638 licet
1058 2588 1117 2635 in
1151 2585 1615 2652 precedentibus,
1670 2587 1873 2638 litters

329 2668 383 2722 SD
421 2671 560 2720 folio
595 2669 791 2720 ultimo
827 2673 968 2720 satis
1004 2668 1348 2720 declaratum
1385 2668 1485 2732 sit,
1522 2667 1635 2718 hoc
1676 2675 1868 2721 tame1

327 2765 438 2802 non
459 2755 640 2804 oberit
661 2752 933 2803 adiecisse
953 2754 1217 2803 Nostram
1234 2751 1501 2802 videlicet
1518 2754 1876 2806 universita-
