1942 3109
247 173 313 224 52
399 222 404 228 .
501 191 793 226 Emsromn
832 189 1199 225 onscvnonvu
1236 189 1507 224 vntonvn.

246 294 435 358 posuit
468 295 601 343 mihi
638 299 902 358 quattuor
924 309 1088 344 voces
1126 309 1292 359 super
1326 292 1481 343 illud.
1552 294 1627 343 Et
1664 310 1776 360 ego

247 379 361 428 feci
406 394 662 444 magnam
698 379 1051 444 diligentiam
1088 378 1233 443 quod
1268 379 1425 445 potui
1461 379 1541 427 ita
1577 379 1774 444 rigmi-

249 479 404 528 κατε,
449 465 596 514 sicut
644 468 730 514 est
773 464 1149 529 rigmizatum:
1211 464 1343 526 quia
1379 463 1482 512 illa
1520 464 1777 513 carmina

248 553 448 599 sonant
482 549 698 612 meliUS,
735 549 884 598 sicut
916 553 1105 612 partes
1130 545 1433 598 Alexandri
1466 551 1595 596 sunt
1622 562 1775 597 com-

247 633 440 700 pilate.
515 632 624 684 Sed
659 634 846 683 nescio
885 648 958 682 an
992 631 1200 682 habent
1234 632 1391 682 vitia.
1462 632 1574 683 Vos
1599 631 1777 682 debe-

248 719 322 767 tis
367 717 468 767 illa
516 718 784 768 scandere
831 715 1131 768 secundum
1178 719 1353 767 artem
1385 714 1778 781 metrificandi,

249 806 306 852 et
343 801 652 852 emendare.

251 954 532 1006 Carmen
567 969 808 1006 novum
859 955 1183 1020 Magistri
1218 953 1407 1004 Petri
1444 952 1782 1018 Negelini

419 1040 488 1090 in
525 1038 790 1089 laudem
825 1040 1057 1088 sancti
1092 1038 1287 1088 Petri
1322 1037 1595 1102 incipit.

322 1174 527 1224 Sancte
563 1175 730 1225 Petre
751 1173 983 1224 ‘domine
1122 1173 1282 1223 nobis
1304 1173 1596 1236 «miserore,

323 1259 468 1320 Quia
504 1257 610 1308 tibi
646 1257 898 1308 dominus
1038 1257 1191 1308 dedit
1217 1272 1339 1306 cum
1365 1258 1489 1307 istis
1517 1254 1777 1308 clavibus
1848 1319 1854 1325 .

316 1343 664 1392 Potestatem
721 1342 1043 1406 maximam,
1190 1357 1407 1392 necnon
1464 1342 1777 1407 specialem

956 1428 1195 1492 gratiam

319 1510 496 1577 Super
532 1527 716 1562 omncs
753 1515 1006 1562 sanctos:
1180 1513 1312 1574 quia
1348 1515 1409 1561 tu
1446 1527 1503 1561 es
1538 1511 1775 1576 privile-

954 1597 1161 1661 giatue,

318 1680 476 1744 Quod
521 1680 691 1732 solvis
739 1684 824 1730 est
869 1681 1136 1744 solutum,
1276 1682 1333 1730 in
1374 1681 1540 1731 terris
1577 1683 1635 1730 et
1668 1697 1775 1745 per

957 1765 1155 1832 celum,

316 1850 390 1899 Et
439 1848 702 1914 quicquid
746 1850 840 1899 hic
883 1849 1180 1914 ligaveriS,
1317 1849 1551 1914 ligatum
1588 1854 1677 1900 est
1710 1851 1773 1902 in

957 1934 1111 2001 celis.

315 2019 463 2085 Ergo
521 2022 578 2069 te
637 2033 874 2083 oramnn,
1022 2033 1241 2068 necnon
1298 2017 1495 2070 devote
1554 2021 1772 2088 suppli-

959 2118 1167 2167 camna,

315 2189 393 2238 Ut
435 2203 558 2238 ores
607 2203 702 2253 pro
739 2187 944 2238 nostris
982 2189 1260 2253 peccatiS,
1409 2193 1637 2255 propter
1670 2190 1773 2242 ho-

955 2288 1143 2324 norem
1176 2272 1577 2324 universitatis.

345 2408 462 2472 Ipsi
507 2407 700 2458 dicunt
755 2407 898 2472 quod
944 2407 1139 2460 doctor
1182 2407 1481 2472 Reuchlin,
1532 2410 1629 2473 qui
1670 2410 1770 2461 he·

242 2494 433 2544 braice
457 2497 695 2544 vocatur
709 2493 948 2544 Ioannes
974 2492 1246 2558 capnion,
1272 2493 1577 2557 acquisivit
1600 2509 1772 2545 unam

244 2579 581 2628 sententiam
616 2593 714 2642 pro
751 2593 812 2628 se
850 2579 908 2626 in
935 2571 1129 2641 Spiraz'
1166 2577 1265 2629 sed
1298 2579 1552 2643 mag-istri
1584 2581 1773 2630 nostri

243 2660 310 2713 de
345 2659 538 2713 ordine
573 2660 983 2728 predicatorum
1017 2659 1225 2725 dicunt,
1262 2661 1409 2726 quod
1440 2677 1553 2712 non
1576 2667 1765 2726 nocet,
