1942 3109
301 193 402 245 230
478 209 770 244 limem-om
795 208 1165 245 onscvnonvu
1189 208 1443 243 vxnonvu
1468 208 1649 243 novae.

302 312 448 377 apud
471 312 1010 365 Reverendissimum
1045 315 1193 363 sicut
1225 314 1366 364 bene
1392 313 1518 362 scit.
1578 313 1709 361 Fuit
1731 312 1821 361 hic

300 412 506 462 rumor,
545 397 687 463 quod
711 398 1021 464 Episcopus
1050 397 1398 447 Coloniensis
1436 400 1523 446 est
1556 400 1821 459 mortuus,

303 484 360 529 et
395 480 589 531 Comes
627 481 694 533 de
729 498 872 533 nova
907 482 1115 545 Aquila
1154 486 1241 532 est
1278 481 1489 531 electus
1525 482 1585 529 in
1620 496 1821 531 novum

301 566 638 631 episcopum.
703 566 763 617 Si
787 570 872 617 est
893 582 1085 617 verum
1101 604 1115 630 ,
1152 570 1285 615 tunc
1310 564 1437 616 volo
1462 564 1651 614 dicere
1678 564 1822 627 quod

305 648 577 701 Canonici
621 648 983 701 colonienses
1030 654 1159 700 sunt
1202 650 1390 714 magni
1450 648 1634 712 stulti,
1688 650 1821 711 quia

299 734 476 785 Poeta
513 738 571 785 et
603 734 914 800 Episcopus
951 734 1171 800 proprie
1208 737 1339 783 sunt
1386 732 1491 783 duo
1530 732 1821 783 Contradi-

301 819 497 869 ctoria.
555 819 744 869 Etiam
779 834 890 869 non
927 823 1077 869 esset
1110 819 1311 868 bonum
1348 832 1447 881 pro
1478 831 1649 867 causa
1672 816 1819 878 fidei,

299 904 433 965 quia
477 901 610 953 talis
659 901 852 953 Comes
901 907 987 953 est
1039 916 1270 967 mag-nus
1324 902 1511 951 fautor
1558 900 1823 951 Iohannis

297 986 589 1036 Reuchlin.
661 987 806 1049 Quia
851 986 993 1037 dixit
1032 987 1167 1035 mihi
1214 984 1436 1049 quidam
1475 983 1821 1048 Curtisan118‚

300 1070 446 1133 quod
482 1070 701 1135 quando
751 1087 818 1121 ex
856 1069 1087 1121 Colonia
1133 1070 1239 1121 ivit
1284 1068 1357 1119 ad
1391 1068 1645 1131 Italiam,
1690 1072 1821 1119 tunc

297 1154 420 1217 ipse
465 1154 618 1205 dedit
667 1156 718 1205 ei
766 1170 932 1205 unam
977 1154 1315 1220 Epistolam,
1364 1162 1530 1216 quam
1576 1155 1823 1218 portavit

298 1238 536 1287 Iohanni
571 1238 875 1289 Reuchline
925 1244 983 1289 et
1026 1238 1216 1289 audivi
1260 1238 1330 1289 ab
1376 1237 1505 1289 aliis
1544 1236 1689 1301 quod
1724 1238 1822 1287 ha·

297 1321 394 1371 bet
429 1323 756 1373 societatem
793 1337 914 1371 cum
949 1322 1141 1372 multis
1170 1323 1349 1386 poetis
1376 1325 1431 1373 et
1454 1322 1615 1372 novis
1642 1321 1821 1371 Theo·

298 1405 440 1470 logis
485 1406 632 1457 sicut
679 1409 764 1456 est
809 1406 1077 1457 Erasmus
1120 1405 1507 1457 Roterdamus.
1588 1405 1821 1467 Quando

297 1504 400 1553 ego
435 1488 520 1538 fui
555 1490 614 1539 in
647 1488 970 1555 Herbipoli,
1016 1494 1171 1540 tunc·
1196 1491 1307 1541 fuit
1340 1504 1485 1540 unus
1518 1493 1689 1555 poeta
1726 1492 1822 1552 qui

297 1575 530 1621 vocatur
573 1572 798 1623 Ulricus
841 1573 1101 1624 Hutenus
1159 1575 1256 1638 qui
1312 1588 1527 1638 semper
1573 1572 1719 1623 ridet
1762 1578 1819 1623 et

297 1660 466 1706 vexat
490 1656 802 1722 Theologos
842 1661 898 1708 et
919 1656 1222 1723 Magistros
1260 1659 1490 1708 artiumz
1524 1658 1647 1721 ipse
1682 1656 1823 1707 dixit

297 1740 357 1788 in
389 1755 586 1791 mensa
621 1741 680 1792 in
714 1756 824 1792 uno
859 1742 1101 1807 hospitio
1136 1741 1207 1791 ad
1233 1741 1505 1805 quendam
1530 1741 1700 1792 alium
1724 1756 1835 1800 noa

297 1824 608 1887 bilitarem‚
656 1826 800 1889 quod
845 1827 905 1875 in
939 1826 1040 1875 illo
1078 1825 1168 1876 die
1204 1827 1431 1891 scripsit
1464 1840 1631 1875 unam
1664 1825 1819 1876 litte·

297 1924 414 1957 ram
451 1908 522 1957 ad
557 1902 714 1959 illum
751 1908 1035 1961 Comitem.
1095 1914 1230 1961 tunc
1266 1910 1553 1975 respondit
1587 1910 1687 1959 ille
1724 1924 1823 1960 no-

295 1992 540 2042 bilitaris
587 1992 737 2057 ‘quid
772 1997 959 2045 tamen
996 1994 1272 2057 scribitis,
1310 1994 1528 2057 quando
1562 1994 1647 2044 sic
1682 1995 1823 2045 scri·

300 2076 435 2127 bitis
475 2076 544 2127 ad
579 2079 872 2129 invicem?
931 2078 1235 2145 Respondit
1260 2077 1385 2142 ille,
1424 2078 1569 2141 quod
1594 2079 1827 2143 scripsit

299 2161 375 2223 ei,
423 2161 568 2223 quod
612 2162 777 2212 debet
821 2164 1011 2213 facere
1054 2178 1313 2228 magnam
1356 2162 1709 2227 diligentiam
1764 2164 1826 2213 in

299 2258 474 2293 causa
507 2244 660 2308 fidei,
701 2248 756 2294 et
790 2244 956 2296 debet
980 2246 1237 2297 labora‘re
1262 2262 1360 2311 pro
1390 2246 1665 2297 Reuchlin
1694 2262 1827 2297 con·
1927 2312 1928 2315 Ἴ

294 2332 384 2378 tra
407 2328 718 2393 Theologos
741 2366 755 2393 ‚
791 2346 859 2381 ne
887 2332 1213 2382 comburant
1239 2330 1537 2397 Speculum
1571 2330 1825 2381 oculare.

298 2416 354 2463 et
378 2412 522 2477 quod
541 2414 769 2463 multum
796 2414 1199 2466 commendavit
1217 2415 1269 2465 ei
1286 2415 1585 2465 Iohannem
1601 2415 1827 2465 Reuch·

296 2496 406 2559 lin,
447 2500 504 2547 et
537 2497 680 2548 dixit
715 2498 859 2561 quod
897 2503 1052 2549 amat
1071 2499 1371 2550 Iohannem
1394 2498 1671 2549 Reuchlin
1698 2506 1827 2551 tan-

297 2595 460 2643 quam
503 2585 717 2647 patrem
753 2598 926 2633 suum.
999 2588 1055 2633 et
1100 2599 1203 2648 ego
1254 2584 1441 2647 tacui,
1486 2598 1558 2633 ne
1595 2587 1831 2634 notaret

296 2665 442 2729 quod
465 2682 584 2717 sum
607 2668 794 2719 fautor
817 2672 1021 2719 vester.
1068 2667 1143 2717 Et
1166 2672 1463 2733 propterea
1488 2667 1615 2718 dico
1638 2668 1827 2732 vobis,
