1942 3109
509 226 644 261 vor„
686 227 726 260 1.
804 221 870 261 17.
913 225 1151 261 munus
1190 227 1342 262 mm».
1632 211 1699 262 47

157 347 277 380 cum
313 347 418 380 sua
445 331 800 396 allegatione
811 332 856 379 *Ρ
893 330 1115 381 debetis
1139 331 1326 397 legere
1350 347 1518 381 unam
1542 334 1697 382 novi·

155 420 332 464 tatem
369 431 495 464 cum
530 415 744 482 letitia,
785 417 916 479 quia
949 415 1225 466 hilarabit
1256 421 1501 467 vestram
1526 416 1695 466 domi-—

153 501 441 550 nationem
475 499 845 562 mirabiliter-3
886 506 944 550 et
979 501 1107 551 volo
1142 503 1387 552 scribere
1424 517 1547 551 cum
1568 504 1692 552 bre·

153 586 318 636 vibus
363 585 573 635 verbis.
649 585 759 634 fuit
805 585 900 634 hic
944 601 1089 634 unus
1126 590 1295 650 poeta
1330 588 1427 650 qui
1459 591 1696 636 vocatur

153 670 396 720 Ioannes
443 669 935 738 EsticampianuS,
988 675 1045 720 et
1088 671 1209 736 ipse
1246 671 1355 720 fuit
1392 672 1535 721 satis
1570 687 1691 738 pre-

153 759 370 818 tensus,
407 759 468 804 et
502 754 862 819 parvipendit
895 769 1032 821 sepe
1056 758 1355 820 magistros
1382 757 1598 819 artium,
1636 761 1693 805 et

157 839 502 888 annihilavit
549 855 644 888 eos
691 841 748 888 in
791 854 896 890 sua
945 840 1217 904 lectione,
1278 845 1337 890 et
1370 840 1511 889 dixit
1544 841 1691 904 quod

153 939 265 974 non
301 928 440 974 sunt
473 923 844 987 sufficientes,
883 928 943 974 et
980 924 1129 986 qnod
1158 940 1299 974 unus
1334 929 1503 989 poeta
1539 925 1695 974 valet

155 1009 350 1059 decem
409 1009 738 1072 magistros,
807 1013 868 1058 et
927 1009 1075 1072 quod
1132 1014 1297 1076 poete
1355 1011 1413 1058 in
1470 1025 1690 1072 proces—

155 1095 314 1142 sione
361 1092 630 1142 deberent
673 1093 977 1159 precedere
1012 1095 1305 1158 magistros
1344 1099 1399 1143 et
1434 1093 1692 1144 licentia-

159 1181 264 1225 tos.
339 1176 416 1225 Et
459 1177 578 1241 ipse
613 1177 754 1242 legit
789 1177 1057 1240 Plinium,
1094 1182 1151 1227 et
1186 1178 1329 1227 alios
1364 1181 1588 1243 poetas,
1638 1182 1695 1227 et

153 1261 297 1311 dixit
355 1261 505 1325 quod
551 1263 807 1326 magistri
857 1263 1059 1312 artium
1106 1279 1215 1313 non
1262 1267 1393 1312 sunt
1436 1265 1691 1329 magistri

155 1349 212 1396 in
271 1351 493 1412 septem
551 1347 767 1396 artibus
813 1347 1172 1412 liberalibus,
1234 1348 1333 1398 sed
1386 1349 1575 1413 potius
1631 1349 1691 1396 in

157 1435 376 1496 septem
445 1434 695 1496 peccatis
749 1431 1121 1497 mortalibus,
1194 1437 1251 1482 et
1310 1447 1422 1483 non
1478 1433 1691 1481 habent

155 1517 364 1567 bonum
399 1515 850 1580 fundamentum,
889 1517 1023 1579 quia
1068 1533 1179 1567 non
1214 1516 1525 1567 didicerunt
1558 1531 1689 1582 poe-

155 1602 355 1664 triam,
417 1601 516 1650 sed
575 1605 794 1650 tantum
854 1603 1043 1651 sciunt
1086 1602 1315 1652 Petrum
1358 1601 1689 1667 Hispanum,

157 1691 214 1734 et
257 1685 448 1734 Parva
497 1683 760 1746 loicalia3
822 1688 881 1736 et
923 1686 1123 1737 habuit
1170 1687 1373 1736 multos
1409 1685 1693 1735 auditores

155 1775 216 1819 et
259 1769 608 1820 domicellos.
683 1773 741 1819 et
795 1769 963 1834 dixit,
1027 1770 1172 1834 quod
1226 1771 1365 1820 nihil
1424 1775 1511 1820 est
1571 1785 1694 1818 cum

157 1853 458 1903 Schotistis
499 1859 556 1904 et
591 1855 926 1918 Thomistis,
980 1858 1037 1904 et
1084 1857 1269 1906 emisit
1310 1855 1693 1918 blasphemias

157 1943 356 1987 contra
416 1937 701 1988 doctorem
748 1943 1023 1989 sanctum.
1096 1940 1250 1989 Tunc
1295 1939 1550 2003 magistri
1598 1953 1692 1988 ex-

155 2026 530 2087 pectaverunt
565 2039 728 2074 suum
763 2027 979 2087 tempus
1015 2028 1077 2073 ut
1099 2023 1451 2074 vindicarent
1478 2039 1537 2073 se
1564 2039 1689 2072 cum

155 2107 433 2158 adiutorio
479 2107 588 2158 dei.
663 2112 722 2158 et
768 2107 901 2156 (leus
947 2107 1129 2158 voluit
1184 2107 1329 2170 quod
1363 2109 1481 2171 ipse
1520 2107 1691 2157 semel

157 2191 298 2242 fecit
341 2207 512 2242 unam
557 2193 898 2254 orationem,
961 2195 1019 2240 et
1065 2191 1477 2242 scandalizavit
1520 2193 1690 2257 magi—

155 2280 333 2339 stros,
371 2275 660 2339 doctores,
701 2281 759 2326 et
794 2276 1149 2341 licentiatos,
1188 2282 1245 2328 et
1277 2277 1692 2339 baccalaurios,

161 2367 218 2409 et
251 2359 510 2412 laudavit
546 2375 705 2410 suam
742 2359 1093 2424 facultatem,
1132 2365 1189 2410 et
1220 2361 1563 2426 vituperavit
1598 2376 1689 2410 sa—

161 2457 312 2494 cram
357 2445 743 2510 Theologiam.
825 2445 900 2494 Et
951 2445 1060 2496 fuit
1102 2461 1305 2510 magna
1351 2444 1690 2495 verecundia

159 2529 306 2578 inter
341 2529 595 2579 dominos
631 2529 700 2578 de
735 2529 1031 2579 facultate.
1102 2531 1177 2579 Et
1200 2529 1547 2594 collegerunt
1570 2544 1682 2577 ma-

162 2614 324 2676 gistri
371 2619 429 2664 et
473 2613 736 2664 doctores
771 2614 1069 2664 concilium
1104 2619 1161 2664 et
1194 2613 1476 2662 dixerunt:
1527 2610 1695 2673 ‘Quid

163 2698 440 2747 facimus?
479 2698 616 2758 quia
661 2697 756 2745 hic
801 2698 962 2746 homo
1004 2697 1184 2746 multa
1230 2697 1371 2744 mira
1418 2695 1589 2739 facit:
1644 2690 1695 2734 si
