<?xml version="1.0" encoding="UTF-8"?>
<!DOCTYPE html PUBLIC "-//W3C//DTD XHTML 1.0 Transitional//EN"
    "http://www.w3.org/TR/xhtml1/DTD/xhtml1-transitional.dtd">
<html xmlns="http://www.w3.org/1999/xhtml" xml:lang="en" lang="en">
 <head>
  <title>
</title>
<meta http-equiv="Content-Type" content="text/html;charset=utf-8" />
  <meta name='ocr-system' content='tesseract 3.04.00' />
  <meta name='ocr-capabilities' content='ocr_page ocr_carea ocr_par ocr_line ocrx_word'/>
</head>
<body>
  <div class='ocr_page' id='page_1' title='image "./epistolaeobscur00huttgoog_0365.png"; bbox 0 0 1942 3109; ppageno 0'>
   <div class='ocr_carea' id='block_1_1' title="bbox 239 240 1591 293">
    <p class='ocr_par' dir='ltr' id='par_1_1' title="bbox 239 240 1591 293">
     <span class='ocr_line' id='line_1_1' title="bbox 239 240 1591 293; baseline 0.001 -2"><span class='ocrx_word' id='word_1_1' title='bbox 239 240 340 291; x_wconf 68' lang='grc'><strong>354</strong></span> <span class='ocrx_word' id='word_1_2' title='bbox 415 256 707 291; x_wconf 74' lang='lat' dir='ltr'>EPISTOLAE</span> <span class='ocrx_word' id='word_1_3' title='bbox 734 256 1105 293; x_wconf 78' lang='lat' dir='ltr'>OBSGVRORVM</span> <span class='ocrx_word' id='word_1_4' title='bbox 1130 256 1383 293; x_wconf 75' lang='lat' dir='ltr'><strong>VIRORVM</strong></span> <span class='ocrx_word' id='word_1_5' title='bbox 1411 258 1591 293; x_wconf 74' lang='lat' dir='ltr'>NOVAE.</span> 
     </span>
    </p>
   </div>
   <div class='ocr_carea' id='block_1_2' title="bbox 242 360 1803 2771">
    <p class='ocr_par' dir='ltr' id='par_1_2' title="bbox 242 360 1803 2771">
     <span class='ocr_line' id='line_1_2' title="bbox 242 360 1779 431; baseline 0.007 -24"><span class='ocrx_word' id='word_1_6' title='bbox 242 360 420 409; x_wconf 82' lang='lat' dir='ltr'><strong>Extra</strong></span> <span class='ocrx_word' id='word_1_7' title='bbox 468 364 524 410; x_wconf 92' lang='lat' dir='ltr'><strong>et</strong></span> <span class='ocrx_word' id='word_1_8' title='bbox 566 360 846 425; x_wconf 86' lang='lat' dir='ltr'><strong>Digestis,</strong></span> <span class='ocrx_word' id='word_1_9' title='bbox 903 361 1073 410; x_wconf 87' lang='lat' dir='ltr'><strong>etiam</strong></span> <span class='ocrx_word' id='word_1_10' title='bbox 1122 378 1188 412; x_wconf 86' lang='lat' dir='ltr'><strong>ex</strong></span> <span class='ocrx_word' id='word_1_11' title='bbox 1235 360 1448 427; x_wconf 83' lang='lat' dir='ltr'><strong>Biblia‚</strong></span> <span class='ocrx_word' id='word_1_12' title='bbox 1506 377 1614 431; x_wconf 78' lang='lat' dir='ltr'><strong>que</strong></span> <span class='ocrx_word' id='word_1_13' title='bbox 1667 382 1779 417; x_wconf 91' lang='lat' dir='ltr'><strong>non</strong></span> 
     </span>
     <span class='ocr_line' id='line_1_3' title="bbox 245 443 1777 508; baseline 0.004 -15"><span class='ocrx_word' id='word_1_14' title='bbox 245 447 374 493; x_wconf 87' lang='lat' dir='ltr'><strong>sunt</strong></span> <span class='ocrx_word' id='word_1_15' title='bbox 408 443 719 507; x_wconf 86' lang='lat' dir='ltr'><strong>mirabilia,</strong></span> <span class='ocrx_word' id='word_1_16' title='bbox 757 446 890 508; x_wconf 91' lang='lat' dir='ltr'><strong>quia</strong></span> <span class='ocrx_word' id='word_1_17' title='bbox 927 444 1141 495; x_wconf 82' lang='lat' dir='ltr'><strong>studuit</strong></span> <span class='ocrx_word' id='word_1_18' title='bbox 1175 447 1233 496; x_wconf 94' lang='lat' dir='ltr'><strong>in</strong></span> <span class='ocrx_word' id='word_1_19' title='bbox 1270 446 1574 497; x_wconf 84' lang='lat' dir='ltr'><strong>Parrhisia.</strong></span> <span class='ocrx_word' id='word_1_20' title='bbox 1634 450 1777 500; x_wconf 86' lang='lat' dir='ltr'><strong>Item</strong></span> 
     </span>
     <span class='ocr_line' id='line_1_4' title="bbox 244 528 1778 596; baseline 0.005 -19"><span class='ocrx_word' id='word_1_21' title='bbox 244 529 432 577; x_wconf 84' lang='lat' dir='ltr'><strong>Lucas</strong></span> <span class='ocrx_word' id='word_1_22' title='bbox 488 528 756 579; x_wconf 88' lang='lat' dir='ltr'><strong>Batodius</strong></span> <span class='ocrx_word' id='word_1_23' title='bbox 814 533 870 578; x_wconf 89' lang='lat' dir='ltr'><strong>et</strong></span> <span class='ocrx_word' id='word_1_24' title='bbox 923 529 1161 581; x_wconf 87' lang='lat' dir='ltr'><strong>Ioannes</strong></span> <span class='ocrx_word' id='word_1_25' title='bbox 1206 530 1477 596; x_wconf 71' lang='lat' dir='ltr'><strong>RuseruS,</strong></span> <span class='ocrx_word' id='word_1_26' title='bbox 1533 532 1778 585; x_wconf 84' lang='lat' dir='ltr'><strong>Ioannes</strong></span> 
     </span>
     <span class='ocr_line' id='line_1_5' title="bbox 248 612 1777 679; baseline 0.003 -16"><span class='ocrx_word' id='word_1_27' title='bbox 248 612 488 679; x_wconf 85' lang='lat' dir='ltr'><strong>Sapidus</strong></span> <span class='ocrx_word' id='word_1_28' title='bbox 536 618 592 664; x_wconf 86' lang='lat' dir='ltr'><strong>et</strong></span> <span class='ocrx_word' id='word_1_29' title='bbox 640 613 800 663; x_wconf 88' lang='lat' dir='ltr'><strong>multi</strong></span> <span class='ocrx_word' id='word_1_30' title='bbox 838 613 967 679; x_wconf 89' lang='lat' dir='ltr'><strong>alii,</strong></span> <span class='ocrx_word' id='word_1_31' title='bbox 1017 616 1114 679; x_wconf 86' lang='lat' dir='ltr'><strong>qui</strong></span> <span class='ocrx_word' id='word_1_32' title='bbox 1148 629 1337 665; x_wconf 89' lang='lat' dir='ltr'><strong>omnes</strong></span> <span class='ocrx_word' id='word_1_33' title='bbox 1372 616 1567 666; x_wconf 89' lang='lat' dir='ltr'><strong>volunt</strong></span> <span class='ocrx_word' id='word_1_34' title='bbox 1602 619 1777 668; x_wconf 89' lang='lat' dir='ltr'><strong>Wim-</strong></span> 
     </span>
     <span class='ocr_line' id='line_1_6' title="bbox 245 697 1793 763; baseline 0.003 -15"><span class='ocrx_word' id='word_1_35' title='bbox 245 697 530 763; x_wconf 85' lang='lat' dir='ltr'><strong>phelingio</strong></span> <span class='ocrx_word' id='word_1_36' title='bbox 578 700 772 749; x_wconf 86' lang='lat' dir='ltr'><strong>iuvare</strong></span> <span class='ocrx_word' id='word_1_37' title='bbox 819 703 1017 748; x_wconf 81' lang='lat' dir='ltr'><strong>contra</strong></span> <span class='ocrx_word' id='word_1_38' title='bbox 1064 700 1373 749; x_wconf 78' lang='lat' dir='ltr'><strong>cucullatos</strong></span> <span class='ocrx_word' id='word_1_39' title='bbox 1420 704 1479 751; x_wconf 86' lang='lat' dir='ltr'><strong>et</strong></span> <span class='ocrx_word' id='word_1_40' title='bbox 1523 717 1617 752; x_wconf 85' lang='lat' dir='ltr'><strong>eos</strong></span> <span class='ocrx_word' id='word_1_41' title='bbox 1652 710 1793 753; x_wconf 70' lang='lat' dir='ltr'><strong>rea·‘</strong></span> 
     </span>
     <span class='ocr_line' id='line_1_7' title="bbox 244 782 1777 847; baseline 0.004 -15"><span class='ocrx_word' id='word_1_42' title='bbox 244 783 379 833; x_wconf 86' lang='lat' dir='ltr'><strong>liter</strong></span> <span class='ocrx_word' id='word_1_43' title='bbox 415 782 671 847; x_wconf 84' lang='lat' dir='ltr'><strong>expedire</strong></span> <span class='ocrx_word' id='word_1_44' title='bbox 709 784 766 831; x_wconf 91' lang='lat' dir='ltr'><strong>in</strong></span> <span class='ocrx_word' id='word_1_45' title='bbox 805 783 1029 847; x_wconf 86' lang='lat' dir='ltr'><strong>scriptis</strong></span> <span class='ocrx_word' id='word_1_46' title='bbox 1065 784 1200 834; x_wconf 69' lang='lat' dir='ltr'><strong>suis·</strong></span> <span class='ocrx_word' id='word_1_47' title='bbox 1258 786 1333 833; x_wconf 90' lang='lat' dir='ltr'><strong>Et</strong></span> <span class='ocrx_word' id='word_1_48' title='bbox 1369 784 1564 835; x_wconf 86' lang='lat' dir='ltr'><strong>dicunt</strong></span> <span class='ocrx_word' id='word_1_49' title='bbox 1587 801 1777 837; x_wconf 88' lang='lat' dir='ltr'><strong>omnes</strong></span> 
     </span>
     <span class='ocr_line' id='line_1_8' title="bbox 246 865 1776 930; baseline 0.003 -15"><span class='ocrx_word' id='word_1_50' title='bbox 246 865 393 930; x_wconf 85' lang='lat' dir='ltr'><strong>quod</strong></span> <span class='ocrx_word' id='word_1_51' title='bbox 428 866 528 916; x_wconf 90' lang='lat' dir='ltr'><strong>ille</strong></span> <span class='ocrx_word' id='word_1_52' title='bbox 564 866 776 916; x_wconf 84' lang='lat' dir='ltr'><strong>Paulus</strong></span> <span class='ocrx_word' id='word_1_53' title='bbox 811 882 923 917; x_wconf 89' lang='lat' dir='ltr'><strong>non</strong></span> <span class='ocrx_word' id='word_1_54' title='bbox 959 872 1046 917; x_wconf 85' lang='lat' dir='ltr'><strong>est</strong></span> <span class='ocrx_word' id='word_1_55' title='bbox 1089 870 1233 918; x_wconf 86' lang='lat' dir='ltr'><strong>bene</strong></span> <span class='ocrx_word' id='word_1_56' title='bbox 1278 868 1544 919; x_wconf 85' lang='lat' dir='ltr'><strong>fundatus</strong></span> <span class='ocrx_word' id='word_1_57' title='bbox 1587 870 1645 918; x_wconf 87' lang='lat' dir='ltr'><strong>in</strong></span> <span class='ocrx_word' id='word_1_58' title='bbox 1690 870 1776 919; x_wconf 86' lang='lat' dir='ltr'><strong>di-</strong></span> 
     </span>
     <span class='ocr_line' id='line_1_9' title="bbox 247 950 1770 1018; baseline 0.003 -19"><span class='ocrx_word' id='word_1_59' title='bbox 247 951 354 1000; x_wconf 85' lang='lat' dir='ltr'><strong>ctis</strong></span> <span class='ocrx_word' id='word_1_60' title='bbox 403 952 546 1015; x_wconf 87' lang='lat' dir='ltr'><strong>suis,</strong></span> <span class='ocrx_word' id='word_1_61' title='bbox 595 955 652 1001; x_wconf 86' lang='lat' dir='ltr'><strong>et</strong></span> <span class='ocrx_word' id='word_1_62' title='bbox 694 950 839 1001; x_wconf 89' lang='lat' dir='ltr'><strong>bene</strong></span> <span class='ocrx_word' id='word_1_63' title='bbox 874 967 1073 1002; x_wconf 84' lang='lat' dir='ltr'><strong>novem</strong></span> <span class='ocrx_word' id='word_1_64' title='bbox 1107 952 1283 1004; x_wconf 87' lang='lat' dir='ltr'><strong>modis</strong></span> <span class='ocrx_word' id='word_1_65' title='bbox 1321 953 1662 1018; x_wconf 85' lang='lat' dir='ltr'><strong>apostatavit</strong></span> <span class='ocrx_word' id='word_1_66' title='bbox 1696 954 1770 1003; x_wconf 84' lang='lat' dir='ltr'><strong>ab</strong></span> 
     </span>
     <span class='ocr_line' id='line_1_10' title="bbox 246 1034 1773 1101; baseline 0 -15"><span class='ocrx_word' id='word_1_67' title='bbox 246 1034 440 1086; x_wconf 83' lang='lat' dir='ltr'>ordine</span> <span class='ocrx_word' id='word_1_68' title='bbox 477 1039 535 1086; x_wconf 92' lang='lat' dir='ltr'><strong>et</strong></span> <span class='ocrx_word' id='word_1_69' title='bbox 572 1039 658 1087; x_wconf 89' lang='lat' dir='ltr'><strong>est</strong></span> <span class='ocrx_word' id='word_1_70' title='bbox 692 1036 979 1099; x_wconf 84' lang='lat' dir='ltr'><strong>inquietus</strong></span> <span class='ocrx_word' id='word_1_71' title='bbox 1006 1041 1063 1087; x_wconf 88' lang='lat' dir='ltr'><strong>et</strong></span> <span class='ocrx_word' id='word_1_72' title='bbox 1086 1038 1329 1087; x_wconf 85' lang='lat' dir='ltr'><strong>trufator</strong></span> <span class='ocrx_word' id='word_1_73' title='bbox 1352 1039 1637 1101; x_wconf 81' lang='lat' dir='ltr'><strong>maximus,</strong></span> <span class='ocrx_word' id='word_1_74' title='bbox 1664 1037 1773 1086; x_wconf 84' lang='lat' dir='ltr'><strong>sic-</strong></span> 
     </span>
     <span class='ocr_line' id='line_1_11' title="bbox 247 1118 1778 1186; baseline -0.002 -15"><span class='ocrx_word' id='word_1_75' title='bbox 247 1125 311 1171; x_wconf 89' lang='lat' dir='ltr'><strong>ut</strong></span> <span class='ocrx_word' id='word_1_76' title='bbox 355 1122 592 1186; x_wconf 86' lang='lat' dir='ltr'><strong>ipsemet</strong></span> <span class='ocrx_word' id='word_1_77' title='bbox 629 1118 928 1170; x_wconf 85' lang='lat' dir='ltr'><strong>Tritemius</strong></span> <span class='ocrx_word' id='word_1_78' title='bbox 981 1122 1207 1186; x_wconf 80' lang='lat' dir='ltr'><strong>scripsit</strong></span> <span class='ocrx_word' id='word_1_79' title='bbox 1251 1122 1310 1170; x_wconf 90' lang='lat' dir='ltr'><strong>in</strong></span> <span class='ocrx_word' id='word_1_80' title='bbox 1354 1136 1466 1171; x_wconf 86' lang='lat' dir='ltr'><strong>una</strong></span> <span class='ocrx_word' id='word_1_81' title='bbox 1498 1120 1663 1169; x_wconf 85' lang='lat' dir='ltr'><strong>litera</strong></span> <span class='ocrx_word' id='word_1_82' title='bbox 1700 1121 1778 1169; x_wconf 82' lang='lat' dir='ltr'><strong>ad</strong></span> 
     </span>
     <span class='ocr_line' id='line_1_12' title="bbox 246 1204 1781 1271; baseline 0.001 -17"><span class='ocrx_word' id='word_1_83' title='bbox 246 1205 642 1270; x_wconf 82' lang='lat' dir='ltr'><strong>Hieronymum</strong></span> <span class='ocrx_word' id='word_1_84' title='bbox 701 1205 1110 1271; x_wconf 84' lang='lat' dir='ltr'><strong>Tungerssheim</strong></span> <span class='ocrx_word' id='word_1_85' title='bbox 1170 1222 1238 1256; x_wconf 86' lang='lat' dir='ltr'><strong>ex</strong></span> <span class='ocrx_word' id='word_1_86' title='bbox 1293 1204 1658 1256; x_wconf 76' lang='lat' dir='ltr'><strong>ochsenfurt:</strong></span> <span class='ocrx_word' id='word_1_87' title='bbox 1720 1210 1781 1255; x_wconf 88' lang='lat' dir='ltr'><strong>et</strong></span> 
     </span>
     <span class='ocr_line' id='line_1_13' title="bbox 249 1288 1779 1355; baseline 0 -17"><span class='ocrx_word' id='word_1_88' title='bbox 249 1305 508 1355; x_wconf 88' lang='lat' dir='ltr'><strong>magnum</strong></span> <span class='ocrx_word' id='word_1_89' title='bbox 543 1288 801 1339; x_wconf 86' lang='lat' dir='ltr'><strong>damnum</strong></span> <span class='ocrx_word' id='word_1_90' title='bbox 840 1294 926 1339; x_wconf 88' lang='lat' dir='ltr'><strong>est</strong></span> <span class='ocrx_word' id='word_1_91' title='bbox 950 1289 1095 1353; x_wconf 87' lang='lat' dir='ltr'><strong>quod</strong></span> <span class='ocrx_word' id='word_1_92' title='bbox 1124 1289 1327 1352; x_wconf 83' lang='lat' dir='ltr'><strong>aliquis</strong></span> <span class='ocrx_word' id='word_1_93' title='bbox 1354 1291 1437 1339; x_wconf 85' lang='lat' dir='ltr'><strong>sic</strong></span> <span class='ocrx_word' id='word_1_94' title='bbox 1462 1290 1631 1340; x_wconf 87' lang='lat' dir='ltr'><strong>debet</strong></span> <span class='ocrx_word' id='word_1_95' title='bbox 1652 1304 1779 1353; x_wconf 88' lang='lat' dir='ltr'><strong>per-</strong></span> 
     </span>
     <span class='ocr_line' id='line_1_14' title="bbox 249 1374 1781 1439; baseline 0 -16"><span class='ocrx_word' id='word_1_96' title='bbox 249 1375 378 1425; x_wconf 89' lang='lat' dir='ltr'><strong>dere</strong></span> <span class='ocrx_word' id='word_1_97' title='bbox 424 1389 694 1439; x_wconf 83' lang='lat' dir='ltr'><strong>papyrum</strong></span> <span class='ocrx_word' id='word_1_98' title='bbox 741 1376 798 1423; x_wconf 88' lang='lat' dir='ltr'><strong>ct</strong></span> <span class='ocrx_word' id='word_1_99' title='bbox 840 1374 1184 1435; x_wconf 86' lang='lat' dir='ltr'><strong>incaustum,</strong></span> <span class='ocrx_word' id='word_1_100' title='bbox 1235 1377 1290 1422; x_wconf 92' lang='lat' dir='ltr'><strong>et</strong></span> <span class='ocrx_word' id='word_1_101' title='bbox 1334 1374 1504 1423; x_wconf 88' lang='lat' dir='ltr'><strong>etiam</strong></span> <span class='ocrx_word' id='word_1_102' title='bbox 1540 1377 1781 1437; x_wconf 78' lang='lat' dir='ltr'><strong>tempuS‚</strong></span> 
     </span>
     <span class='ocr_line' id='line_1_15' title="bbox 251 1456 1781 1523; baseline -0.001 -16"><span class='ocrx_word' id='word_1_103' title='bbox 251 1460 397 1508; x_wconf 85' lang='lat' dir='ltr'><strong>sicut</strong></span> <span class='ocrx_word' id='word_1_104' title='bbox 433 1459 554 1523; x_wconf 81' lang='lat' dir='ltr'><strong>ipse</strong></span> <span class='ocrx_word' id='word_1_105' title='bbox 591 1458 745 1507; x_wconf 85' lang='lat' dir='ltr'><strong>fecit.</strong></span> <span class='ocrx_word' id='word_1_106' title='bbox 817 1457 934 1519; x_wconf 90' lang='lat' dir='ltr'><strong>Ipsi</strong></span> <span class='ocrx_word' id='word_1_107' title='bbox 971 1458 1142 1505; x_wconf 86' lang='lat' dir='ltr'><strong>etiam</strong></span> <span class='ocrx_word' id='word_1_108' title='bbox 1188 1456 1407 1519; x_wconf 87' lang='lat' dir='ltr'><strong>dicunt,</strong></span> <span class='ocrx_word' id='word_1_109' title='bbox 1457 1456 1605 1519; x_wconf 86' lang='lat' dir='ltr'><strong>quod</strong></span> <span class='ocrx_word' id='word_1_110' title='bbox 1648 1472 1781 1507; x_wconf 85' lang='lat' dir='ltr'><strong>san-</strong></span> 
     </span>
     <span class='ocr_line' id='line_1_16' title="bbox 249 1538 1783 1605; baseline -0.001 -14"><span class='ocrx_word' id='word_1_111' title='bbox 249 1546 373 1591; x_wconf 89' lang='lat' dir='ltr'><strong>ctus</strong></span> <span class='ocrx_word' id='word_1_112' title='bbox 399 1542 764 1605; x_wconf 83' lang='lat' dir='ltr'><strong>Hieronymus</strong></span> <span class='ocrx_word' id='word_1_113' title='bbox 791 1539 989 1589; x_wconf 84' lang='lat' dir='ltr'><strong>scribit</strong></span> <span class='ocrx_word' id='word_1_114' title='bbox 1013 1538 1084 1588; x_wconf 85' lang='lat' dir='ltr'><strong>ad</strong></span> <span class='ocrx_word' id='word_1_115' title='bbox 1107 1554 1274 1587; x_wconf 90' lang='lat' dir='ltr'><strong>unum</strong></span> <span class='ocrx_word' id='word_1_116' title='bbox 1300 1540 1629 1587; x_wconf 85' lang='lat' dir='ltr'><strong>monachum</strong></span> <span class='ocrx_word' id='word_1_117' title='bbox 1668 1543 1783 1591; x_wconf 87' lang='lat' dir='ltr'><strong>sic:</strong></span> 
     </span>
     <span class='ocr_line' id='line_1_17' title="bbox 249 1622 1787 1688; baseline -0.001 -12"><span class='ocrx_word' id='word_1_118' title='bbox 249 1624 563 1688; x_wconf 82' lang='lat' dir='ltr'><strong>‘Nunquam</strong></span> <span class='ocrx_word' id='word_1_119' title='bbox 609 1622 676 1673; x_wconf 88' lang='lat' dir='ltr'><strong>de</strong></span> <span class='ocrx_word' id='word_1_120' title='bbox 721 1638 889 1673; x_wconf 88' lang='lat' dir='ltr'><strong>manu</strong></span> <span class='ocrx_word' id='word_1_121' title='bbox 933 1626 1033 1673; x_wconf 88' lang='lat' dir='ltr'><strong>tua</strong></span> <span class='ocrx_word' id='word_1_122' title='bbox 1087 1622 1179 1673; x_wconf 85' lang='lat' dir='ltr'><strong>vel</strong></span> <span class='ocrx_word' id='word_1_123' title='bbox 1232 1622 1411 1673; x_wconf 89' lang='lat' dir='ltr'><strong>oculis</strong></span> <span class='ocrx_word' id='word_1_124' title='bbox 1465 1622 1579 1671; x_wconf 90' lang='lat' dir='ltr'><strong>tuis</strong></span> <span class='ocrx_word' id='word_1_125' title='bbox 1635 1623 1787 1674; x_wconf 86' lang='lat' dir='ltr'><strong>liber</strong></span> 
     </span>
     <span class='ocr_line' id='line_1_18' title="bbox 249 1707 1787 1771; baseline -0.001 -12"><span class='ocrx_word' id='word_1_126' title='bbox 249 1709 518 1759; x_wconf 84' lang='lat' dir='ltr'><strong>Psalterii</strong></span> <span class='ocrx_word' id='word_1_127' title='bbox 551 1707 852 1758; x_wconf 84' lang='lat' dir='ltr'><strong>discedat’:</strong></span> <span class='ocrx_word' id='word_1_128' title='bbox 902 1707 1048 1769; x_wconf 82' lang='lat' dir='ltr'><strong>quod</strong></span> <span class='ocrx_word' id='word_1_129' title='bbox 1093 1709 1142 1759; x_wconf 86' lang='lat' dir='ltr'><strong>si</strong></span> <span class='ocrx_word' id='word_1_130' title='bbox 1189 1710 1337 1759; x_wconf 86' lang='lat' dir='ltr'><strong>esset</strong></span> <span class='ocrx_word' id='word_1_131' title='bbox 1379 1722 1597 1771; x_wconf 84' lang='lat' dir='ltr'><strong>verum,</strong></span> <span class='ocrx_word' id='word_1_132' title='bbox 1646 1707 1787 1757; x_wconf 83' lang='lat' dir='ltr'><strong>t&#39;une</strong></span> 
     </span>
     <span class='ocr_line' id='line_1_19' title="bbox 251 1792 1789 1858; baseline -0.002 -14"><span class='ocrx_word' id='word_1_133' title='bbox 251 1794 532 1858; x_wconf 83' lang='lat' dir='ltr'><strong>obligaret</strong></span> <span class='ocrx_word' id='word_1_134' title='bbox 553 1793 854 1843; x_wconf 83' lang='lat' dir='ltr'><strong>monachos</strong></span> <span class='ocrx_word' id='word_1_135' title='bbox 889 1808 1110 1858; x_wconf 83' lang='lat' dir='ltr'><strong>semper</strong></span> <span class='ocrx_word' id='word_1_136' title='bbox 1145 1795 1203 1842; x_wconf 88' lang='lat' dir='ltr'><strong>et</strong></span> <span class='ocrx_word' id='word_1_137' title='bbox 1237 1807 1335 1857; x_wconf 87' lang='lat' dir='ltr'><strong>pro</strong></span> <span class='ocrx_word' id='word_1_138' title='bbox 1372 1806 1606 1856; x_wconf 83' lang='lat' dir='ltr'><strong>semper,</strong></span> <span class='ocrx_word' id='word_1_139' title='bbox 1644 1792 1789 1854; x_wconf 82' lang='lat' dir='ltr'><strong>quia</strong></span> 
     </span>
     <span class='ocr_line' id='line_1_20' title="bbox 254 1874 1789 1942; baseline -0.001 -15"><span class='ocrx_word' id='word_1_140' title='bbox 254 1881 341 1927; x_wconf 85' lang='lat' dir='ltr'><strong>est</strong></span> <span class='ocrx_word' id='word_1_141' title='bbox 365 1877 705 1942; x_wconf 84' lang='lat' dir='ltr'><strong>negativum.</strong></span> <span class='ocrx_word' id='word_1_142' title='bbox 763 1878 838 1926; x_wconf 89' lang='lat' dir='ltr'><strong>Et</strong></span> <span class='ocrx_word' id='word_1_143' title='bbox 873 1878 956 1927; x_wconf 89' lang='lat' dir='ltr'><strong>sic</strong></span> <span class='ocrx_word' id='word_1_144' title='bbox 991 1877 1251 1928; x_wconf 81' lang='lat' dir='ltr'><strong>monachi</strong></span> <span class='ocrx_word' id='word_1_145' title='bbox 1285 1876 1460 1926; x_wconf 88' lang='lat' dir='ltr'><strong>nichil</strong></span> <span class='ocrx_word' id='word_1_146' title='bbox 1498 1874 1650 1925; x_wconf 84' lang='lat' dir='ltr'><strong>aliud</strong></span> <span class='ocrx_word' id='word_1_147' title='bbox 1686 1875 1789 1925; x_wconf 88' lang='lat' dir='ltr'><strong>de-</strong></span> 
     </span>
     <span class='ocr_line' id='line_1_21' title="bbox 250 1959 1803 2029; baseline -0.002 -16"><span class='ocrx_word' id='word_1_148' title='bbox 250 1964 453 2013; x_wconf 86' lang='lat' dir='ltr'><strong>berent</strong></span> <span class='ocrx_word' id='word_1_149' title='bbox 487 1962 679 2012; x_wconf 84' lang='lat' dir='ltr'><strong>facere</strong></span> <span class='ocrx_word' id='word_1_150' title='bbox 715 1977 882 2027; x_wconf 88' lang='lat' dir='ltr'><strong>quam</strong></span> <span class='ocrx_word' id='word_1_151' title='bbox 917 1963 1242 2029; x_wconf 83' lang='lat' dir='ltr'><strong>psalterium</strong></span> <span class='ocrx_word' id='word_1_152' title='bbox 1281 1962 1496 2025; x_wconf 83' lang='lat' dir='ltr'><strong>legere:</strong></span> <span class='ocrx_word' id='word_1_153' title='bbox 1544 1959 1641 2009; x_wconf 88' lang='lat' dir='ltr'><strong>sed</strong></span> <span class='ocrx_word' id='word_1_154' title='bbox 1678 1976 1803 2025; x_wconf 36' lang='lat' dir='ltr'><strong>ego·</strong></span> 
     </span>
     <span class='ocr_line' id='line_1_22' title="bbox 256 2045 1791 2111; baseline -0.001 -15"><span class='ocrx_word' id='word_1_155' title='bbox 256 2047 420 2097; x_wconf 87' lang='lat' dir='ltr'><strong>credo</strong></span> <span class='ocrx_word' id='word_1_156' title='bbox 457 2062 581 2097; x_wconf 87' lang='lat' dir='ltr'><strong>esse</strong></span> <span class='ocrx_word' id='word_1_157' title='bbox 615 2048 932 2099; x_wconf 87' lang='lat' dir='ltr'><strong>mentitum:</strong></span> <span class='ocrx_word' id='word_1_158' title='bbox 980 2049 1113 2111; x_wconf 84' lang='lat' dir='ltr'><strong>quia</strong></span> <span class='ocrx_word' id='word_1_159' title='bbox 1148 2049 1377 2097; x_wconf 87' lang='lat' dir='ltr'><strong>sanctus</strong></span> <span class='ocrx_word' id='word_1_160' title='bbox 1413 2045 1791 2107; x_wconf 85' lang='lat' dir='ltr'><strong>Hieronymus</strong></span> 
     </span>
     <span class='ocr_line' id='line_1_23' title="bbox 255 2130 1793 2193; baseline 0 -14"><span class='ocrx_word' id='word_1_161' title='bbox 255 2136 368 2181; x_wconf 87' lang='lat' dir='ltr'><strong>met</strong></span> <span class='ocrx_word' id='word_1_162' title='bbox 403 2132 515 2181; x_wconf 88' lang='lat' dir='ltr'><strong>fuit</strong></span> <span class='ocrx_word' id='word_1_163' title='bbox 547 2133 880 2183; x_wconf 82' lang='lat' dir='ltr'><strong>monachus:</strong></span> <span class='ocrx_word' id='word_1_164' title='bbox 929 2135 986 2182; x_wconf 91' lang='lat' dir='ltr'><strong>et</strong></span> <span class='ocrx_word' id='word_1_165' title='bbox 1020 2130 1143 2181; x_wconf 85' lang='lat' dir='ltr'><strong>ideo</strong></span> <span class='ocrx_word' id='word_1_166' title='bbox 1178 2145 1288 2180; x_wconf 86' lang='lat' dir='ltr'><strong>non</strong></span> <span class='ocrx_word' id='word_1_167' title='bbox 1325 2130 1552 2193; x_wconf 83' lang='lat' dir='ltr'><strong>scripsit</strong></span> <span class='ocrx_word' id='word_1_168' title='bbox 1588 2131 1793 2179; x_wconf 86' lang='lat' dir='ltr'><strong>contra</strong></span> 
     </span>
     <span class='ocr_line' id='line_1_24' title="bbox 257 2214 1795 2278; baseline -0.003 -13"><span class='ocrx_word' id='word_1_169' title='bbox 257 2231 369 2266; x_wconf 88' lang='lat' dir='ltr'><strong>eos.</strong></span> <span class='ocrx_word' id='word_1_170' title='bbox 429 2214 635 2266; x_wconf 86' lang='lat' dir='ltr'><strong>Audivi</strong></span> <span class='ocrx_word' id='word_1_171' title='bbox 672 2217 843 2265; x_wconf 89' lang='lat' dir='ltr'><strong>etiam</strong></span> <span class='ocrx_word' id='word_1_172' title='bbox 878 2230 1047 2264; x_wconf 85' lang='lat' dir='ltr'><strong>unam</strong></span> <span class='ocrx_word' id='word_1_173' title='bbox 1081 2214 1285 2263; x_wconf 85' lang='lat' dir='ltr'><strong>trufam</strong></span> <span class='ocrx_word' id='word_1_174' title='bbox 1325 2217 1381 2263; x_wconf 91' lang='lat' dir='ltr'><strong>et</strong></span> <span class='ocrx_word' id='word_1_175' title='bbox 1414 2228 1675 2278; x_wconf 83' lang='lat' dir='ltr'><strong>magnam</strong></span> <span class='ocrx_word' id='word_1_176' title='bbox 1712 2214 1795 2261; x_wconf 87' lang='lat' dir='ltr'><strong>ri·</strong></span> 
     </span>
     <span class='ocr_line' id='line_1_25' title="bbox 254 2297 1794 2363; baseline -0.003 -13"><span class='ocrx_word' id='word_1_177' title='bbox 254 2298 532 2350; x_wconf 83' lang='lat' dir='ltr'><strong>baldriam</strong></span> <span class='ocrx_word' id='word_1_178' title='bbox 567 2298 636 2349; x_wconf 89' lang='lat' dir='ltr'><strong>de</strong></span> <span class='ocrx_word' id='word_1_179' title='bbox 670 2314 780 2350; x_wconf 88' lang='lat' dir='ltr'><strong>uno</strong></span> <span class='ocrx_word' id='word_1_180' title='bbox 817 2298 1091 2363; x_wconf 86' lang='lat' dir='ltr'><strong>discipulo</strong></span> <span class='ocrx_word' id='word_1_181' title='bbox 1116 2297 1539 2362; x_wconf 85' lang='lat' dir='ltr'><strong>Wimphelingii</strong></span> <span class='ocrx_word' id='word_1_182' title='bbox 1562 2297 1660 2359; x_wconf 88' lang='lat' dir='ltr'><strong>qui</strong></span> <span class='ocrx_word' id='word_1_183' title='bbox 1684 2312 1794 2345; x_wconf 89' lang='lat' dir='ltr'><strong>nu-</strong></span> 
     </span>
     <span class='ocr_line' id='line_1_26' title="bbox 257 2380 1801 2449; baseline -0.003 -15"><span class='ocrx_word' id='word_1_184' title='bbox 257 2398 356 2449; x_wconf 86' lang='lat' dir='ltr'><strong>per</strong></span> <span class='ocrx_word' id='word_1_185' title='bbox 401 2382 620 2446; x_wconf 87' lang='lat' dir='ltr'><strong>quando</strong></span> <span class='ocrx_word' id='word_1_186' title='bbox 667 2384 776 2437; x_wconf 89' lang='lat' dir='ltr'><strong>sibi</strong></span> <span class='ocrx_word' id='word_1_187' title='bbox 821 2382 1091 2432; x_wconf 82' lang='lat' dir='ltr'><strong>audacter</strong></span> <span class='ocrx_word' id='word_1_188' title='bbox 1136 2381 1205 2431; x_wconf 85' lang='lat' dir='ltr'><strong>ad</strong></span> <span class='ocrx_word' id='word_1_189' title='bbox 1252 2398 1313 2431; x_wconf 89' lang='lat' dir='ltr'><strong>os</strong></span> <span class='ocrx_word' id='word_1_190' title='bbox 1368 2381 1513 2430; x_wconf 74' lang='lat' dir='ltr'><strong>dixit</strong></span> <span class='ocrx_word' id='word_1_191' title='bbox 1566 2380 1801 2431; x_wconf 82' lang='lat' dir='ltr'><strong>‘Vester</strong></span> 
     </span>
     <span class='ocr_line' id='line_1_27' title="bbox 258 2464 1800 2534; baseline -0.001 -18"><span class='ocrx_word' id='word_1_192' title='bbox 258 2470 556 2533; x_wconf 76' lang='lat' dir='ltr'><strong>preceptor</strong></span> <span class='ocrx_word' id='word_1_193' title='bbox 579 2467 1045 2534; x_wconf 87' lang='lat' dir='ltr'><strong>Wimphelingius</strong></span> <span class='ocrx_word' id='word_1_194' title='bbox 1082 2473 1231 2517; x_wconf 85' lang='lat' dir='ltr'><strong>errat</strong></span> <span class='ocrx_word' id='word_1_195' title='bbox 1253 2466 1447 2529; x_wconf 85' lang='lat' dir='ltr'><strong>valde,</strong></span> <span class='ocrx_word' id='word_1_196' title='bbox 1487 2464 1619 2528; x_wconf 88' lang='lat' dir='ltr'><strong>quia</strong></span> <span class='ocrx_word' id='word_1_197' title='bbox 1647 2466 1800 2514; x_wconf 85' lang='lat' dir='ltr'><strong>scri-</strong></span> 
     </span>
     <span class='ocr_line' id='line_1_28' title="bbox 259 2550 1801 2617; baseline -0.001 -16"><span class='ocrx_word' id='word_1_198' title='bbox 259 2552 376 2617; x_wconf 84' lang='lat' dir='ltr'><strong>psit</strong></span> <span class='ocrx_word' id='word_1_199' title='bbox 411 2555 606 2601; x_wconf 84' lang='lat' dir='ltr'><strong>contra</strong></span> <span class='ocrx_word' id='word_1_200' title='bbox 641 2551 916 2601; x_wconf 89' lang='lat' dir='ltr'><strong>dominum</strong></span> <span class='ocrx_word' id='word_1_201' title='bbox 939 2551 1213 2601; x_wconf 84' lang='lat' dir='ltr'><strong>Abbatem</strong></span> <span class='ocrx_word' id='word_1_202' title='bbox 1238 2550 1561 2599; x_wconf 87' lang='lat' dir='ltr'><strong>Tritemium</strong></span> <span class='ocrx_word' id='word_1_203' title='bbox 1588 2551 1801 2599; x_wconf 81' lang='lat' dir='ltr'><strong>contra</strong></span> 
     </span>
     <span class='ocr_line' id='line_1_29' title="bbox 261 2633 1801 2698; baseline -0.001 -14"><span class='ocrx_word' id='word_1_204' title='bbox 261 2634 590 2685; x_wconf 85' lang='lat' dir='ltr'><strong>monachos:</strong></span> <span class='ocrx_word' id='word_1_205' title='bbox 649 2636 780 2698; x_wconf 88' lang='lat' dir='ltr'><strong>quia</strong></span> <span class='ocrx_word' id='word_1_206' title='bbox 824 2637 882 2685; x_wconf 91' lang='lat' dir='ltr'><strong>in</strong></span> <span class='ocrx_word' id='word_1_207' title='bbox 929 2636 1181 2687; x_wconf 83' lang='lat' dir='ltr'><strong>doctrina</strong></span> <span class='ocrx_word' id='word_1_208' title='bbox 1224 2648 1327 2685; x_wconf 85' lang='lat' dir='ltr'><strong>sua</strong></span> <span class='ocrx_word' id='word_1_209' title='bbox 1374 2637 1431 2683; x_wconf 86' lang='lat' dir='ltr'><strong>et</strong></span> <span class='ocrx_word' id='word_1_210' title='bbox 1478 2633 1801 2683; x_wconf 80' lang='lat' dir='ltr'><strong>sanctitate</strong></span> 
     </span>
     <span class='ocr_line' id='line_1_30' title="bbox 265 2716 1803 2771; baseline -0.003 -2"><span class='ocrx_word' id='word_1_211' title='bbox 265 2722 394 2769; x_wconf 87' lang='lat' dir='ltr'><strong>sunt</strong></span> <span class='ocrx_word' id='word_1_212' title='bbox 416 2720 696 2771; x_wconf 86' lang='lat' dir='ltr'><strong>notabiles</strong></span> <span class='ocrx_word' id='word_1_213' title='bbox 723 2722 780 2770; x_wconf 84' lang='lat' dir='ltr'><strong>et</strong></span> <span class='ocrx_word' id='word_1_214' title='bbox 801 2721 1035 2771; x_wconf 88' lang='lat' dir='ltr'><strong>multum</strong></span> <span class='ocrx_word' id='word_1_215' title='bbox 1066 2720 1263 2771; x_wconf 86' lang='lat' dir='ltr'><strong>utiles:</strong></span> <span class='ocrx_word' id='word_1_216' title='bbox 1301 2720 1359 2768; x_wconf 86' lang='lat' dir='ltr'><strong>et</strong></span> <span class='ocrx_word' id='word_1_217' title='bbox 1394 2716 1639 2767; x_wconf 82' lang='lat' dir='ltr'><strong>ccclesia</strong></span> <span class='ocrx_word' id='word_1_218' title='bbox 1674 2716 1803 2766; x_wconf 84' lang='lat' dir='ltr'><strong>iam</strong></span> 
     </span>
    </p>
   </div>
  </div>
 </body>
</html>
