1942 3109
50 305 52 314 Ι
99 251 562 296 annnam-arrosus
597 249 902 294 onscvnon.
930 249 1121 284 naon.
1148 230 1469 301 [varanna]
1512 231 1622 284 223
1697 257 1709 278 ι

50 317 52 326 =
97 362 390 428 Grecorum
456 353 740 408 kalendas*
799 351 877 420 [et
931 352 1311 420 Pythagoram
1374 350 1615 404 tacendo

95 441 348 508 imitareJ.
1274 475 1279 480 .

195 573 958 666 [EpistolaErasmi
1002 547 1551 654 Roterodami.

97 700 260 750 quam
303 683 396 736 hic
441 681 665 734 honoris
713 679 898 748 gratia
944 679 1402 744 interposuimuS,
1447 682 1510 728 ut
1546 693 1613 727 ea

49 788 68 825 5
93 787 201 838 que
235 751 380 822 falso
415 766 504 819 illi
540 783 575 817 a
609 765 903 818 malevolis
940 765 1201 832 imposita
1245 763 1403 814 fluere
1440 776 1614 828 quan-

559 853 732 904 totius
769 848 1151 916 evanescant]

297 929 350 988 (I
383 937 707 986 Erasmus
744 934 1035 1002 Cesar-io
1071 949 1189 986 suo
1226 933 1301 984 .S.
1339 935 1407 984 D.
1516 971 1522 978 .

193 1023 531 1090 Magnopere
594 1019 729 1070 mih-i
793 1017 1171 1084 displicebant
1226 1016 1462 1086 epistole
1516 1019 1613 1070 ob-

85 1122 370 1162 scurorum
403 1107 660 1160 virorum.
697 1105 808 1156 iam
844 1107 960 1152 tum
998 1103 1068 1154 ab
1104 1103 1294 1154 initio:
1331 1101 1614 1154 delectare

49 1194 364 1263 Jpotuisset
396 1192 640 1254 facecia,
663 1191 775 1240 nisi
807 1189 1037 1238 nimium
1073 1185 1398 1239 offendisset
1432 1202 1613 1238 exem-

79 1279 254 1348 plum.
323 1274 465 1324 Mihi
497 1272 728 1340 placent
761 1273 935 1338 lusus,
972 1271 1071 1324 sed
1108 1273 1248 1323 citra
1286 1273 1613 1336 cuiusquam

83 1359 496 1414 contumeliam.
545 1357 654 1410 Sed
687 1357 975 1410 molestius
1011 1358 1121 1409 fuit
1154 1357 1301 1424 quod
1334 1359 1394 1408 in
1426 1360 1614 1423 poste-

77 1449 232 1498 riore
284 1442 525 1496 editione
572 1444 682 1494 mei
729 1457 948 1508 quoque
996 1443 1233 1493 nominis
1279 1443 1613 1494 mentionem

77 1531 494 1584 admiscuerint.
534 1528 711 1592 Quasi
742 1543 940 1594 parum
976 1528 1179 1578 fuisset
1212 1527 1468 1592 ineptire,
1504 1527 1615 1578 nisi

49 1631 182 1668 ‚nos
220 1629 440 1680 quoque
473 1618 777 1667 vocassent
818 1614 877 1663 in
911 1610 1206 1677 invidiam,
1255 1616 1311 1663 et
1353 1627 1611 1679 magnam

71 1703 300 1768 partem
335 1699 550 1752 fructus
585 1703 670 1750 tot
705 1697 1010 1750 studiorum
1054 1696 1341 1748 laboribus
1378 1697 1613 1763 expetiti

69 1782 476 1844 corrupissent.
511 1782 592 1832 Ne
628 1781 686 1832 id
720 1781 944 1846 quidem
980 1782 1121 1832 satis
1157 1785 1245 1832 est
1276 1782 1471 1833 visum.
1524 1781 1612 1834 En

70 1866 228 1918 alter
261 1861 491 1914 libellus
524 1863 698 1928 priori
735 1863 1034 1928 adsimilis,
1085 1865 1141 1914 in
1176 1866 1377 1930 quibus
1405 1865 1610 1917 crebra

67 1947 290 2002 mentio
335 1945 397 1996 fit
444 1959 630 1996 eorum
677 1949 878 2011 quibus
925 1950 1044 1999 scio
1098 1948 1253 2000 lusus
1297 1949 1611 2004 huiusmodi

63 2045 437 2097 nequaquam
472 2029 712 2097 probari.
767 2032 946 2094 Quam
981 2032 1127 2082 male
1166 2033 1461 2086 consulunt
1494 2035 1608 2100 isti,

63 2135 188 2172 non
233 2115 415 2168 solum
459 2117 520 2166 in
563 2117 806 2182 seipsos,
861 2131 1053 2167 verum
1100 2116 1271 2167 etiam
1317 2118 1377 2168 in
1423 2133 1608 2168 omnes

61 2201 283 2268 quibus
329 2201 472 2270 bone
517 2201 706 2272 littere
753 2202 920 2270 chare
967 2205 1114 2254 sunt.
1182 2201 1302 2252 Iam
1346 2201 1486 2254 illud
1523 2208 1609 2254 est

57 2283 319 2340 omnium
354 2285 798 2340 molestissimum
831 2286 988 2352 mihi,
1023 2286 1073 2338 si
1105 2285 1262 2338 modo
1288 2303 1479 2339 verum
1504 2292 1607 2350 est,

59 2368 225 2438 quod
260 2368 398 2420 mihi
433 2369 604 2422 istinc
639 2386 893 2426 reversus
917 2371 1164 2424 famulus
1188 2387 1342 2423 meus
1365 2373 1606 2425 Iacobus

51 2456 360 2521 narravit,
407 2453 554 2524 apud
591 2457 898 2523 complures
944 2457 1140 2510 haberi
1178 2455 1407 2528 colonie
1442 2457 1607 2530 libel·

49 2545 183 2596 lum
218 2542 414 2594 nescio
451 2555 614 2606 quem
647 2543 706 2594 in
727 2543 932 2594 Iulium
965 2541 1297 2610 pontificem,
1336 2527 1605 2610 quomodo

131 2727 156 2759 ⁰
192 2729 315 2780 iam
337 2733 402 2782 tu
423 2734 496 2787 ab
518 2733 683 2786 initio
707 2730 993 2795 delectare
1020 2735 1066 2788 1.
1090 2736 1143 2788 2.
