1942 3109
115 201 574 246 manummerias
605 200 910 254 onscvnou.
933 200 1127 254 varon.
1154 181 1467 247 [vuinus]
1526 185 1628 256 297

42 293 48 300 ’
113 311 304 378 quibus
356 308 502 374 apud
546 308 754 360 inferos
806 304 1207 373 cacodemones
1252 307 1509 371 utuntur,
1565 309 1629 357 ut

111 410 291 448 eorum
345 395 568 446 viscera
638 391 789 443 duris
857 393 1223 456 torqueantur
1280 390 1626 443 verberibus.

107 478 315 532 Deinde
349 479 656 529 cimmerios
689 479 904 543 petant,
940 476 1097 525 iuxta
1131 473 1305 527 Baias
1337 475 1399 526 in
1434 491 1627 528 caver-

106 567 192 616 nis
231 563 524 616 Plutonem
569 561 886 616 adorantes.
957 560 1119 624 Quod
1160 561 1212 611 si
1262 559 1381 612 illis
1427 559 1623 628 displi-

63 663 90 702 5
112 651 302 714 cuerit,
327 647 478 699 ultra
503 646 900 698 Sauromathas
925 646 1169 711 fugiant,
1196 650 1293 696 aut
1314 646 1375 696 in
1400 644 1623 712 Caspiis

102 735 374 786 montibus
413 747 535 783 eum
571 732 696 798 Gog
731 734 787 782 et
819 730 1028 796 Magog
1071 734 1339 797 perpetuo
1378 730 1622 796 exulent,

98 837 168 872 ne
203 819 400 870 studiis
437 818 816 870 communibus
845 815 1051 881 ‚obesse
1084 815 1401 868 videantur.
1451 817 1623 882 Digni

101 906 242 956 enim
295 906 425 952 sunt
487 902 658 953 scalis
711 902 1013 968 gemoniis,
1072 902 1169 967 qui
1224 902 1326 954 sub
1386 901 1620 953 obscuro

99 1002 319 1039 suorum
352 989 633 1037 nominum
666 985 945 1037 velamine
994 987 1180 1037 omnia
1224 984 1417 1038 divina
1450 988 1619 1052 atque

49 1087 76 1126 0
100 1071 338 1124 humana
377 1067 742 1122 confundunt.
779 1071 898 1138 Que
935 1072 985 1122 si
1020 1071 1323 1123 invaluerit
1355 1069 1625 1122 malorum

92 1157 356 1221 licentia,
403 1171 562 1206 nemo
587 1157 689 1206 sub
729 1155 846 1206 sole
882 1157 1193 1222 principum
1231 1155 1301 1207 ab
1338 1155 1625 1222 impuden-

93 1243 246 1292 tibus
277 1240 536 1290 lenonum
569 1240 833 1290 convitiis
857 1239 1001 1290 liber
1026 1241 1150 1290 erit.
1190 1239 1249 1290 Si
1272 1244 1436 1310 poete
1474 1246 1623 1305 sunt,

91 1323 324 1390 pessimi
355 1324 608 1390 profecto
645 1327 801 1390 sunt,
839 1341 944 1375 nec
981 1325 1170 1377 divino
1208 1325 1432 1390 quidem
1478 1323 1623 1392 [(qui

89 1405 281 1460 nullus
317 1424 439 1460 esse
472 1405 708 1474 potest)]
736 1409 833 1458 sed
868 1408 1149 1461 diabolico
1179 1407 1405 1476 [potius]
1433 1411 1619 1462 furore

43 1509 68 1548 5
89 1491 262 1560 pleni.
298 1493 642 1562 Precipimus
667 1494 860 1560 itaque
896 1493 1058 1545 bonis
1093 1494 1344 1548 omnibus
1381 1495 1617 1546 et‘veris

87 1579 438 1646 potissimum
481 1580 693 1646 poetis,
753 1583 816 1630 ut
873 1583 990 1629 tam
1048 1579 1383 1630 malevolum
1440 1597 1615 1646 genus

81 1663 364 1714 hominum
397 1669 665 1730 perpetuo
703 1663 1069 1715 detestentur.
1104 1665 1264 1715 Vale.
1310 1663 1396 1714 Ex
1430 1668 1614 1716 monte

81 1761 343 1812 pernaso.
419 1749 474 1796 et
539 1746 820 1798 doctorem
877 1747 1169 1814 Braetspis
1229 1749 1365 1800 meis
1426 1749 1612 1800 verbis

81 1827 382 1896 plurimum
417 1828 681 1881 salutato,
824 1831 1018 1891 Τελος.

153 1977 200 2010 1⁷
235 1977 305 2028 In
341 1981 392 2028 2.
427 1980 503 2028 ita
537 1985 642 2028 esl:
709 1980 795 2028 Ex
829 1985 1013 2032 monte
1060 1998 1296 2046 pernaso
1346 1985 1611 2040 infaustis

77 2062 366 2098 musarum
404 2047 620 2097 auibus.
669 2050 727 2096 et
761 2048 944 2099 scribe
980 2049 1180 2099 Ioanni
1213 2051 1504 2102 Reuohlin.
1550 2061 1613 2105 vt

75 2115 376 2178 intelligat
425 2114 614 2164 Iouem
667 2119 884 2178 patrem
931 2131 1113 2174 meum
1168 2130 1279 2168 non
1328 2119 1609 2178 diabolum

82 2183 267 2236 fuisse
307 2180 404 2234 sed
439 2181 730 2236 hominem.
840 2181 880 2216 ¹⁹
920 2184 1114 2238 Τελοσ.
1154 2201 1253 2240 non
1286 2187 1451 2239 habet.
1486 2193 1539 2242 2.
