1942 3109
261 240 362 293 346
435 256 726 291 nms‘rOLAE
752 256 1115 291 OBSCVBORVH
1138 256 1390 292 vmonvu
1415 257 1594 294 NOVAE.

263 360 424 427 deus:
472 358 585 410 ‘Sic
629 360 796 411 etiam
842 363 928 410 est
962 375 1084 411 cum
1118 361 1242 412 istis
1278 362 1479 426 spuriis
1518 365 1614 427 qui
1648 369 1769 416 sunt

265 444 612 495 sacerdotum
650 449 704 495 et
738 446 1086 496 meretricum
1121 446 1249 496 filii:
1287 447 1433 510 Quia
1469 448 1568 498 isti
1591 465 1766 501 sacer·

263 528 418 579 dotes
453 545 562 579 non
595 534 823 595 possunt
868 532 926 580 in
969 532 1087 581 iure
1133 532 1449 583 meretrices
1495 536 1767 585 matrimo-

264 614 490 664 nialiter
523 615 756 678 habere,
795 619 850 665 et
885 632 1015 681 ergo
1051 632 1159 666 non
1204 621 1385 682 potest
1430 616 1766 684 dispensatio

266 700 393 749 filiis
431 715 616 750 eorum
651 699 946 765 proficere'.
1019 701 1175 750 Tunc
1220 717 1321 766 ego
1370 702 1567 753 iterum
1602 704 1765 753 inter-

264 785 458 849 rogavi
507 784 670 847 ‘Quid
717 800 846 849 ergo
891 800 1085 835 servas
1133 784 1198 835 de
1244 786 1479 837 Domino
1523 787 1761 838 Iohanne

265 868 648 919 Pfefferkorn‘?
684 870 840 919 Tunc
875 869 1250 935 respondendo
1286 870 1429 922 dixit
1454 870 1583 937 ‘Ego
1607 870 1763 921 firmi-

269 955 355 1004 ter
391 958 552 1004 teneo
590 953 734 1019 quod
770 954 947 1005 adhuc
974 958 1061 1005 est
1080 954 1318 1021 Iudeus',
1357 960 1413 1006 et
1434 956 1764 1022 Replicando

266 1038 634 1105 allegationes
669 1055 836 1105 supra
871 1044 1056 1091 tactas
1092 1039 1363 1105 allegavit
1398 1043 1564 1092 etiam
1606 1056 1771 1092 evan-

267 1123 472 1188 gelium
505 1124 717 1192 Mathei
764 1123 863 1189 ‚iij.
909 1126 1008 1176 ubi
1051 1128 1165 1175 stat
1200 1125 1361 1189 „Nisi
1395 1126 1517 1190 quis
1552 1130 1770 1176 renatus

267 1209 438 1260 fuerit
473 1224 541 1259 ex
577 1224 723 1273 aqua
761 1214 816 1261 et
850 1210 1077 1275 spiritu,
1114 1225 1222 1260 non
1257 1209 1491 1260 intrabit
1525 1212 1582 1259 in
1605 1212 1776 1261 vitam

269 1295 566 1362 eternam”.
638 1294 744 1345 Sed
789 1296 921 1358 quia
953 1294 1305 1344 Pfefferkorn
1348 1310 1627 1358 nunquam
1672 1296 1781 1344 fuit

269 1382 496 1429 renatus
523 1396 589 1430 ex
614 1379 840 1444 spiritu,
875 1378 1023 1442 Ergo
1049 1376 1151 1426 illa
1178 1392 1323 1441 aqua
1348 1378 1486 1429 nihil
1520 1380 1779 1444 profecit,

271 1463 367 1514 sed
404 1464 520 1527 ipse
557 1462 803 1513 manebit
823 1462 1025 1527 Iudeus
1059 1462 1117 1510 in
1154 1464 1437 1527 eternum’.
1496 1464 1651 1513 Tunc
1679 1480 1781 1529 ego

268 1563 375 1597 non
421 1547 580 1612 potui
623 1547 675 1597 ei
719 1546 868 1595 ultra
912 1544 1269 1609 respondere,
1328 1548 1383 1595 et
1428 1548 1783 1614 surreximu8,

268 1632 386 1698 Ego
433 1635 488 1681 et
535 1630 782 1681 dominus
825 1630 1051 1693 Petrus,
1111 1632 1166 1679 et
1220 1629 1415 1679 ivimus
1471 1628 1783 1683 dormitum.

269 1717 426 1767 Nunc
462 1720 645 1766 autem
679 1715 840 1766 audio
879 1715 1142 1779 quomodo
1178 1715 1285 1766 iste
1311 1730 1547 1779 nequam
1573 1716 1782 1781 gloria-

269 1804 358 1850 tur
393 1800 535 1865 quod
571 1816 669 1851 nos
704 1800 1035 1865 disputando
1069 1800 1234 1865 vicit,
1285 1804 1340 1849 et
1386 1798 1527 1865 quod
1574 1800 1651 1850 sit
1683 1798 1784 1851 do-

273 1885 415 1936 ctior
449 1900 613 1950 quam
649 1901 750 1951 ego
789 1889 844 1935 et
877 1884 1127 1935 dominus
1163 1886 1379 1935 Petrus.
1453 1886 1637 1947 Quare
1686 1900 1787 1935 oro

269 1974 514 2038 vestram
553 1969 979 2021 dominationem
1015 1974 1075 2020 ut
1109 1970 1295 2021 velitis
1319 1970 1452 2019 mihi
1474 1968 1789 2020 rescribere

273 2056 538 2121 quomodo
575 2072 676 2121 ego
711 2056 939 2107 debeam
975 2056 1077 2106 illa
1113 2057 1436 2121 argumenta
1470 2051 1535 2103 de
1560 2052 1791 2118 dispen-

272 2142 515 2203 satione,
552 2141 808 2191 similiter
842 2140 908 2191 de
931 2140 1266 2206 baptismate
1292 2138 1494 2188 domini
1516 2137 1793 2188 Iohannis

273 2222 620 2275 Pfefferkorn
664 2224 906 2288 solvere,
963 2228 1020 2273 et
1062 2224 1153 2273 illi
1198 2222 1466 2273 leccatori
1511 2220 1579 2271 ad
1625 2238 1795 2272 suum

273 2313 506 2361 rostrum
543 2308 808 2373 adligare.
882 2307 1039 2371 Quod
1072 2308 1199 2359 volo
1233 2323 1331 2376 per
1366 2322 1576 2358 omnem
1608 2308 1795 2360 vitam

275 2410 598 2464 promerere.
667 2392 882 2446 Valete.
1412 2378 1427 2395 ‘
