1942 3109
225 227 263 295 (i
481 243 768 278 nrrsronffl
805 241 1174 286 onsovnonvu
1209 245 1479 280 vrnouvm.

227 347 360 395 mihi
393 362 645 412 magnam
683 349 1095 398 conscientiam.
1166 349 1350 414 Nuper
1372 349 1455 398 fui
1478 349 1543 398 in·
1558 351 1728 400 missa

225 432 710 482 Franokfurdensi.
758 437 890 482 tuno
931 434 1013 484 ivi
1058 449 1177 484 oum
1221 449 1329 484 uno
1372 434 1730 485 baccalaurio

227 533 326 581 per
359 517 602 582 plateam
641 517 709 568 ad
743 519 938 582 forum,
978 523 1032 568 et
1056 520 1419 570 obviaverunt
1441 521 1597 570 nobis
1622 520 1728 570 duo

225 603 333 652 viri
369 603 462 666 qui
499 608 868 668 apparuerunt
903 605 1043 653 satis
1078 605 1321 668 honesti,
1360 608 1621 667 quantum
1658 604 1729 653 ad

228 692 526 751 aspectum,
561 691 618 738 et
640 689 949 738 habuerunt
972 690 1160 754 nigras
1182 691 1425 753 tunicas,
1452 693 1505 739 et
1528 703 1729 753 magna

231 773 454 836 caputia
493 789 612 822 eum
650 774 924 838 liripipiiS.
995 773 1069 822 Et
1102 773 1235 824 deus
1274 778 1357 824 est
1392 775 1553 824 testis
1578 789 1728 824 meus

231 855 373 919 quod
409 859 602 921 putavi
671 857 813 921 quod
849 862 980 908 sunt
1014 858 1119 908 duo
1154 861 1405 924 magistri
1437 860 1638 909 nostri:
1674 863 1731 908 et

233 942 343 990 feci
370 943 504 1006 ipsis
529 944 911 1006 reverentiam,
938 942 1255 1008 deponendo
1280 944 1572 994 bii-retum:
1596 948 1729 993 tunc

230 1025 327 1075 ille
351 1027 739 1077 baccalaurius
765 1027 1075 1078 stimulavit
1098 1043 1199 1092 me,
1238 1031 1293 1078 et
1327 1029 1489 1078 dixit:
1517 1026 1728 1077 ‘Amore

228 1110 318 1160 dei
363 1111 494 1175 quid
537 1113 764 1162 facitis?
811 1114 906 1163 isti
951 1115 1080 1162 sunt
1112 1113 1294 1180 Iudei‚
1346 1117 1409 1162 ev
1433 1129 1531 1163 vos
1564 1112 1728 1177 depo·

227 1197 362 1244 nitis
407 1197 672 1247 bin-etum
718 1201 958 1248 vestrum
997 1201 1125 1248 ante
1163 1200 1299 1248 eos':
1346 1194 1484 1246 tuno
1512 1213 1613 1262 ego
1648 1199 1729 1246 ita

225 1281 310 1330 fui
362 1282 712 1344 perterritus,
759 1285 821 1331 ut
856 1284 904 1332 si
937 1283 1197 1333 vidissem
1233 1297 1397 1332 unum
1431 1281 1727 1331 diabolum.

227 1364 299 1412 Et
333 1363 472 1415 dixi:
508 1365 720 1416 domine
757 1364 1131 1430 baccalaurie,
1167 1371 1363 1430 pareat
1396 1367 1529 1416 mihi
1562 1366 1729 1416 domi-

225 1465 328 1498 nus
353 1449 503 1512 deuS,
541 1451 672 1514 quia
697 1451 808 1501 feci
831 1453 1165 1517 ignoranter.
1216 1451 1322 1502 Sed
1346 1451 1477 1515 quid
1500 1453 1730 1516 putatis,

225 1539 406 1582 utrum
452 1535 525 1583 sit
569 1549 822 1600 magnum
867 1539 1209 1600 peccatum?'
1278 1537 1351 1585 Et
1385 1537 1555 1600 primo
1593 1536 1731 1586 dixit

229 1618 372 1682 quod
413 1618 628 1670 videtur
661 1621 795 1684 sibi,
849 1621 992 1684 quod
1038 1626 1122 1671 est
1157 1625 1445 1686 peccatum
1480 1623 1730 1685 mortale,

227 1705 358 1767 quia
397 1704 868 1768 comprehenditur
903 1707 1003 1756 sub
1030 1706 1307 1770 idolatria,
1347 1710 1403 1756 et
1426 1711 1511 1756 est
1536 1712 1731 1757 contra

227 1789 456 1853 primum
489 1794 806 1856 preceptum
843 1807 907 1839 ex
933 1790 1121 1841 decem
1144 1791 1437 1858 preceptiS,
1478 1792 1623 1855 quod
1644 1797 1732 1842 est

229 1873 411 1923 ‘unum
459 1873 616 1924 crede
653 1874 844 1934 deum'.
919 1876 1061 1938 Quia
1098 1875 1313 1939 quando
1352 1876 1554 1939 aliquis
1589 1877 1731 1926 facit

225 1949 481 2008 honorem
515 1958 702 2026 Iude0,
738 1960 828 2010 vel
863 1975 1082 2026 pagano
1108 1961 1268 2023 quasi
1293 1965 1438 2010 esset
1463 1960 1727 2012 Christia-

224 2059 344 2108 nus,
368 2047 500 2092 tunc
525 2044 664 2093 facit
689 2049 880 2094 contra
905 2044 1397 2109 christianitatem,
1424 2049 1479 2095 et
1498 2055 1732 2111 apparet

228 2145 349 2178 esse
384 2133 494 2178 met
529 2129 745 2196 ludens,
782 2130 872 2180 vel
907 2145 1188 2197 paganus:
1225 2135 1281 2181 et
1314 2135 1446 2180 tuno
1481 2127 1637 2198 Iudei
1668 2137 1733 2182 -et

227 2217 432 2279 pagani
455 2213 671 2263 dicunt:
711 2212 873 2264 ‘Eece
911 2229 1010 2264 nos
1046 2231 1229 2264 sumus
1265 2215 1331 2265 de
1365 2215 1457 2264 via
1493 2215 1727 2279 meliori,

226 2300 356 2362 quia
404 2298 704 2348 Christiani
759 2298 977 2347 faciunt
1022 2301 1179 2349 nobis
1224 2300 1617 2350 reverentiam:
1674 2306 1730 2350 et

225 2385 333 2432 nisi
371 2399 610 2433 essemus
646 2384 710 2433 de
747 2383 841 2434 via
877 2383 1104 2447 meliori,
1141 2399 1249 2433 non
1283 2383 1534 2433 facerent
1568 2387 1727 2435 nobis

225 2469 636 2530 reverentiam'3
677 2471 732 2518 et
767 2469 848 2517 sie
884 2467 1250 2517 fortificantur
1284 2469 1342 2517 in
1366 2484 1467 2518 sua
1501 2469 1632 2534 fide,
1672 2475 1729 2520 et

229 2551 539 2617 despiciunt
573 2551 730 2602 fidem
768 2551 1155 2615 Christianam,
1194 2556 1249 2601 et
1271 2567 1379 2602 non
1404 2555 1728 2616 permittunt

224 2653 282 2686 se
320 2639 622 2701 baptizare.
696 2637 849 2684 Tunc
875 2651 975 2700 ego
1000 2637 1283 2701 respondi:
1322 2637 1443 2686 ‘Est
1466 2637 1605 2686 bene
1631 2654 1724 2688 ve—

223 2737 356 2785 rum,
395 2721 610 2785 quando
647 2721 850 2783 aliquis
885 2721 1026 2769 facit
1062 2722 1329 2782 soienter3
1368 2721 1463 2770 sed
1489 2737 1589 2786 ego
1612 2723 1726 2772 feei
