1942 3109
541 218 606 263 16.
630 224 905 261 muamus
929 224 1288 262 nunu-oms.
1594 212 1692 263 221

301 332 354 373 3ο
475 343 545 377 ex
581 328 772 379 ordine
806 328 1219 396 predicatorum
1254 329 1623 399 indulgentie,

473 416 725 464 textores
759 413 1039 479 Auguste,

473 514 575 564 per
615 501 852 564 estatem
885 499 1134 565 locuste,

344 574 392 622 Ε
475 582 746 647 Columbe
781 583 842 632 in
875 583 1225 647 wetti-ania,

476 666 671 717 caules
708 667 768 715 in
801 666 1077 732 Bavaria,

295 764 348 804 35
474 751 687 801 alloces
723 752 782 800 in
817 750 1113 817 Flandria,

473 836 632 886 sacci
665 836 723 884 in
760 835 1058 901 Turingia‚

151 924 219 973 Id
259 926 349 974 est
380 919 635 971 infinitas
673 918 896 969 Salutes
928 920 1092 971 vobis
1139 926 1297 987 opt0‚
1332 923 1689 975 Venerabilis

151 1008 466 1073 Magister,
515 1004 650 1069 qnia.
688 1005 822 1053 estis
858 1004 993 1053 mihi
1029 1005 1111 1053 ita
1160 1005 1363 1055 charus
1410 1008 1559 1057 sicut
1604 1012 1691 1057 est

153 1089 436 1157 possibile
483 1089 543 1137 in
593 1088 836 1137 caritate
887 1102 1000 1137 non
1054 1088 1205 1139 ficta.
1288 1088 1397 1139 Sed
1448 1092 1690 1154 possetis

153 1176 350 1226 dicere
391 1170 540 1237 quod
574 1170 722 1237 fingo
758 1171 918 1221 illam
964 1170 1353 1236 dilectionem,
1401 1175 1535 1237 quia
1580 1190 1689 1224 non

155 1258 399 1310 creditis
438 1256 583 1320 quod
619 1260 706 1306 est
741 1258 824 1306 ita
862 1254 1157 1306 cordialis:
1204 1258 1378 1323 igitur
1412 1274 1523 1309 non
1556 1260 1685 1310 volo

152 1343 398 1394 multum
443 1342 691 1391 scribere
736 1340 804 1391 de
839 1340 962 1390 illa.
1034 1340 1193 1391 Unde
1226 1356 1455 1392 versus:
1494 1344 1685 1406 „Laus

151 1428 389 1495 proprio
427 1424 614 1475 sordet
655 1425 714 1473 in
759 1426 912 1487 ore'’,
948 1425 1283 1475 Teutonice:
1324 1425 1559 1491 „Eygen
1594 1425 1685 1477 lob

154 1508 378 1562 stinckt
403 1510 627 1575 geren”;
688 1508 798 1559 Sed
821 1510 879 1558 in
914 1509 1135 1573 signum
1170 1508 1490 1560 dilectionis
1526 1512 1685 1563 mitto

153 1597 324 1647 vobis
357 1595 456 1645 hic
489 1593 598 1643 duo
633 1608 888 1657 munera,
926 1592 1150 1643 scilicet
1182 1608 1351 1644 unum
1384 1594 1557 1645 Pater
1592 1612 1689 1645 no-

153 1686 281 1732 ster
317 1681 533 1731 factum
569 1677 638 1727 de
675 1692 846 1728 cornu
866 1678 1022 1739 bufli,
1048 1682 1105 1726 et
1128 1679 1315 1743 tetigit
1338 1678 1691 1744 sepulchrum

152 1766 500 1817 Sanctorum
532 1762 689 1812 Petri
725 1766 783 1811 et
815 1760 986 1811 Pauli
1021 1765 1076 1810 et
1118 1761 1324 1812 multas
1373 1762 1518 1812 alias
1561 1762 1691 1811 reli—

150 1850 328 1915 quias
362 1847 553 1912 Rome.
624 1846 699 1894 Et
743 1860 866 1895 cum
911 1845 1019 1895 hoc
1065 1845 1179 1895 feci
1214 1848 1327 1895 tres
1362 1846 1563 1895 missas
1600 1860 1693 1895 su—

148 1934 352 2000 perius
397 1931 531 1996 legi.
611 1928 688 1978 Et
731 1928 924 1980 dicunt
969 1929 1115 1993 quod
1158 1930 1319 1981 valet
1366 1934 1560 1981 contra
1607 1930 1690 1979 la·

153 2025 355 2067 trones
383 2018 441 2065 et
464 2029 652 2064 omnes
675 2014 1151 2063 interfectoriales
1176 2014 1479 2080 nequitias,
1515 2028 1690 2077 quan·

153 2102 225 2151 do
263 2100 480 2163 aliquis
515 2104 641 2149 orat
673 2093 965 2148 Rosaiium
1000 2100 1061 2147 in
1097 2114 1182 2147 eo.
1243 2096 1497 2148 Secundo
1533 2098 1690 2146 mitto

153 2185 318 2236 vobis
366 2198 537 2233 unam
581 2198 696 2233 rem
743 2197 849 2247 que
897 2185 985 2233 est
1027 2182 1207 2247 ligata
1252 2183 1311 2231 in
1364 2182 1689 2248 pannicuIO,

158 2273 217 2319 et
258 2268 436 2318 habet
478 2268 716 2318 virtutes
764 2270 958 2318 contra
1006 2271 1326 2332 serpentes,
1383 2268 1518 2330 quia
1573 2267 1691 2318 vidi

159 2352 631 2417 experimentum:
657 2354 712 2401 et
736 2351 1179 2415 quandocunque
1206 2348 1362 2415 (deus
1390 2350 1691 2416 custodiat)

159 2436 376 2487 mordet
407 2450 508 2496 vos
543 2450 688 2485 unus
725 2440 1154 2509 serpensutunc
1178 2450 1287 2485 non
1308 2439 1477 2485 nocet
1498 2436 1689 2486 vobis:

163 2535 265 2585 ego
299 2520 429 2571 dedi
465 2536 638 2570 unum
661 2519 948 2571 Carlinum
985 2536 1100 2585 pro.
1160 2520 1291 2569 Fuit
1324 2518 1419 2568 hic
1452 2535 1595 2569 unus
1630 2521 1690 2568 in

163 2602 368 2670 Campo
421 2606 561 2673 flore
621 2606 718 2669 qui
761 2605 907 2654 facit
950 2604 1236 2653 mirabilia
1278 2619 1379 2668 per
1424 2605 1691 2653 virtutem

157 2692 343 2740 sancti
376 2690 576 2752 Pauli,
627 2693 686 2738 et
725 2688 926 2737 habuit
967 2687 1203 2735 multum
1238 2684 1305 2734 de
1344 2683 1695 2745 serpentibus
