1942 3109
439 214 566 248 von.
607 215 650 248 1.
723 207 790 248 14.
829 210 1081 249 munus
1119 209 1401 248 nuncu.
1624 198 1695 251 39

163 337 358 384 essem,
417 321 501 369 sic
555 321 669 370 iam
725 317 958 368 notifico
1006 317 1169 367 vobis
1215 318 1359 380 quod
1392 319 1579 370 audivi
1620 320 1689 370 de

160 409 329 456 morte
363 407 528 456 unius
565 402 1037 454 excellentissimi
1072 401 1357 467 Theologi‚
1394 406 1491 468 qui
1520 421 1691 456 voca-

160 495 248 540 tur
281 490 550 554 magister
583 493 777 538 noster
798 487 1099 538 Heckmau
1135 485 1201 538 de
1224 487 1557 553 Pulmonis,
1593 493 1693 554 qui

155 576 265 624 fuit
308 590 450 624 unus
497 573 832 638 principalis
879 573 997 634 vir,
1046 575 1105 621 et
1150 575 1395 638 tempore
1428 590 1547 626 meo
1582 576 1695 626 fuit

159 660 237 709 ibi
270 663 472 721 rector,
512 662 570 707 et
603 658 716 706 fuit
737 655 1042 722 profundus
1070 661 1483 721 argumentator
1514 661 1571 709 in
1593 661 1691 711 via

158 743 340 806 Scoti,
388 747 446 792 et
491 743 604 792 fuit
636 742 896 791 inimicus
933 743 1177 791 omnium
1210 746 1497 806 poetarum
1530 759 1689 812 seeu-

157 830 376 890 larium,
414 832 472 878 et·
495 828 606 876 fuit
640 827 728 876 vir
763 826 982 876 zelosus
1021 829 1078 876 et
1111 825 1351 876 libenter
1386 828 1693 880 celebravit

157 915 385 973 missas;
449 915 506 960 et
564 910 784 974 quando
841 911 1029 960 tenuit
1073 915 1407 961 rector-atum
1453 914 1689 981 Vimine,

157 1002 290 1046 tunc
325 997 576 1046 servavit
611 996 900 1060 supposit'a
937 996 997 1044 in
1032 1010 1233 1059 magno
1268 995 1467 1060 rigore,
1504 1002 1561 1048 et
1582 997 1693 1048 fuit

157 1081 482 1130 laudabilis,
555 1079 736 1129 Semel
770 1081 928 1129 venit
951 1094 1096 1128 unus
1121 1081 1302 1128 socius
1328 1097 1395 1130 ex
1417 1081 1691 1145 Lim-avia,

161 1165 382 1229 quando
419 1181 520 1228 ego
557 1165 638 1214 fui
672 1165 910 1230 Vienne,
949 1167 1051 1228 qui
1085 1163 1249 1213 debet
1284 1181 1405 1216 esse
1440 1170 1609 1232 poeta
1632 1172 1691 1218 et

157 1251 384 1315 scripsit
421 1250 592 1300 etiam
627 1253 822 1311 metra,
861 1252 918 1298 et
952 1249 1138 1298 voluit
1173 1248 1355 1314 legere
1380 1255 1552 1300 artem
1576 1269 1685 1302 me-

156 1334 466 1396 trificandi‚
527 1337 586 1382 et
638 1349 750 1383 non
793 1334 904 1383 fuit
948 1332 1286 1384 intitulatus.
1368 1335 1524 1384 Tunc
1568 1336 1689 1400 ipse

157 1420 427 1484 magister
471 1422 660 1468 noster
703 1417 1001 1468 Heckman
1036 1417 1319 1482 prohibuit
1354 1419 1433 1482 ei,
1481 1423 1537 1468 et
1569 1420 1691 1484 ipse

157 1505 266 1554 fuit
313 1505 397 1552 ita
432 1506 724 1570 pretensus
763 1501 905 1566 quod
942 1517 1053 1551 non
1088 1501 1269 1553 voluit
1306 1517 1497 1554 curare
1534 1519 1688 1554 man—

156 1589 347 1638 datum
373 1588 522 1648 eius;
548 1591 683 1636 tunc
706 1589 889 1637 rector
911 1586 1198 1652 prohibuit
1218 1589 1520 1654 suppositis
1546 1588 1693 1652 quod

157 1689 266 1723 non
313 1672 583 1722 deberent
625 1671 857 1721 visitare
893 1673 1015 1721 eius
1052 1671 1375 1734 lectionem3
1422 1677 1558 1721 tunc
1591 1672 1691 1722 ille

155 1756 407 1807 ribaldus
445 1756 689 1806 accessit
731 1758 1003 1806 rectorem
1040 1759 1097 1804 et
1131 1755 1271 1804 dixit
1304 1757 1357 1806 ei
1390 1757 1567 1806 multa
1602 1773 1692 1806 su-

155 1843 331 1907 perba
376 1841 559 1902 dicta,
608 1844 666 1890 et
711 1841 968 1890 tibisavit
1014 1855 1165 1890 eum:
1210 1844 1345 1890 tunc
1388 1841 1509 1905 ipse
1544 1841 1696 1890 misit

157 1943 254 1992 pro
302 1925 528 1976 famulis
569 1926 818 1975 civitatis
856 1929 913 1974 et
944 1925 1127 1974 voluit
1163 1941 1285 1975 eum
1320 1926 1693 1990 incarcerare,

159 2013 294 2076 quia
339 2011 450 2060 fuit
492 2025 752 2075 magnum
787 2008 1115 2058 scandalum
1152 2009 1299 2072 quod
1333 2009 1567 2074 simplex
1602 2025 1691 2058 so-

159 2098 282 2145 cius
319 2095 544 2146 deberet
578 2095 818 2144 tibisare
855 2097 1333 2160 unumaerectorem
1354 2095 1691 2143 universita-

157 2181 232 2230 tis
269 2181 366 2244 qui
401 2184 488 2230 est
519 2180 792 2244 magister
826 2181 1046 2239 noster3
1082 2182 1139 2227 et
1176 2192 1298 2227 cum
1333 2177 1439 2228 hoc
1464 2195 1565 2243 ego
1594 2194 1693 2227 an-

157 2265 246 2314 dio
311 2265 454 2328 quod
509 2264 608 2314 ille
669 2263 856 2314 socius
913 2276 1097 2326 neque
1156 2267 1245 2312 est.
1299 2263 1695 2312 baccalaurius

159 2364 340 2412 neque
374 2349 659 2414 magister,
697 2363 803 2398 nec
827 2351 916 2398 est
939 2347 1129 2410 aliquo
1154 2345 1310 2396 modo
1336 2345 1695 2410 qualificatus

161 2449 262 2482 seu
300 2433 619 2497 graduatus,
657 2437 716 2482 et
751 2432 986 2482 incessit
1010 2431 1160 2480 sicut
1181 2431 1443 2494 bellator,
1479 2431 1572 2480 vel
1599 2429 1696 2493 qui

159 2517 288 2566 vult
332 2517 612 2567 ambulare
661 2517 733 2566 ad
777 2516 1015 2578 bellum,
1064 2519 1123 2564 et·
1166 2514 1363 2565 habuit
1395 2515 1602 2580 pileum
1638 2516 1697 2562 et

161 2601 392 2665 longum
437 2600 672 2651 cultrum
714 2603 775 2651 in
818 2600 1017 2649 latere.
1096 2599 1194 2649 sed
1236 2613 1335 2663 per
1378 2597 1540 2646 deum
1572 2599 1697 2658 ipse

165 2685 376 2734 fuisset
429 2684 808 2736 incarceratus
854 2684 904 2732 si
945 2697 1059 2731 non
1100 2680 1393 2729 habuisset
1436 2679 1599 2724 notos
1644 2675 1706 2718 'm
