1942 3109
198 199 267 247 42
458 210 749 247 nms'ronffi
786 210 1154 247 onscvnonvn
1191 211 1461 246 vmonvu.

199 316 356 367 modo
414 317 619 365 transit
674 316 834 365 vobis
892 317 951 366 in
1011 316 1113 366 illa
1171 316 1272 366 lite
1331 332 1453 365 cum
1499 316 1732 367 doctore

198 401 489 451 Reuchlin.
562 402 716 451 Tunc
762 402 1019 451 dixerunt
1065 400 1210 465 quod
1245 400 1344 451 ille
1380 402 1582 451 iux-ista
1618 402 1738 451 scit

199 502 299 538 vos
347 485 754 537 circumducere
804 500 927 535 cum
970 500 1074 535 sua
1121 490 1258 536 arte.
1331 486 1486 535 Tunc
1535 488 1738 550 optavi

202 571 345 636 quod
370 571 621 621 dominus
644 570 779 621 deus
804 571 945 621 velit
967 570 1101 620 dare
1125 570 1283 620 vobis
1307 586 1463 619 suam
1489 572 1737 635 gratiam

200 656 347 720 quod
383 657 537 705 eritis
570 656 769 706 victor.
841 654 1095 705 si‘vultis
1128 655 1264 703 mihi
1287 656 1558 717 scribere,
1593 659 1737 704 tunc

202 742 369 790 etiam
425 740 638 791 debetis
683 740 819 790 mihi
866 740 931 789 de
981 739 1078 789 illo
1125 740 1396 802 scribere,
1445 740 1575 803 quia
1609 740 1735 789 vel-

203 825 310 875 lem
357 826 598 875 libenter
642 826 804 875 scire.
884 824 989 874 Isti
1033 825 1230 890 iuriste
1276 823 1488 873 vadunt
1531 824 1624 873 hic
1674 830 1738 874 et

201 910 423 959 dicunt:
451 908 680 959 ‘Doctor
700 909 974 959 Rcuchlin
997 909 1168 959 habet
1189 909 1394 958 bonum
1416 910 1736 973 negocium,

204 999 261 1043 et
295 994 565 1058 Theologi
599 995 658 1043 in
696 992 929 1044 Colonia
954 994 1210 1043 fecerunt
1235 993 1288 1043 ei
1311 993 1604 1043 iniuriam’.
1657 993 1740 1043 Et

201 1095 300 1143 per
358 1078 517 1129 deum
576 1094 677 1144 ego
736 1080 901 1128 timeo
962 1077 1108 1141 quod
1155 1077 1398 1127 ecclesia
1443 1081 1628 1142 potest
1674 1079 1738 1127 in

204 1163 529 1213 scandalum
562 1164 773 1224 venire,
811 1164 859 1212 si
893 1162 992 1213 ille
1017 1163 1160 1211 liber
1184 1161 1481 1226 Speculum
1505 1162 1738 1212 oculare

202 1264 313 1297 non
350 1248 703 1309 comburitur,
742 1246 875 1309 quia
899 1247 1072 1296 habet
1094 1246 1297 1295 multas
1323 1247 1736 1311 propositiones

200 1330 679 1394 irreverentiales,
720 1334 776 1381 et
810 1334 1007 1379 contra
1041 1330 1201 1381 fidem
1239 1331 1586 1381 catholicam.
1658 1332 1740 1379 Et

204 1418 254 1467 si
287 1432 397 1467 non
435 1417 653 1481 cogitur
686 1415 785 1466 ille
810 1416 1010 1465 iurista
1035 1416 1105 1465 ad
1129 1416 1559 1479 revocationem,
1597 1418 1736 1465 tunc

206 1501 309 1551 alii
353 1501 522 1551 etiam
567 1501 867 1551 tentabunt
910 1502 994 1550 sic
1029 1501 1272 1550 scribere
1309 1500 1368 1549 in
1404 1500 1736 1565 Theologia‚

206 1586 457 1649 quamvis
488 1600 599 1633 non
636 1585 837 1645 sciunt,
875 1588 931 1633 et
964 1599 1144 1647 neque
1179 1584 1510 1633 studuerunt
1542 1585 1600 1633 in
1634 1588 1736 1635 via

206 1670 439 1735 Thome‚
486 1682 665 1731 neque
710 1669 771 1717 in
813 1669 909 1718 via
956 1668 1176 1719 Alberti
1217 1683 1396 1732 neque
1436 1668 1615 1730 Scoti3
1677 1675 1739 1719 et

207 1754 377 1803 etiam
422 1768 533 1803 non
576 1756 705 1802 sunt
748 1752 1054 1803 illuminati
1097 1754 1154 1801 in
1197 1752 1304 1803 fide
1349 1768 1447 1816 per
1491 1754 1738 1817 gratiam

206 1838 638 1903 spiritussancti.
712 1838 857 1899 Quia
891 1838 1272 1900 unusquisque
1307 1836 1474 1887 debet
1507 1853 1738 1889 manere

204 1924 264 1971 in
298 1922 573 1971 facultate
609 1936 728 1984 sua,
766 1925 825 1971 et
858 1938 967 1971 non
1003 1922 1168 1971 debet
1200 1922 1420 1972 mittere
1444 1922 1648 1973 falcem
1675 1925 1738 1973 in

206 2021 439 2057 messem
474 2006 722 2056 alterius.
796 2007 927 2069 quia
962 2010 1117 2055 sutor
1153 2010 1240 2056 est
1273 2010 1426 2056 sutor
1463 2011 1518 2057 et
1552 2012 1739 2059 sartor

207 2096 294 2141 est
340 2094 548 2153 sartor,
596 2095 653 2141 et
697 2092 859 2141 faber
905 2096 992 2140 est
1036 2091 1213 2141 faber.
1283 2091 1359 2139 Et
1402 2106 1512 2141 non
1557 2096 1739 2143 staret

204 2177 347 2226 bene
405 2177 455 2225 si
508 2190 649 2225 unus
694 2178 877 2225 sartor
920 2175 1096 2225 vellet
1138 2177 1330 2225 facere
1378 2176 1598 2226 calceos
1641 2179 1738 2229 vel

208 2260 489 2311 stamulta.
561 2262 673 2310 Vos
718 2259 935 2311 debetis
983 2259 1248 2309 audacter
1293 2259 1588 2311 defendere
1633 2276 1738 2313 vos

208 2349 265 2395 et
298 2360 517 2395 sacram
552 2343 930 2408 Theologiam,
970 2348 1027 2394 et
1049 2346 1220 2394 etiam
1246 2360 1348 2409 ego
1373 2346 1544 2395 orabo
1569 2346 1734 2397 deum

207 2446 305 2495 pro
359 2430 549 2491 vobis,
610 2427 754 2491 quod
808 2429 947 2479 velit
999 2429 1160 2478 vobis
1207 2430 1450 2479 tribuere
1496 2430 1737 2494 gratiam

209 2529 391 2576 suam,
441 2517 497 2562 et
528 2512 845 2563 illuminare
891 2515 1135 2565 vestrum
1168 2513 1542 2577 intellectum,
1588 2514 1738 2563 sicut

209 2600 349 2649 fecit
402 2597 649 2661 antiquis
692 2598 970 2662 patribuS‚
1030 2612 1099 2647 ne
1143 2598 1398 2648 diabolus
1444 2599 1738 2665 prevaleat

213 2698 333 2735 cum
358 2683 471 2733 suis
498 2683 859 2735 servitoribus
886 2686 1078 2743 contra
1102 2682 1392 2733 iustitiam.
1465 2681 1574 2733 Sed
1597 2684 1736 2733 scri·
