1942 3109
184 237 252 283 42.
273 238 519 277 ΑΟΗΔΤῙΙ
539 239 820 276 Lunum.
845 233 909 279 43.
933 239 1064 280 own.
1076 240 1573 278 rnnnszxmwnu.
1611 223 1707 276 291

183 347 312 399 fieri
337 345 553 410 calida,
579 346 718 395 satis
744 348 856 396 est:
882 345 1013 410 qnia
1037 346 1123 396 ita
1145 346 1379 411 incipiet
1399 361 1497 397 vos
1523 359 1709 396 amare

187 431 338 497 qnod
361 430 584 495 quando
611 445 722 481 non
743 429 895 481 videt
915 447 1044 495 vos,
1082 432 1207 497 ipsa
1229 432 1409 482 nescit
1432 432 1527 482 ubi
1552 432 1707 482 estis.

185 517 492 568 Probatum
529 519 617 566 est
649 531 810 582 sepe,
849 521 905 566 et
938 517 1147 568 totiens
1184 516 1457 580 quotiens.
1516 516 1593 566 Et
1614 514 1709 567 de-

186 601 336 652 betis
369 601 510 652 mihi
546 599 768 652 credere
807 600 950 665 quod
987 603 1103 652 ista
1138 602 1379 654 seientia
1416 605 1501 650 est
1543 598 1707 652 valde

184 686 459 752 preciosa.
521 685 597 735 Et
633 701 734 751 ego
769 701 878 736 non
913 685 1104 737 darem
1136 686 1296 738 vobis
1332 686 1445 736 nisi
1469 699 1709 735 amarem

182 787 282 823 vos
317 772 404 821 ita
451 771 913 822 intentionaliter.
983 771 1131 838 Ergo
1174 787 1274 823 vos
1320 771 1489 822 etiam
1534 768 1707 820 semel

184 856 400 908 debetis
436 855 575 905 mihi
607 857 948 922 participare
985 873 1153 908 unum
1176 861 1466 908 secretum.
1524 855 1600 905 Et
1624 855 1709 904 sie

183 941 384 993 Valete
446 955 572 990 cum
624 941 872 992 sanitate
923 945 1133 992 vestra.
1211 941 1419 992 Datum
1462 941 1705 1005 Romane

189 1025 364 1092 Curis.

903 1279 988 1332 43.

275 1399 328 1458 (1
365 1395 666 1461 Frater
709 1396 914 1462 Otho
958 1397 1617 1462 Flerssklirdrius

473 1501 808 1567 Magistro
847 1502 1135 1555 Ortvino
1173 1503 1412 1556 Gratio

182 1621 466 1671 Devotam
501 1620 819 1674 Orationem
853 1639 1030 1675 meam
1063 1639 1160 1691 pro
1194 1624 1401 1676 salute.
1469 1637 1702 1673 venera-

183 1705 322 1756 bilis
357 1707 468 1770 vir,
501 1710 562 1756 ut
595 1708 843 1776 scribitis
868 1708 1169 1771 mihi-quod
1188 1721 1374 1758 omnes
1397 1722 1497 1758 nos
1524 1706 1702 1756 Theo·

185 1791 304 1856 logi
338 1789 594 1842 debemus
620 1807 786 1858 agere
810 1794 1025 1858 gratias
1048 1792 1408 1859 omnipotenti
1430 1791 1531 1842 deo
1557 1788 1704 1854 quod

193 1889 434 1938 pronnne
459 1876 768 1942 Theologia
794 1881 878 1928 est
903 1878 985 1928 ita
1008 1879 1066 1928 in
1089 1879 1218 1928 flore
1256 1882 1313 1928 et
1350 1878 1479 1926 sunt
1512 1875 1701 1939 plures

187 1956 336 2009 docti
379 1960 646 2027 Theologi
707 1962 765 2010 in
821 1962 1072 2012 omnibus
1116 1962 1373 2027 partibus
1419 1959 1701 2025 Almanie:

179 2043 256 2093 Et
291 2059 480 2096 omnes
516 2045 792 2111 homines,
840 2045 1047 2097 domini
1082 2050 1139 2098 et
1173 2046 1347 2108 servi,
1393 2043 1611 2094 nobiles
1647 2047 1705 2094 et

177 2131 404 2194 rustici,
452 2131 672 2181 faciunt
721 2132 802 2181 eis
848 2146 1107 2197 magnum
1140 2130 1399 2181 honorem
1432 2131 1699 2182 vocantes

186 2229 280 2264 eos
319 2215 625 2280 Magistros
671 2219 890 2267 nostros
935 2221 1159 2284 propter
1207 2216 1595 2268 excellentiam
1644 2219 1701 2267 et

177 2297 460 2365 deponunt
505 2299 684 2364 pileos
729 2304 786 2352 et
829 2302 1031 2354 bai-eta
1075 2307 1207 2354 ante
1263 2319 1357 2354 eos
1416 2302 1696 2354 dieentes:

173 2382 532 2435 ‘Commendo
567 2399 652 2434 me
689 2386 1057 2451 egregitudini
1090 2391 1308 2453 vestre,
1360 2389 1557 2439 eximie
1604 2387 1699 2438 do-

173 2469 318 2520 mine
355 2455 630 2534 Magister
663 2472 884 2522 noster'.
954 2472 1029 2521 Et
1076 2471 1293 2536 quando
1342 2489 1483 2524 unus
1518 2473 1696 2539 Magi-

172 2556 290 2603 ster
319 2558 510 2606 noster
539 2555 739 2604 transit
771 2571 870 2621 per
905 2559 1167 2621 stratum,
1204 2560 1338 2607 tuno
1372 2573 1557 2609 omnes
1593 2560 1688 2608 ho-

171 2644 374 2690 norant
412 2654 537 2690 eum
572 2639 718 2689 siout
754 2641 804 2690 si
837 2641 1057 2692 venerit
1088 2657 1231 2692 unus
1266 2643 1573 2708 princeps.'
1621 2643 1697 2692 Et

169 2726 391 2775 merito.
458 2724 604 2786 Quia
629 2723 886 2789 Magistri
919 2727 1097 2774 nostri
1119 2728 1249 2774 sunt
1272 2728 1419 2775 sieut
1442 2724 1699 2787 Apostoli

1296 2805 1393 2853 19*
