1942 3109
52 286 541 335 LAunfi'rA'rmims
580 282 886 326 onscvnon.
911 282 1105 325 vncos.
1135 262 1438 339 [vernans]
1486 264 1586 320 243

52 398 427 464 interpretari
451 392 763 459 consuevit)
790 393 944 443 acuit
977 392 1276 457 ingenium,
1311 389 1587 440 debilibus

54 490 295 549 quoque
317 480 414 532 dat
438 494 702 547 gressum,
739 482 795 529 et
830 492 993 545 oecos
1018 476 1332 526 illuminare
1355 470 1589 524 videtur.

52 571 241 620 Nemo
276 569 525 618 nostrum
562 563 860 630 cephalea,
896 576 1056 611 nemo
1091 560 1446 610 hemicranea
1485 555 1589 621 (ta-

53 656 215 705 libus
266 653 511 718 capitum
556 646 785 713 morbis)
830 646 1069 698 laborat.
1139 646 1488 708 Quapropter
1521 657 1590 691 ne

60 741 138 790 ab
177 738 440 789 instituto
474 738 664 786 nostro
700 737 755 783 et
776 724 969 783 ‘veteri
1007 727 1403 779 consuetudine
1437 740 1592 777 rece-

54 824 287 886 damus,
348 834 563 885 semper
604 818 885 881 Hiaecho,
934 828 1150 880 semper
1191 812 1592 877 voluptatibuS‚

58 922 287 971 semper
324 904 645 970 arrogantie
682 918 751 951 ao
787 900 1094 951 temeritati
1136 898 1390 964 inherere
1427 895 1594 945 debe-

58 1005 218 1051 mus,
275 991 339 1037 ut
382 988 465 1037 sie
509 986 730 1035 tandem
774 986 961 1035 furore
996 983 1150 1047 pleni
1184 980 1403 1046 poetico
1437 980 1594 1030 inve-

65 1073 267 1135 ctivis,
330 1072 624 1134 conviciis,
688 1068 1064 1131 contumeliiS,
1121 1065 1486 1129 blasphemiis
1539 1066 1597 1112 et

62 1157 365 1225 heresibus
408 1157 567 1206 novis
612 1154 863 1204 inimicos
898 1155 1119 1202 nostros
1155 1150 1438 1216 operosius
1473 1163 1596 1213 per·

66 1256 389 1305 sequamur.
468 1240 591 1288 Hoc
652 1235 911 1303 [quoque]
972 1236 1185 1286 Lucilii
1243 1247 1465 1283 carmen
1526 1230 1594 1281 ad

65 1337 320 1375 mensam
356 1327 507 1373 tuam
544 1322 895 1387 suspendito:
930 1325 941 1334 “

140 1409 329 1459 Vivite
364 1408 673 1470 lurchones,
713 1406 1059 1470 comedones‚
1092 1406 1266 1457 vivite
1290 1406 1530 1455 ventres.

66 1493 217 1546 Vale
255 1509 322 1542 ex
356 1490 739 1543 Franefordia.
810 1492 967 1541 Anno
1007 1506 1114 1555 quo
1151 1504 1334 1555 supra.

794 1676 878 1729 30.

181 1760 467 1824 [Sequitur
533 1760 853 1826 dialogus
912 1757 1240 1811 Mercurii
1301 1762 1365 1808 et
1424 1758 1595 1809 Olli-

75 1847 96 1895 1
113 1858 210 1893 am
224 1844 257 1892 b
274 1844 323 1891 ii
382 1844 751 1894 obscurorum
807 1845 1109 1925 triumviri,
1171 1843 1266 1907 qui
1309 1844 1367 1891 in
1422 1843 1603 1909 celum

75 1928 272 1980 volens
318 1924 617 1977 ase-endere
666 1927 869 1977 cecidit
920 1927 978 1977 in
1025 1926 1274 1977 eloacam
1320 1926 1602 1985 Vulcani]

382 2011 433 2071 (s
474 2008 822 2073 Ioannes
867 2005 1324 2073 Orabaoius

52 2130 61 2163 ν
297 2111 689 2162 Guilhelmo
726 2110 1074 2161 Zuiekano
1117 2110 1186 2161 .S.
1226 2111 1284 2160 P.
1323 2108 1390 2159 D.

188 2212 350 2261 Mitto
387 2214 491 2263 tibi
525 2212 805 2279 dialogum
821 2251 834 2276 ,
873 2228 1034 2277 quem
1071 2229 1100 2262 e
1137 2227 1304 2279 greco
1340 2227 1516 2276 nuper
1549 2212 1608 2261 in

87 2298 321 2349 latinum
345 2297 634 2346 transtulit
656 2298 855 2347 Petrus
865 2297 1268 2363 Liripipianus‚
1292 2296 1451 2346 homo
1477 2311 1608 2347 acer

87 2387 147 2436 et
170 2385 423 2432 strenuus
446 2381 507 2429 in
524 2381 688 2430 rebus
707 2380 929 2443 nostris,
952 2394 1112 2443 quern
1131 2378 1327 2428 deinde
1339 2380 1608 2430 Nicolaus

86 2468 267 2518 Musio
290 2466 451 2517 nobis
475 2463 827 2516 audientibus
850 2463 955 2513 hoe
981 2463 1138 2513 modo
1162 2465 1222 2513 in
1235 2461 1606 2513 Obscurorum

52 2566 71 2605 5
94 2566 353 2619 consessu
379 2550 592 2601 erudeli
616 2552 756 2600 satis
783 2549 961 2601 animo
998 2548 1310 2598 memoriter
1331 2549 1611 2603 recitavit.

164 2773 205 2809 ¹⁴
238 2764 371 2841 A0-1'1
410 2771 501 2844 susi
528 2777 664 2829 omis.
692 2774 742 2829 2⁴
1194 2820 1304 2887 m*
