1942 3109
72 266 518 306 manufirmam
557 269 858 306 onscvnon.
884 267 1188 304 nuvcnnm.
1216 267 1393 306 nova.
1464 254 1563 306 313

73 374 292 424 entiant
324 372 638 438 Theologi‚‘
661 373 792 437 quid
826 374 958 423 item
992 373 1395 436 LovanienseS,
1433 373 1565 437 quid

71 457 375 523 doguntini,
413 456 544 520 quid
578 457 941 508 Erfordenses
967 461 1024 508 et
1048 456 1407 508 colonienses
1433 473 1563 509 aca-

71 543 224 608 emie
259 540 514 606 magistri
549 557 618 590 ac
651 542 787 592 boni
821 541 1058 606 denique
1096 556 1298 610 qmnes.
1334 542 1494 593 Vale.

760 761 844 812 34.

491 846 543 904 (Ι
584 843 1132 918 Mententulus

504 946 932 998 Loerkantio
969 962 1090 998 suo

665 1029 738 1080 .S.
776 1033 840 1082 P.
873 1032 945 1082 D.

144 1133 276 1183 Scio
311 1135 368 1181 te
405 1147 671 1182 novarum
704 1148 886 1182 rerum
922 1147 1045 1183 ease
1080 1133 1469 1198 percupidum,
1508 1139 1565 1184 et

72 1237 94 1269 1
137 1217 326 1269 aliena
359 1216 652 1281 republica
684 1217 918 1267 maxime
955 1218 1249 1269 curiosum.
1287 1218 1433 1280 Quid
1468 1220 1562 1270 ob-

71 1319 202 1355 acro
245 1300 566 1351 induratum
609 1300 842 1351 refricaa
877 1301 1117 1352 vulnus?
1176 1302 1309 1366 quid
1343 1304 1565 1368 ingrata

71 1387 240 1438 uditu
265 1383 621 1450 expostulas?
658 1384 792 1448 quid
814 1389 870 1436 te
908 1387 1131 1451 proprio
1166 1387 1317 1454 cedis
1342 1387 1562 1453 ligone?

71 1473 136 1524 'is
175 1469 283 1520 tibi
315 1468 608 1520 veritatem
642 1467 860 1520 dicam?
929 1470 1047 1535 Ipsi
1088 1470 1339 1536 profecto
1374 1487 1562 1522 omnes

71 1573 144 1608 no
195 1569 289 1604 ore
336 1553 570 1619 parique
618 1569 892 1604 consensu
934 1554 1247 1607 levissimos
1291 1572 1390 1606 nos
1438 1572 1561 1608 esse

73 1653 270 1691 nones
305 1636 622 1704 predicant,
667 1640 761 1689 vel
795 1640 864 1690 ob
911 1639 1059 1689 hanc
1092 1641 1437 1705 potissimum
1472 1656 1560 1692 ra·

73 1738 268 1786 onem,
301 1721 445 1785 quod
469 1737 530 1772 os
564 1721 868 1773 habeamus
902 1722 1307 1788 blasphemum,
1330 1725 1562 1789 impudi-

73 1813 244 1868 ttum,
279 1806 566 1870 impurum,
603 1809 942 1871 spurcatum,
978 1807 1326 1872 maledicum,
1354 1808 1561 1874 fedum,

73 1905 354 1953 moenum,
393 1890 848 1954 contaminatum,
883 1889 1178 1955 sordidum,
1202 1892 1561 1960 feculentum,

73 1974 504 2044 [perstitiosum,
543 1976 1000 2037 contaminatum,
1036 1976 1431 2040 truculentum,
1464 1979 1563 2027 im-

75 2077 206 2124 um,
233 2058 487 2121 omnique
515 2059 802 2110 criminum
824 2061 981 2112 visco
1006 2060 1255 2112 oblitum.
1280 2061 1563 2113 Postremo

73 2145 182 2200 ιοᾶ
227 2158 316 2192 me
351 2143 529 2208 magis
565 2148 774 2208 movet,
821 2159 1141 2209 quanquam
1183 2148 1267 2194 tot
1308 2146 1563 2213 preclare

73 2228 437 2284 niversitates
475 2227 718 2278 Oculare
765 2229 1053 2294 speculum
1086 2229 1313 2280 Ioannis
1347 2229 1565 2280 Reueh-

74 2335 102 2368 1
167 2312 243 2363 ad
295 2315 480 2378 ignem
541 2312 1028 2364 condemnaverint
1081 2318 1139 2364 et
1192 2313 1421 2382 Colonie
1467 2331 1563 2380 pro

73 2397 310 2454 ibunali
356 2396 700 2448 combustum
745 2397 847 2460 sit,
905 2399 1197 2463 ipsumque
1245 2413 1405 2462 quem
1450 2399 1565 2449 dixi

73 2489 326 2538 lotorem
361 2480 774 2532 Parthisienses
819 2481 930 2546 ipsi
966 2481 1039 2532 ad
1072 2482 1355 2547 publicam
1388 2483 1566 2534 velint

73 2566 450 2622 vocationem
498 2565 961 2632 compellendum,
1008 2568 1195 2616 tamen
1232 2564 1323 2629 (ne
1358 2567 1565 2619 diutius

132 2648 344 2715 morer)
391 2651 488 2700 ubi
530 2650 781 2720 dextram
825 2650 938 2714 illi,
998 2651 1157 2701 nobis
1202 2649 1561 2716 proculdubio

75 2750 302 2804 qucum
335 2734 648 2802 preberent.
719 2734 876 2788 Vale.
902 2730 926 2800 ΙΙ
