1942 3109
286 227 384 276 144
540 241 831 279 nr>1sr012AE
867 243 1237 278 onscvnonvn
1272 241 1544 278 vmonvn.

283 345 524 396 libenter
557 347 850 411 flevissem,
889 349 1020 411 quia
1055 346 1189 398 mihi
1210 347 1503 398 videbatur
1528 348 1678 412 quod
1702 350 1813 399 iam

284 445 462 481 essem
501 431 559 480 in
596 431 829 483 Colonia
865 433 922 482 in
957 432 1115 484 domo
1148 437 1368 496 vestra,
1404 432 1629 497 quando
1665 435 1815 485 bibi-

281 531 402 566 mus
446 531 662 581 semper
706 532 873 567 unam
916 518 1010 567 vel
1054 516 1190 568 duas
1228 521 1457 581 quartas
1491 519 1687 569 vinum
1722 520 1811 571 vel

284 601 582 668 cerevisie,
633 605 692 651 et
735 601 967 664 lusimus
1014 603 1073 652 in
1118 617 1334 667 assere,
1382 603 1463 652 ita
1509 603 1661 671 letus
1710 605 1809 655 fui.

283 684 391 736 Sed
424 701 526 736 vos
558 687 734 737 vultis
769 686 914 750 quod
951 701 1053 751 ego
1087 688 1288 738 iterum
1320 688 1405 738 ita
1428 689 1642 738 faciam
1666 690 1814 740 sicut

279 787 408 834 vos,
465 769 572 822 hoc
630 775 716 820 est
772 769 917 834 quod
961 786 1065 836 ego
1114 772 1281 822 etiam
1326 773 1630 823 scriberem
1679 775 1809 837 qni-d

281 857 493 908 faciam
538 856 632 905 hic
676 855 735 904 in
777 856 952 906 Roma
998 859 1114 905 tam
1162 856 1355 921 longe,
1420 860 1477 908 et
1536 858 1809 921 quomodo

244 940 415 990 ‘mihi
462 939 754 992 succedat:
815 939 959 1005 quod
1003 941 1133 992 volo
1180 941 1549 992 libentissime
1598 942 1807 992 facere.

284 1024 492 1076 Sciatis
529 1039 658 1090 ergo
697 1025 840 1090 quod
877 1041 979 1090 ego
1016 1025 1199 1094 adliuc
1234 1041 1353 1075 sum
1400 1040 1568 1076 sanus
1616 1027 1809 1077 divina

282 1111 610 1177 spiratione.
681 1108 790 1161 Sed
825 1113 1012 1162 tamen
1050 1111 1303 1174 quamvis
1340 1125 1459 1161 sum
1484 1121 1678 1175 sanus,
1719 1112 1807 1162 ad-

281 1197 390 1245 huc
426 1200 616 1245 tamen
639 1210 750 1245 non
773 1211 892 1246 sum
917 1195 1157 1246 libenter
1179 1196 1291 1259 hic,
1330 1196 1463 1259 quia
1487 1195 1593 1245 illa
1620 1213 1809 1260 causa,

281 1283 506 1344 propter
540 1293 706 1342 quam
745 1294 845 1342 ego
881 1294 1001 1329 sum
1035 1279 1157 1343 hic,
1208 1284 1294 1330 est
1338 1280 1472 1330 mihi
1518 1294 1667 1330 nunc
1719 1281 1803 1330 ad—

279 1379 470 1416 versa:
531 1378 632 1428 ego
689 1363 892 1414 vellem
949 1361 1096 1427 quod
1150 1379 1431 1428 nunquam
1473 1365 1811 1430 incepissem

286 1465 437 1500 eam:
485 1463 672 1499 omnes
717 1445 968 1498 derident
1002 1464 1089 1500 me
1127 1453 1183 1508 et
1216 1453 1423 1500 vexant
1456 1465 1575 1512 me,
1622 1453 1679 1499 et
1714 1466 1811 1500 no-

285 1536 449 1583 scunt
483 1533 575 1582 hic
597 1533 869 1583 Reuchlin
905 1533 1105 1584 melius
1142 1549 1307 1597 quam
1342 1535 1401 1582 in
1436 1531 1715 1597 Almania‚
1756 1538 1813 1584 et

283 1617 448 1667 multi
483 1613 810 1667 Cardinales
848 1621 904 1667 et
941 1618 1191 1682 episcopi
1237 1621 1293 1668 et
1340 1617 1547 1684 prelati
1583 1622 1640 1668 et
1676 1616 1812 1667 Cur-

282 1703 456 1753 tisani
491 1705 680 1750 amant
715 1718 854 1752 eum.
928 1701 991 1752 Si
1022 1717 1133 1754 non
1168 1702 1520 1766 incepissem,
1556 1705 1693 1751 tunc
1730 1719 1811 1753 es-

285 1803 400 1838 sem
427 1785 605 1837 adhuc
627 1786 686 1836 in
711 1785 964 1850 Colonia,
1002 1790 1059 1836 et
1094 1785 1434 1836 comederem
1472 1789 1531 1838 et
1558 1786 1813 1838 biberem

283 1873 457 1924 bene:
503 1889 606 1938 ego
651 1873 831 1923 habeo
865 1873 958 1921 hic
994 1869 1297 1935 aliqnando
1332 1871 1426 1922 vix
1462 1871 1677 1921 siccum
1711 1889 1813 1936 pa·

285 1973 424 2008 nem.
496 1957 618 2021 Ego
658 1955 820 2006 credo
857 1957 1029 2006 etiam
1066 1955 1211 2020 quod
1234 1955 1379 2006 male
1406 1955 1517 2006 iam
1541 1955 1816 2020 procedat

285 2043 344 2091 in
377 2040 666 2105 Almania‚
717 2041 848 2105 quia
895 2056 998 2106 ego
1034 2056 1155 2092 sum
1192 2042 1423 2102 absens3
1470 2055 1663 2091 omnes
1700 2040 1815 2091 iam

285 2128 540 2177 scribunt
575 2125 748 2176 libros
784 2126 842 2175 in
877 2125 1165 2191 theologia
1204 2125 1509 2177 secundum
1547 2140 1711 2175 sunm
1748 2126 1813 2175 li-

285 2212 477 2262 bitum.
547 2211 658 2275 ipsi
701 2208 920 2272 dicunt]
948 2211 1094 2274 quod
1136 2211 1403 2262 Erasmus
1447 2209 1817 2266 Roterdamus

287 2295 594 2361 composuit
638 2294 840 2344 multos
887 2298 1161 2346 tractatus
1216 2295 1276 2344 in
1332 2294 1649 2359 theologia:
1712 2310 1818 2360 ego

288 2395 398 2430 non
423 2378 588 2430 credo
613 2379 758 2444 quod
793 2379 977 2430 faciat
1010 2381 1195 2431 omnia
1230 2383 1400 2430 recte.
1469 2378 1601 2444 Ipse
1640 2379 1821 2428 etiam

287 2466 440 2531 prius
485 2465 544 2514 in
588 2479 698 2514 uno
743 2479 918 2529 parvo
951 2467 1203 2516 tractatu
1236 2465 1466 2516 vexavit
1498 2462 1823 2528 theologos,

289 2553 346 2600 et
379 2550 489 2600 iam
536 2549 734 2600 scribit
779 2548 1120 2614 theologice:
1168 2553 1254 2600 est
1297 2548 1431 2599 mihi
1464 2549 1679 2598 mirum.
1760 2547 1827 2596 Si
1909 2567 1910 2606 ;

290 2650 391 2700 ego
425 2635 591 2686 venio
629 2631 699 2683 ad
733 2631 1045 2684 Almaniam
1082 2637 1139 2684 et
1174 2633 1300 2699 lego
1336 2648 1467 2684 suos
1504 2631 1827 2695 codiculos‚

202 2737 212 2746 ·
288 2724 346 2770 et
413 2718 640 2770 invenio
707 2733 876 2770 unum
934 2719 1331 2782 parvissimum
1386 2721 1656 2783 punctum
1722 2717 1831 2770 ubi
