1942 3109
353 203 452 256 302
522 217 989 258 LAusn‘rAtrIouns
1027 220 1339 256 OBSCVROB.
1368 219 1709 257 BRVCHLIN.
1732 217 1850 254 ΚΟἩ-ῐι

357 342 572 392 semper
614 325 887 391 agendum
933 342 1082 389 esse,
1129 325 1189 375 in
1233 325 1483 376 statutis
1528 326 1747 376 nostris
1780 339 1851 388 pr·-

354 410 712 476 vincialibus,
749 427 782 462 a
818 409 1041 462 doctore
1078 410 1251 475 Grytz
1286 425 1483 475 nuper
1522 411 1721 476 editis,
1752 421 1850 472 apex·

356 497 569 548 tissime
617 497 943 547 continetur.
1014 496 1299 547 Postremo
1351 500 1559 547 autem
1598 513 1705 548 vos
1744 493 1850 560 pluri·

359 596 504 632 mum
539 581 722 644 laude,
761 581 987 645 extolle,
1024 585 1193 645 atque
1228 580 1568 645 magnifico,
1612 581 1756 646 quod
1780 576 1847 628 soh

360 667 496 732 fuga
529 668 714 734 vestre
749 666 1122 718 incolumitati
1166 670 1281 715 tam
1322 665 1646 730 ingeniose
1691 677 1843 732 prospe·

361 753 544 804 xistis.
603 751 762 814 Quod
795 752 909 800 nisi
941 751 1151 800 factum
1186 750 1411 812 fuisset,
1456 767 1651 803 sacco
1686 751 1843 804 forsita:

361 837 482 886 illic
514 852 616 888 vos
654 837 1007 901 cathegorico
1042 835 1289 885 inclusos
1326 835 1388 884 in
1422 834 1703 888 Rhenum
1733 831 1841 886 conie-

367 923 594 974 cissent.
675 921 817 973 Vale
865 936 987 971 cum
1036 921 1147 970 tuis
1194 933 1365 983 quam
1412 919 1527 973 diu
1574 923 1749 985 voles,
1782 925 1847 967 Μ

365 1006 462 1056 diu
507 1011 693 1058 autem
738 1007 887 1058 velle
937 1003 1191 1067 debebis,
1252 1005 1451 1066 quoad
1512 1011 1573 1059 te
1622 1009 1847 1059 obscurum

365 1091 808 1144 Reuchlinistam
843 1106 966 1142 esse
1002 1105 1112 1140 non
1144 1089 1456 1155 penitebit.

1090 1307 1173 1360 25.

641 1396 692 1455 (Ι
735 1391 1094 1480 Antipho
1140 1389 1657 1460 Castronius

843 1496 1087 1546 Ioanni
1126 1495 1425 1547 Corvino

991 1579 1065 1629 .S.
1103 1581 1164 1633 P.
1202 1581 1272 1632 D.

472 1683 704 1750 Rogasti
747 1698 831 1732 me
887 1697 1246 1748 sepenumero
1297 1699 1401 1747 per
1454 1683 1726 1751 litteras,
1768 1683 1847 1730 Cur-

370 1772 520 1835 vine,
554 1773 618 1820 ut
653 1766 949 1833 epistolam
982 1766 1209 1817 Ioannis
1232 1766 1637 1835 Pepericorni,
1674 1773 1741 1822 ad
1770 1781 1853 1819 sum-

375 1873 518 1906 mum
554 1869 728 1918 nuper
761 1851 1076 1917 pontificem
1110 1851 1367 1914 missam,
1419 1854 1539 1906 tibi
1580 1872 1687 1920 pro
1730 1861 1853 1906 nostra

374 1940 432 1990 in
469 1943 523 1990 te
561 1937 746 1989 officio
781 1934 1075 2001 legendam
1110 1950 1491 2000 procurarem.
1548 1937 1853 2005 Respondebl

377 2025 548 2091 igitur
583 2023 845 2089 petitioni
878 2025 994 2087 tue,
1032 2033 1363 2084 quamquam
1403 2025 1461 2070 et
1505 2023 1567 2073 id
1600 2040 1699 2088 pro
1719 2027 1853 2072 nostr*

375 2111 432 2164 in
479 2113 536 2160 te
573 2107 757 2158 officio
795 2103 879 2170 (ut
911 2105 1097 2155 verbis
1142 2107 1266 2154 utar
1301 2103 1439 2167 tuis)
1480 2107 1687 2158 facero
1723 2105 1853 2154 nenti

376 2209 542 2259 quam
577 2191 904 2242 debuissem.
975 2190 1094 2240 Nec
1126 2189 1338 2237 mirum.
1400 2188 1560 2250 Quid
1595 2193 1744 2242 enim
1774 2185 1853 2240 stul

375 2279 506 2341 tius,
545 2274 676 2339 quid
710 2272 1117 2337 dedecorosius,
1143 2271 1274 2337 quid
1309 2271 1687 2326 iniucundum
1720 2273 1853 2338 magis

377 2378 544 2428 quam
578 2359 790 2425 tyronis
825 2357 1013 2424 gladio
1036 2357 1268 2408 militem
1292 2355 1523 2407 confodi
1544 2365 1850 2411 veteranun.

245 2449 354 2514 tijb
383 2444 774 2512 Oapniozoilus
809 2443 1061 2508 profecto
1092 2444 1180 2492 est
1216 2445 1272 2491 et
1306 2440 1571 2505 publicus
1593 2444 1853 2513 Itifldeorm

379 2531 570 2589 host-is,
609 2529 705 2587 qui
738 2527 800 2574 in
834 2541 936 2575 sua
975 2527 1142 2576 etiam
1178 2524 1247 2574 ad
1271 2524 1697 2578 sanctissimum
1720 2529 1853 2580 defen

375 2611 528 2659 sione
566 2610 648 2656 ita
683 2624 782 2656 nos
818 2623 1004 2656 omnes
1039 2608 1202 2657 rebus
1238 2608 1519 2657 convincit
1542 2613 1853 2664 necessariis

377 2693 439 2738 ut
473 2691 632 2740 bonis
668 2689 918 2738 omnibus
953 2689 1191 2740 ludibrio
1228 2705 1351 2740 esse
1384 2688 1707 2746 videamur.
1742 2697 1853 2759 Δίῳ
