1942 3109
225 211 328 263 440
452 225 852 264 emsa-omnus
889 225 1263 263 onscvnonvu
1294 225 1547 263 vmonvn

222 333 445 397 roganti
490 332 640 383 Zeno
686 330 1091 397 respondisset,
1147 331 1425 384 Obscuros
1485 335 1779 397 quosdam

223 418 376 469 viros
425 416 770 468 Parnassum
827 418 975 468 forte
1035 417 1314 483 ingressos
1372 433 1445 470 eo.
1496 418 1771 478 audaciae

221 503 577 569 pervenisse,
613 506 677 553 ut
708 502 858 553 fores
893 499 1190 567 primorum
1225 492 1594 570 pulsaverint,
1632 522 1769 560 eos-

223 604 330 655 que
365 589 508 639 satis
546 586 943 639 contumeliose
982 589 1271 655 exagitare
1316 594 1766 659 praesumsetint,

221 672 446 741 Apage,
481 674 693 737 inquit,
729 672 1004 739 ineptias,
1052 688 1233 739 apage
1266 673 1511 739 pueriles
1547 678 1760 731 tumul·

221 762 332 825 tus,
368 762 424 811 et
459 758 532 809 ad
553 756 989 811 Lacedaemones
1023 772 1125 811 vos
1162 758 1443 813 conferte!
1478 759 1557 811 Hi
1591 768 1760 827 quot-

221 843 386 895 annis
419 841 550 893 filiis
584 842 700 893 suis
735 857 924 895 servos
959 842 1103 896 bene
1138 846 1302 911 potos
1336 844 1637 909 sistebant,
1686 853 1761 899 ut

222 944 316 981 eos
350 928 636 979 intuentes
673 927 1005 979 ebrietatem
1040 928 1355 981 eim-arent:
1389 930 1503 981 Vos
1540 944 1577 982 a
1608 932 1757 985 viris

218 1012 308 1065 his
353 1012 604 1067 obsouxis
651 1012 852 1065 discite
899 1014 1185 1067 abstinere
1232 1014 1303 1065 ab
1340 1013 1456 1065 illis
1492 1029 1621 1079 quse
1656 1016 1756 1069 do-

224 1102 344 1151 ctos
381 1098 674 1163 dedecent,
711 1102 770 1150 et
801 1114 874 1151 ne
909 1101 1091 1151 maius
1125 1099 1285 1151 vobis
1320 1098 1529 1151 malum
1564 1103 1749 1155 acci-c·

221 1183 351 1247 atis,
390 1188 623 1251 agentes
659 1183 878 1251 gratias
915 1185 996 1251 ei,
1033 1185 1131 1251 qui
1163 1185 1317 1239 viros
1348 1184 1449 1237 hos
1485 1184 1752 1239 obscuros

221 1268 419 1335 denuo,
455 1267 582 1321 dum
615 1270 927 1323 necessitas
960 1269 1277 1336 flagitabat,
1310 1271 1373 1342 ‚in
1406 1269 1759 1325 Patrne-nsum

220 1352 648 1407 introducendos
686 1356 920 1418 curavit,
959 1354 1259 1419 quiescite,
1293 1356 1507 1407 tacete!

941 1604 1025 1657 ll.

515 1722 607 1789 Μ.
651 1722 941 1789 Petrus
987 1723 1441 1809 Zepfelius‚

771 1828 1202 1881 ludimoderator

310 1914 369 1965 in
402 1912 664 1967 Ecclesia
702 1912 1021 1981 collegiato
1058 1912 1112 1965 S.
1140 1908 1350 1978 Syfridi
1381 1908 1642 1974 Metensi,

709 2000 946 2053 Millena
982 1998 1252 2050 Salutum.

323 2123 486 2187 Quia,
511 2124 613 2175 Vir
643 2118 1119 2172 illuminatissime
1152 2120 1215 2169 et
1235 2115 1750 2184 eximinenfissime,

222 2223 258 2259 a
299 2210 463 2273 parte
509 2208 642 2255 ante
687 2207 746 2253 et
783 2205 914 2268 post
957 2201 1216 2264 colende,
1262 2216 1349 2251 me
1391 2201 1641 2268 petiisti,
1684 2206 1753 2253 ut

219 2291 325 2341 tibi
371 2304 552 2342 meum
596 2301 799 2339 novum
853 2282 1158 2347 metodum,
1218 2298 1381 2349 quem
1434 2286 1494 2339 iu
1538 2284 1745 2339 schola.

220 2390 348 2427 mea
389 2377 543 2437 utor,
593 2375 651 2423 et
694 2375 826 2423 ante
873 2384 1063 2421 omnes
1110 2369 1281 2435 alios,
1340 2371 1437 2437 qui
1481 2372 1610 2421 ante
1654 2384 1743 2419 me

221 2460 468 2524 fuerunt,
507 2463 566 2511 ot
597 2462 724 2525 post
757 2472 843 2510 me
879 2459 1202 2522 sequentur,
1238 2460 1325 2509 est
1358 2454 1744 2518 facilissimus,

223 2543 484 2596 deberem
525 2543 808 2607 revelare,
854 2558 988 2595 ecce
1032 2542 1125 2593 hic
1171 2544 1257 2593 est
1290 2540 1419 2591 iliez
1472 2541 1554 2591 ita
1590 2538 1743 2591 soleo

221 2643 421 2695 pueros
455 2643 606 2679 meos
641 2624 702 2677 in
735 2626 1155 2679 Grammathica
1198 2625 1527 2687 informare,
1576 2628 1637 2675 et
1668 2623 1741 2675 si·

222 2728 354 2765 nere
393 2713 719 2779 coniugaree
