1942 3109
348 223 445 275 110
480 236 859 275 rnrnnrcoam
886 232 1356 271 »tannacum-as
1383 231 1608 270 riuos.
1627 237 1898 274 o.v.m=1=.

345 344 523 409 magis
558 343 765 394 exitum
801 341 1079 407 unguibus
1115 338 1415 405 scalpendo
1440 345 1654 405 parat,
1701 360 1774 395 eo
1797 361 1892 393 ma-

345 430 431 494 gis
466 432 524 479 et
566 443 629 478 os
674 431 732 478 et
775 428 966 478 oculos
1012 425 1350 475 stercoribus
1397 424 1634 488 opplet.
1721 430 1886 479 Nullis

343 514 514 578 igitur
548 511 903 577 ambagibus,
950 510 1121 559 nullis
1167 509 1682 575 contentionibus,
1733 513 1882 563 nullis

344 598 667 659 invectivis,
704 596 859 647 nullo
895 594 1213 659 mendacio,
1261 593 1415 643 nullo
1456 594 1704 661 colore,
1741 598 1876 647 nulla

344 681 567 733 tandem
612 681 935 745 eloquentia
981 694 1101 731 sese
1148 680 1235 730 his
1270 678 1602 729 rationibus
1648 683 1874 733 exolvet.

345 766 441 818 sed
476 766 635 817 homo
671 766 895 815 infamis
934 762 1066 829 (nisi
1099 778 1302 814 novum
1336 762 1526 813 virum
1567 765 1786 829 induat)
1817 766 1871 813 in

346 855 595 919 eternum
630 850 998 915 permanebit.

777 985 1104 1051 Sequitur
1139 984 1445 1035 historia

558 1072 700 1123 Nam
736 1071 955 1135 reliqua
992 1070 1163 1121 latius
1198 1069 1346 1119 infra
1381 1068 1680 1122 dicentur.

452 1182 504 1241 (I
542 1191 890 1254 Quamquam
914 1188 1337 1254 Archiepiscopi
1371 1191 1430 1238 et
1465 1189 1740 1260 heretice
1764 1208 1872 1257 pra-

347 1278 543 1328 vitatis
588 1275 887 1341 inquisitor
932 1274 1186 1339 duplices
1229 1271 1357 1323 illos
1405 1274 1794 1327 scandalosos
1825 1276 1872 1325 li-

346 1361 501 1426 bros,
548 1360 653 1410 hoc
700 1363 785 1409 est
823 1363 878 1409 et
912 1358 1140 1409 oculare
1175 1356 1466 1423 speculum
1501 1363 1568 1408 et
1601 1359 1872 1412 defensio-

346 1461 471 1495 nem
516 1444 691 1507 ipsius
736 1442 965 1492 Ioannis
1008 1442 1283 1491 Reuchlin
1328 1442 1488 1490 iuxta
1541 1446 1872 1495 commissio-

344 1542 471 1577 nem
528 1528 585 1575 et
638 1524 959 1574 mandatum
1007 1523 1246 1592 Cesaree
1299 1524 1626 1577 maiestatis
1692 1530 1874 1581 tollere

346 1615 403 1661 et
438 1609 778 1675 supprimere
816 1608 1088 1673 evestigio
1122 1610 1280 1659 licite
1315 1609 1664 1675 potuissent,
1708 1618 1878 1665 tamen

346 1712 417 1747 ne
452 1694 692 1745 Ioannes
725 1692 1003 1743 Reuchlin
1039 1698 1228 1763 posset
1261 1693 1578 1758 interloqui
1613 1704 1730 1748 aut
1767 1715 1880 1750 con·

349 1780 507 1846 queri
544 1776 1024 1843 (quemadmodum
1061 1794 1095 1827 a
1131 1778 1410 1843 principio
1447 1778 1620 1831 huius
1665 1784 1881 1850 negocii

347 1867 407 1915 in
442 1866 589 1915 hunc
623 1877 799 1926 usque
834 1860 980 1911 diem
1015 1861 1178 1927 fecit)
1217 1864 1298 1912 sic
1331 1862 1593 1931 heretice
1629 1869 1880 1932 pravita-

348 1949 421 1999 tis
490 1947 789 2012 inquisitor
846 1962 915 1997 ex
978 1948 1356 1998 commissione
1416 1946 1884 2019 Archipresulum

347 2033 707 2086 scandalosos
751 2032 923 2083 libros
956 2032 1185 2082 Ioannis
1218 2031 1495 2082 Reuchlin
1539 2048 1654 2083 non
1706 2038 1888 2087 solum

348 2120 407 2169 in
450 2118 819 2168 universitate
870 2114 1189 2168 Coloniensi
1243 2112 1502 2167 visendos
1550 2116 1888 2173 doctoribus

346 2201 597 2267 prebuit,
667 2200 1032 2250 verumetiam
1101 2202 1158 2249 in
1217 2200 1348 2251 aliis
1405 2201 1886 2257 universitatibus

349 2284 497 2335 omni
541 2283 749 2333 honore
796 2287 854 2333 et
898 2282 1062 2333 laude
1111 2282 1322 2349 dignis,
1368 2283 1656 2338 videlicet
1707 2290 1884 2343 Lova·

350 2369 558 2434 niensi,
614 2366 1014 2433 Erphordensi‚
1067 2366 1509 2434 Moguntinensi,
1569 2374 1682 2435 qui
1733 2374 1882 2427 simul

352 2470 475 2506 cum
498 2452 922 2505 coloniensibus
955 2452 1130 2503 libros
1163 2452 1290 2505 illos
1327 2454 1818 2511 examinaverunt
1841 2462 1882 2509 et

350 2538 423 2587 ad
456 2553 695 2603 unguem
729 2536 1134 2603 perpendentes
1169 2538 1282 2587 suis
1317 2540 1624 2591 sententiis
1681 2544 1882 2597 doctri-

349 2619 572 2670 nalibus
610 2620 741 2684 quid
777 2620 843 2671 de
880 2620 997 2676 illis
1033 2620 1128 2685 agi
1162 2620 1508 2686 potissimum
1543 2623 1782 2681 debeat
1804 2630 1882 2679 de·
