1942 3109
426 203 560 236 von.
601 203 642 235 1.
721 197 784 234 ιο.
823 201 1065 236 munus
1092 199 1363 236 Minoum.
1600 191 1667 240 27

133 308 358 368 iniuriis,
397 309 457 355 et
491 321 606 355 non
641 306 802 370 potui
827 305 1121 356 comedere
1148 320 1315 356 unam
1338 307 1661 358 buccellam.

131 394 236 440 Vos
280 390 500 441 debetis
545 391 684 439 mihi
737 390 878 440 dara
915 389 1214 440 consilium
1250 391 1307 439 in
1342 392 1663 455 supradicta

133 491 320 536 causa,
359 476 494 538 quia
535 477 708 524 etiam
743 489 842 538 pro
879 477 1045 537 parte
1084 475 1223 524 estis
1256 475 1471 525 iurista.
1542 477 1663 541 Ego

129 559 424 624 compilavi
463 559 660 621 aliqua
695 563 876 608 metra
912 571 1023 624 que
1060 559 1220 608 mitto
1254 559 1413 610 vobis
1447 561 1555 610 hic.

125 711 714 773 choriambicum,
783 711 1304 773 Hexametrum,
1352 677 1659 778 ⁹Sapphi-

125 811 296 858 cum,
343 795 750 856 Iambicum,
797 793 1399 860 Asclepiadicum‚
1436 797 1659 846 Ende-

224 878 695 942 casyllabum,
742 877 1190 942 Elegiacum,
1226 879 1553 944 Dicolon‚

654 961 1125 1026 Distrophum.

191 1066 305 1126 Qui
361 1068 446 1113 est
493 1064 671 1113 bonus
727 1063 1079 1127 catholicus,
1238 1064 1405 1115 debet
1448 1067 1655 1116 sentire

838 1163 965 1196 cum
1002 1148 1495 1214 Parrhisiensibus,

189 1233 338 1295 Quia
390 1232 526 1282 illud
572 1234 927 1298 gymnasium
1084 1237 1171 1282 est
1204 1237 1383 1282 mater
1416 1237 1654 1286 omnium

833 1317 1279 1366 universitatum.
1396 1306 1478 1366 ,ηἷ

185 1399 405 1450 Deinde
433 1400 666 1450 Colonia
689 1405 922 1463 sancta,
1020 1449 1028 1454 ,
1054 1416 1161 1466 que
1186 1405 1273 1452 est
1296 1402 1353 1450 in
1380 1400 1483 1450 fide
1509 1401 1651 1450 chri-

835 1485 1027 1534 stiana
1063 1488 1241 1549 tanta,

185 1568 350 1631 Quod
383 1570 568 1619 nullus
603 1569 772 1620 debet
797 1569 1204 1632 contradicere,
1339 1570 1432 1621 vel
1456 1571 1651 1621 merito

831 1669 1034 1718 penam
1068 1655 1244 1716 luere,

183 1737 347 1787 Sicut
381 1737 653 1788 Reuchlin
687 1737 909 1799 doctor,
1020 1738 1113 1799 qui
1150 1741 1236 1787 est
1268 1738 1489 1802 speculi
1514 1753 1645 1788 ocu-

829 1821 966 1870 laris
1002 1825 1213 1884 auctor,

176 1908 358 1968 Quem
403 1907 676 1970 magister
717 1909 914 1955 noster
947 1905 1241 1969 Tungarus
1390 1905 1651 1969 probavit

832 1988 977 2050 quod
1014 1995 1101 2038 est
1136 1988 1439 2055 hereticae,

174 2075 409 2124 Necnon
445 2075 716 2139 magister
751 2071 820 2122 de
857 2071 989 2121 Alta
1026 2071 1237 2136 platea,
1378 2073 1474 2135 qui
1508 2073 1648 2122 fecit

829 2157 1147 2206 comburere
1175 2156 1295 2205 eius
1320 2155 1643 2206 dictamina.

209 2243 272 2292 Si
318 2243 581 2293 haberem
627 2255 798 2291 unum
843 2243 1254 2305 argumentum,
1303 2255 1405 2304 ego
1440 2241 1644 2290 vellem

102 2343 439 2393 componere
487 2341 654 2376 unum
699 2325 902 2374 librum
948 2328 1146 2374 contra
1191 2324 1361 2373 istum
1404 2326 1643 2374 trufato·

97 2429 253 2476 rem,
303 2415 362 2462 et
397 2411 636 2476 probare
675 2405 822 2470 quod
855 2407 924 2457 de
959 2410 1116 2458 facto
1154 2412 1239 2460 est
1274 2407 1644 2457 excommuni-

100 2500 288 2545 catus.
359 2496 488 2544 Non
525 2479 714 2542 flabeo
751 2491 877 2555 plus
911 2497 1127 2556 tempus
1166 2490 1235 2541 ad
1270 2491 1643 2549 scribendum,

101 2580 242 2641 quia
267 2581 494 2642 oportet
517 2592 603 2625 me
641 2577 724 2625 ire
749 2575 820 2624 ad
844 2575 1160 2638 lectionem,
1198 2576 1333 2637 quia
1357 2589 1503 2623 unus
1526 2588 1644 2620 ma-

101 2664 290 2730 gister
333 2661 478 2730 legit
525 2659 924 2728 replicationes
971 2673 1138 2726 super
1181 2661 1427 2709 veterem
1469 2658 1647 2702 artem
