1942 3109
274 230 343 281 80
414 242 793 281 Parnmcouu
814 240 1054 277 munus.
1069 238 1290 277 cou'rBA
1311 237 1512 275 rums.
1535 239 1593 273 Ο.
1607 239 1666 275 V.
1679 240 1811 278 RPP.

276 352 514 416 peccata
563 364 687 399 cum
728 346 845 399 illis
888 346 1196 412 perfecere.
1273 335 1324 394 (1
1361 342 1470 395 sed
1505 344 1648 407 quid
1685 362 1810 397 eru—

276 436 535 487 besceret
578 433 673 485 hic
730 433 889 483 homo
930 430 1094 483 vafer
1153 431 1300 489 omni
1352 430 1490 480 hora.
1535 429 1656 481 sibi
1701 432 1813 497 ipsi

281 519 694 571 contradicere?
754 516 1000 569 Tertium
1024 514 1314 567 audiamus
1337 512 1404 565 de
1428 512 1594 565 modo
1631 515 1814 583 ipsius

279 603 560 657 scribendi
594 606 651 655 et
684 601 881 655 deinde
917 600 1272 668 pervertendi
1306 598 1618 651 levissimo.
1691 600 1812 651 Ma-

281 691 461 757 gister
486 688 766 739 Ortwinus
790 687 1022 739 Gratius
1057 686 1145 736 vir
1179 684 1373 736 doctus
1397 687 1454 735 et
1478 684 1809 749 honoratus,

279 778 439 840 patre
466 774 687 840 genitus
712 771 956 839 seculari
979 769 1278 821 Frederico
1303 769 1526 821 scilicet
1549 768 1624 820 de
1637 770 1806 821 Graes

282 856 451 921 (quod
482 860 711 921 propter
745 857 1102 907 obscurorum
1137 856 1380 906 virorum
1415 854 1690 919 epistolas
1723 855 1806 903 di·

282 941 447 1007 citur)
506 943 563 993 et
606 956 715 992 non
761 941 927 1006 longe
975 956 1010 991 a
1053 940 1337 1005 frequenti
1381 938 1672 989 domicilio
1704 938 1811 991 Re·

282 1026 669 1079 verendissimi
737 1026 943 1077 domini
1011 1024 1278 1090 Episcopi
1345 1023 1816 1075 Menanteriensis

282 1128 455 1177 prope
494 1110 833 1161 Cosfeldiam
881 1108 1114 1182 (utrego
1163 1110 1232 1159 ab
1283 1109 1412 1160 aliis
1455 1108 1722 1159 intellexi
1767 1114 1822 1159 et

282 1194 436 1246 mille
498 1194 669 1245 etiam
714 1193 1029 1245 hominibus
1083 1208 1214 1244 vero
1269 1193 1456 1244 verius
1510 1190 1662 1256 apud
1709 1208 1824 1245 nos

285 1280 727 1347 cognitissimum
763 1277 869 1343 est)
918 1278 1240 1342 habitante,
1285 1278 1384 1329 ille
1427 1279 1661 1342 inquam
1701 1294 1820 1329 ma·

282 1368 456 1432 gister
478 1363 829 1415 honorandus
852 1364 1084 1427 scripsit
1106 1365 1300 1413 contra.
1315 1362 1582 1413 Ioannem
1591 1361 1816 1415 Reueh—

281 1450 362 1499 lin
398 1451 457 1499 in
493 1448 729 1512 quodam
766 1448 1008 1499 carmine
1066 1444 1258 1511 (sicuti
1295 1462 1396 1513 ego
1433 1447 1503 1497 ab
1541 1444 1682 1498 aliis
1721 1465 1815 1499 au·

286 1532 402 1583 divi
440 1534 496 1581 et
532 1530 819 1595 adnotavi)
861 1531 1006 1583 ‘Flet
1039 1532 1190 1581 Iovis
1228 1532 1376 1583 alma
1411 1534 1640 1597 parens'
1667 1539 1744 1585 ‚et
1763 1548 1809 1583 c.

283 1617 370 1667 Ex
393 1616 481 1667 his
504 1615 688 1666 verbis
711 1616 947 1680 probare
972 1618 1206 1667 conatus
1233 1620 1319 1667 est
1341 1617 1672 1681 magistrum
1688 1619 1812 1669 Ort·

287 1703 489 1753 winum
522 1699 935 1769 heresiarcham
972 1715 1122 1764 esse,
1169 1701 1364 1751 volens
1398 1700 1594 1753 Iovem
1641 1704 1814 1753 fuisse

286 1787 568 1839 diabolum
604 1789 661 1837 et
694 1786 779 1836 sic
814 1786 1023 1837 inferre
1049 1785 1356 1837 Ortwinum
1389 1786 1644 1839 voluisse
1671 1786 1816 1852 quod

285 1860 469 1921 Maria
517 1871 677 1935 virgo
722 1869 1059 1920 intemerata.
1113 1870 1316 1921 fuisset
1357 1874 1536 1922 mater
1581 1872 1822 1925 diaboli.

290 1970 457 2020 quam
502 1956 607 2024 hec
651 1955 950 2007 temeraria
996 1955 1110 2005 sint
1141 1970 1253 2005 non
1289 1958 1374 2005 est
1405 1970 1587 2007 meum
1623 1956 1826 2024 dispu-

288 2046 412 2093 tare
450 2042 583 2106 quia
626 2040 733 2092 hoc
776 2041 957 2108 bestie
1004 2039 1400 2107 intelligerent.
1471 2042 1594 2091 Hoc
1627 2043 1831 2093 solum

290 2126 480 2177 audivi
516 2130 574 2175 et
608 2128 697 2175 est
716 2141 907 2177 verum
933 2125 1079 2190 quod
1101 2124 1339 2177 Ioannes
1362 2124 1640 2177 Reuchlin
1673 2129 1833 2179 scri-

286 2211 401 2273 psit
442 2206 879 2271 Archiepiscopo
926 2210 1254 2273 Moguntino
1303 2208 1449 2275 quod
1491 2210 1616 2275 ipse
1661 2209 1828 2265 Mer-

290 2289 492 2351 curius,
520 2291 576 2339 et
598 2287 896 2355 imperator
922 2296 1074 2343 esset
1095 2292 1364 2359 Iuppiter.
1407 2292 1469 2343 Si
1503 2308 1640 2358 ergo
1678 2297 1830 2347 talis

286 2376 672 2441 interpretatio
733 2372 1210 2440 (quemadmodum
1265 2379 1385 2444 ipse
1443 2376 1564 2429 vult
1609 2378 1674 2427 in
1727 2380 1832 2430 de-

287 2460 541 2511 fensione
578 2476 707 2525 sua,
755 2461 945 2515 littera
980 2476 1008 2515 ε
1045 2462 1299 2514 columna
1333 2459 1554 2527 ultima.)
1593 2463 1654 2513 in
1697 2462 1834 2514 dia-

285 2542 475 2593 bolum
529 2545 861 2611 reflectitur‚
930 2545 1271 2612 significavit
1325 2546 1834 2613 archiepiscopum

289 2626 463 2677 fuisse
498 2627 809 2679 ministrum
832 2629 1064 2693 diaboli,
1101 2632 1158 2679 et
1191 2631 1274 2679 sic
1311 2630 1584 2680 commisit
1607 2630 1836 2681 iterum

291 2710 497 2761 crimen
529 2709 649 2777 lese
684 2712 998 2765 maiestatis
1035 2726 1105 2765 ac
1139 2712 1334 2765 ultim0
1371 2716 1522 2765 esset
1554 2711 1833 2766 afficien-
