1942 3109
282 229 383 284 310
460 247 750 283 EPIs'rorAss
775 245 1144 284 OBSCVBOBVM
1166 246 1421 283 vmonvu
1444 247 1625 286 ROVAE.

279 352 456 402 hieme
491 351 683 404 sedere
720 353 779 402 in
813 351 983 404 stuffa
1016 367 1141 404 mea
1176 356 1233 403 et
1256 352 1477 404 studere
1504 351 1648 416 quod
1672 367 1798 419 pos-

279 437 382 487 sim
417 438 643 488 rusticis
677 438 966 507 predicare
1005 439 1062 488 in
1092 438 1441 488 sermonibus
1475 436 1672 488 Parati
1706 439 1797 492 vel

279 522 584 588 Discipuli,
619 523 713 574 vel
749 524 916 574 etiam
939 524 998 573 in
1020 523 1235 588 Biblia,
1270 524 1353 574 ita
1388 521 1535 586 quod
1568 539 1665 574 ero
1700 524 1796 576 hs-

278 607 530 658 bituatus
569 607 638 658 ad
673 607 1085 676 predicandum.
1145 609 1221 658 Et
1253 608 1311 658 in
1348 611 1528 676 estate
1564 608 1694 660 volo
1718 611 1797 660 ire

278 694 554 757 piscatum
599 693 692 744 vel
738 693 995 744 laborare
1041 695 1100 742 in
1154 693 1330 743 horto.
1415 696 1471 742 et
1516 708 1626 744 non
1668 693 1793 745 volo

281 793 478 828 curare
513 777 580 827 de
615 778 812 842 bellis,
851 779 984 842 quia
1016 778 1143 831 volo
1182 793 1305 829 esse
1340 793 1439 843 pro
1474 793 1588 843 me,
1624 781 1677 828 et
1708 777 1793 826 di·

280 877 422 922 cere
452 863 730 913 orationes
773 879 926 914 meas
976 867 1033 914 et
1076 863 1263 929 legere
1308 864 1537 928 missas,
1582 866 1635 912 et
1678 877 1793 912 non

278 951 472 998 ‘curare
521 947 636 998 ista
669 947 948 1000 mundana
984 949 1221 1014 neg-ocia
1256 962 1362 1016 que
1400 948 1632 998 afferunt
1663 961 1791 1011 per-

277 1032 540 1084 ditionem
575 1032 772 1102 anime.
832 1033 1051 1086 Valete.
1108 1034 1315 1084 Datum
1336 1033 1581 1099 Romane
1608 1030 1795 1098 Curio.

994 1287 1079 1340 49.

279 1407 332 1467 (Ι
374 1404 806 1490 Philippus
854 1403 1211 1468 Sartoris
1268 1403 1360 1468 de
1404 1401 1797 1468 Erfordia

563 1509 902 1573 Magistro
943 1509 1229 1559 Ortvino
1266 1507 1507 1558 Gratio

282 1627 506 1679 Salutes
530 1627 930 1679 honorabiliter
955 1626 1228 1694 optandas
1251 1623 1672 1678 honorabilitati
1692 1609 1794 1676 ve-

281 1718 413 1781 stre.
472 1713 810 1764 venerabilis
846 1711 1063 1766 domine
1098 1713 1391 1778 Magister,
1429 1712 1587 1763 Sicut
1618 1725 1797 1775 nuper

281 1799 585 1864 scripsistis
621 1799 756 1848 mihi
791 1797 938 1862 quod
974 1797 1197 1862 quidam
1229 1801 1397 1863 poeta
1440 1798 1499 1847 in
1532 1796 1799 1848 Almania

282 1882 462 1934 dictus
509 1883 771 1933 Erasmus
816 1883 1215 1934 Roterodamus
1262 1883 1542 1947 componit
1594 1883 1801 1932 multos

279 1967 477 2034 libros,
536 1971 594 2019 et
635 1969 898 2037 precipue
947 1968 1250 2034 composuit
1290 1981 1457 2016 unam
1502 1966 1803 2031 epistolam

283 2053 353 2103 ad
371 2054 598 2119 Papam,
623 2054 682 2103 in
708 2067 818 2118 qua
846 2053 1245 2104 commendavit
1261 2052 1561 2104 Iohannem
1580 2051 1803 2102 Reueh-

281 2139 390 2188 lin=
431 2138 638 2188 Sciatis
677 2139 821 2202 quod
853 2137 968 2190 vidi
1002 2138 1157 2188 illam
1194 2137 1505 2202 epistolam.
1568 2135 1679 2188 Sed
1704 2135 1805 2188 ad·

282 2223 391 2274 huc
425 2222 541 2275 vidi
577 2237 744 2272 unum
781 2222 951 2272 alium
989 2223 1188 2273 librum
1224 2238 1479 2288 magnum
1526 2222 1623 2286 qui
1668 2223 1809 2274 inti-

283 2307 497 2358 tulatur
533 2306 761 2359 ‘Novum
783 2307 1235 2372 Testamentum’,
1272 2310 1328 2358 et
1362 2307 1512 2357 misit
1546 2305 1707 2356 illum
1736 2309 1814 2361 li·-

279 2394 436 2445 brum
473 2392 544 2444 ad.
575 2393 814 2458 Papam:
863 2396 918 2444 et
966 2390 1127 2442 credo
1174 2391 1319 2455 quod
1351 2392 1588 2443 libenter
1618 2385 1814 2446 vellet

283 2477 428 2542 quod
447 2479 607 2545 Papa
636 2478 1013 2529 autenticaret
1034 2477 1191 2527 illum
1225 2477 1441 2528 librum.
1500 2470 1607 2522 Sed
1632 2487 1811 2537 spero

283 2562 426 2626 quod
459 2578 569 2613 non
603 2562 714 2614 fiet.
788 2563 934 2626 Quia
966 2562 1239 2628 Magister
1271 2562 1419 2613 sacri
1451 2556 1666 2608 Palatii
1703 2563 1813 2624 qui

283 2651 368 2698 est
409 2649 496 2699 vir
539 2647 806 2698 notabilis
851 2653 906 2699 et
949 2663 1148 2716 magne
1194 2643 1588 2714 reputationis,
1636 2643 1815 2712 dixit,

283 2731 426 2798 quod
467 2733 594 2784 vult
637 2733 872 2799 probare
909 2732 1051 2798 quod
1086 2733 1348 2784 Erasmus
1382 2730 1482 2781 ille
1518 2732 1605 2781 est
1638 2729 1813 2797 here-
