1942 3109
306 233 374 273 67.
401 225 488 282 [5.]
513 237 678 272 nom„
707 237 904 275 smon.
949 231 1018 272 68.
1042 225 1129 282 [6.]
1152 237 1273 272 1013.
1300 237 1595 274 ren-oms.
1633 221 1735 274 375

202 359 374 395 unum
409 342 610 394 librum
647 343 744 405 qui
779 341 985 391 dicitur
1018 341 1294 414 Florista²
1340 342 1399 392 in
1445 357 1553 406 quo
1588 344 1733 394 bene

201 428 408 480 videtis
453 427 748 478 seientiam
795 441 974 476 meam
1020 431 1077 477 et
1123 427 1285 492 plura
1330 427 1474 490 alia,
1533 428 1583 476 si
1630 443 1733 492 ego

201 513 410 566 vellem
445 528 532 562 me
579 513 814 564 iactare.
887 511 997 561 Sed
1042 512 1167 562 dico
1210 527 1309 576 pro
1356 516 1539 576 tanto,
1588 511 1733 575 quod

201 615 312 650 non
346 599 584 663 putetis,
623 595 770 660 quod
807 611 910 660 ego
945 597 1105 647 vobis
1142 596 1403 646 mentior:
1443 597 1591 658 Quia
1628 613 1733 662 ego

202 699 424 749 possum
446 683 592 732 bene
615 680 782 731 valde
809 680 1059 730 iudicare
1084 679 1151 730 de
1176 680 1277 730 illo
1302 681 1551 731 Erasmo.
1610 681 1733 747 Ego

202 767 372 819 etiam
410 766 728 817 examinavi
763 765 1053 830 speculum
1075 765 1351 816 Reuchlin
1384 770 1443 816 et
1478 767 1596 818 eius
1621 765 1731 817 Ga-

198 854 418 914 balam,
477 852 626 901 sicut
677 851 820 901 bene
875 850 1056 900 scitis.
1132 851 1209 900 Et
1250 855 1315 902 ut
1354 867 1467 902 non
1521 853 1731 902 faciam

200 938 380 988 multa
436 937 635 986 verba:
691 937 768 985 Et
821 950 924 999 ego
971 934 1112 984 nihil
1158 939 1321 985 teneo
1364 934 1433 985 de
1476 937 1729 1001 Erasmu,

202 1022 352 1084 Quia
398 1022 518 1086 ipse
565 1023 650 1070 est
693 1019 956 1070 inimicus
1000 1017 1420 1068 monachorum:
1477 1019 1552 1067 Et
1595 1019 1737 1068 dicit

197 1107 378 1156 multa
427 1105 578 1155 mala
621 1105 690 1156 de
738 1104 848 1154 eis:
901 1105 960 1154 et
1006 1101 1145 1152 dicit
1190 1102 1336 1166 quod
1378 1107 1509 1153 sunt
1553 1105 1735 1168 grossi

200 1191 377 1254 asini,
442 1194 498 1240 et
551 1189 744 1240 odiunt
795 1189 993 1239 literas
1038 1187 1364 1238 Politioresz
1420 1189 1497 1238 Et
1557 1188 1731 1238 nichil

198 1275 521 1338 sciantnisi
547 1273 844 1324 comedere
871 1277 928 1323 et
951 1272 1155 1323 Bibere
1180 1277 1237 1321 et
1260 1271 1505 1337 psalmos
1539 1273 1729 1322 lirare.

199 1359 348 1424 quod
383 1362 505 1424 ipse
541 1362 806 1410 mentitur
839 1359 900 1408 in
923 1357 1143 1408 Collum
1178 1372 1335 1406 suum
1372 1356 1589 1421 quando
1622 1358 1731 1407 hoc

199 1445 358 1495 dicit.
432 1444 605 1494 Immo
636 1446 756 1509 ipse
796 1447 883 1493 est
917 1459 1059 1493 unus
1095 1444 1317 1492 asinus:
1354 1443 1473 1508 ipse
1512 1446 1599 1494 est
1632 1443 1729 1494 bo-

198 1546 302 1580 nus
328 1529 615 1593 lat-mista,
641 1532 699 1579 et
723 1529 834 1590 seit
854 1529 999 1578 bene
1027 1527 1355 1593 latinizare,
1381 1529 1527 1579 alias
1551 1529 1729 1579 nichil

198 1615 325 1666 seit.
399 1615 528 1678 Ipse
564 1614 704 1663 feeit
738 1612 942 1664 multos
977 1612 1177 1678 libros,
1224 1611 1517 1681 presertim
1559 1629 1727 1664 unam

197 1700 414 1749 Navem
451 1697 792 1746 stultiferam
827 1701 884 1747 et
920 1701 1283 1749 commentum
1326 1713 1497 1763 super
1528 1699 1727 1749 Hiero-

197 1785 432 1846 nimum‚
469 1783 534 1832 In
581 1781 784 1846 quibus
827 1783 948 1846 ipse
992 1783 1169 1832 nichil
1202 1782 1344 1833 fae-it
1380 1797 1547 1848 quam
1582 1782 1729 1847 quod

201 1867 458 1916 stimulat
491 1867 811 1932 religiosos:
847 1883 948 1932 per
984 1867 1145 1918 deum
1183 1883 1285 1933 ego
1324 1866 1449 1918 dico
1495 1868 1632 1932 sibi,
1678 1869 1727 1918 si

201 1967 314 2002 non
336 1950 460 2000 vult
483 1965 704 2002 cessare
743 1953 814 2002 ab
851 1952 997 2016 illis,
1034 1956 1170 2002 tune
1204 1951 1459 2003 volumus
1496 1953 1606 2001 sibi
1640 1953 1726 2002 fa-

205 2052 330 2086 eere
357 2037 506 2086 sicut
529 2036 820 2101 Reuchlin,
849 2038 1019 2087 etiam
1043 2038 1093 2086 si
1116 2034 1352 2086 Centum
1376 2035 1551 2085 modis
1577 2041 1729 2086 esset

201 2125 470 2184 acceptus
507 2121 654 2185 apud
687 2122 900 2191 Bapam
939 2125 997 2172 et
1029 2122 1237 2186 Regem
1271 2119 1568 2171 Karolum:
1618 2119 1727 2172 Sed

201 2219 303 2254 nos
347 2203 584 2254 vidimus
629 2205 772 2256 bene
817 2209 934 2256 tam
979 2207 1247 2270 superbos
1284 2206 1587 2271 sicutipse
1622 2210 1728 2271 est,

199 2293 258 2341 et
305 2293 490 2341 tamen
532 2291 940 2355 suppressimus
987 2305 1101 2340 eos.
1170 2291 1290 2356 Ego
1336 2289 1518 2342 dicam
1562 2292 1725 2343 vobis

197 2373 442 2438 aliquid,
481 2374 578 2424 sed
611 2389 722 2423 non
765 2371 981 2425 debetis
1014 2375 1183 2424 miehi
1217 2376 1323 2425 hoe
1357 2379 1485 2439 post
1509 2375 1717 2438 dicere,

197 2459 344 2510 alias
381 2457 638 2508 diabolus
671 2473 758 2508 me
795 2457 1186 2509 confunderet:
1228 2459 1503 2523 Magister
1534 2463 1725 2510 noster

195 2544 436 2594 Iacobus
472 2543 780 2593 Hoohstrat
825 2547 882 2594 et
925 2558 1115 2593 omnes
1158 2545 1415 2608 magistri
1454 2544 1632 2594 nostri
1666 2545 1723 2593 in

198 2625 434 2678 Colonia
471 2631 530 2678 et
563 2629 624 2678 in
649 2626 961 2678 Cantabria
986 2627 1075 2674 illi
1096 2631 1419 2678 examinant
1439 2630 1553 2678 iam
1576 2645 1723 2678 com-

197 2716 440 2769 mentum
475 2728 641 2786 super
663 2713 1091 2775 Hieronymum,
1130 2715 1187 2763 et
1220 2713 1369 2768 sieut
1400 2727 1503 2780 ego
1536 2709 1725 2772 ωιιείἱοἵ
