1942 3109
377 253 477 302 228
522 265 993 302 nuncu-iunones
1032 265 1332 300 onscvnon.
1362 267 1566 302 vinon.
1602 249 1851 318 [vs-rnna

378 390 486 423 non
548 372 866 422 clamabunt
919 371 976 419 in
1036 373 1256 435 gutture
1310 385 1426 418 suo.
1504 370 1769 426 Similes
1824 375 1851 426 il

385 459 520 510 fiant
555 457 651 522 qui
687 455 966 506 confidunt
1000 455 1056 504 in
1094 456 1208 506 eis'.
1260 455 1362 504 His
1388 456 1715 528 psalmista-3
1757 461 1851 513 ver!

377 541 525 593 male
560 541 868 591 intellectis
906 540 1142 604 aliisque
1178 538 1233 588 id
1269 554 1445 604 genus
1496 546 1850 610 conviciis?

376 629 524 679 blice
561 627 902 676 infestamur.
960 625 1209 675 Posuisti
1243 625 1508 675 tenebras
1554 624 1851 694 [,Grille‚l=

377 713 536 762 facta
585 715 670 763 est
713 726 849 773 nox,
903 725 1002 775 per
1046 724 1210 772 quam
1245 712 1701 774 pertransibunt
1748 729 1851 766 omne

377 798 556 864 bestie
601 796 775 862 sylve.
850 794 911 844 Si
953 795 1128 844 bonus
1172 794 1262 843 vir
1299 809 1390 857 es,
1436 795 1489 844 si
1536 801 1851 862 eruditum}

379 881 670 944 eloquens,
748 879 902 928 bisce
969 878 1423 929 maledictionum
1492 882 1759 936 vinculis
1812 899 1851 932 nu

378 966 777 1031 quamprimum
814 963 1026 1014 exolve.
1080 963 1238 1026 Quod
1273 964 1371 1014 ubi
1408 964 1643 1031 feceris,
1686 974 1744 1019 te
1766 968 1851 1031 Iudff

377 1054 439 1100 ut
472 1050 633 1101 deum
668 1064 824 1099 suum
861 1048 1047 1098 colent
1083 1045 1152 1097 sc
1173 1049 1595 1100 venerabuntur
1625 1057 1683 1101 et
1707 1069 1850 1103 aurea

376 1137 435 1184 in
459 1136 670 1185 Arabia
704 1137 918 1183 montes
954 1149 1052 1197 pro
1086 1135 1182 1182 tuo
1208 1132 1419 1184 salario
1446 1135 1679 1196 recipies,
1728 1138 1851 1199 Leg

377 1217 770 1284 Marquardum
815 1218 872 1268 in
915 1217 1226 1280 Institutis‚
1272 1218 1503 1270 revolve
1528 1218 1789 1268 loannem
1820 1219 1851 1268 d

378 1305 686 1355 Gai-landis
720 1305 780 1352 in
813 1303 1052 1366 legibue,
1088 1302 1311 1351 Petrum
1344 1302 1518 1370 Helie
1551 1304 1612 1353 in
1647 1303 1851 1356 decretis

377 1388 852 1438 Mammotrectum
895 1387 954 1434 in
1002 1385 1169 1436 Sexto
1208 1389 1266 1436 et
1300 1385 1693 1440 Clementinis.
1764 1391 1845 1439 Con

377 1472 500 1521 sule
537 1472 706 1520 etiam
741 1469 894 1518 ideas
931 1470 1212 1533 Platonis,
1250 1484 1357 1538 que
1394 1469 1531 1521 olim
1569 1475 1637 1523 in
1670 1471 1850 1525 Phoci&

381 1545 659 1620 pallentes
683 1551 960 1616 Apollinis
995 1553 1228 1621 begutte
1263 1555 1435 1604 fuisse
1473 1555 1753 1610 dicuntur.
1788 1558 1853 1618 Aa

381 1637 512 1688 cede
548 1637 880 1688 nebulonum
916 1637 1166 1688 latebras
1203 1643 1260 1689 et
1294 1639 1571 1706 fornices,
1626 1650 1693 1694 ut
1736 1633 1853 1710 erudi{

377 1725 485 1774 tior
519 1723 577 1773 in
613 1723 776 1774 rebus
828 1721 1033 1772 nostris
1078 1726 1136 1773 et
1182 1722 1253 1772 ad
1298 1739 1455 1774 omne
1504 1727 1719 1777 malum
1762 1730 1852 1778 the.»

375 1810 519 1876 logis
563 1806 908 1860 inferendum
955 1807 1221 1857 audacior
1272 1807 1395 1860 fias,
1466 1808 1741 1862 Ceterum
1782 1807 1852 1862 mk?

377 1895 774 1958 quamprimum
807 1892 1083 1941 rescribas
1116 1891 1302 1949 velim,
1340 1892 1473 1956 quid
1504 1892 1616 1960 bec
1654 1900 1845 1960 quinqu-

377 1979 607 2031 arabica
640 1977 814 2030 verba
846 1975 1187 2042 significent:
1249 1975 1428 2039 Oxus,
1472 1978 1779 2042 perdoxus,
1806 1981 1852 2027 rel

375 2064 625 2129 veloxus,
649 2062 1146 2127 rammeldipotsus‚
1169 2059 1685 2129 rammeldiblesen,
1702 2069 1753 2113 et
1778 2065 1853 2126 he«

377 2147 484 2198 duo
521 2147 728 2211 gotica,
752 2146 924 2196 Inkus
959 2145 1319 2210 perquinkus.
1379 2145 1465 2196 De
1502 2145 1597 2197 his
1640 2154 1781 2202 certe
1804 2147 1853 2195 ni·

376 2229 457 2280 hil
501 2230 730 2294 scripsit
761 2229 1029 2292 Virgilius
1074 2232 1131 2278 in
1166 2227 1469 2292 bucolicis,
1512 2246 1633 2283 nee
1672 2231 1852 2286 Marcel<

376 2314 516 2379 phus
559 2314 617 2363 in
659 2313 775 2364 suis
817 2312 1048 2363 fabulis.
1116 2313 1285 2377 Vale,
1332 2311 1529 2364 doctor
1562 2319 1852 2372 venerandeq

379 2405 435 2451 et
480 2415 620 2464 pone
666 2402 796 2450 ante
842 2399 1033 2449 oculos
1069 2402 1191 2447 tuos
1238 2397 1531 2464 specillum
1568 2401 1724 2457 illud
1768 2395 1852 2470 qnod

373 2484 480 2533 tibi
517 2500 551 2532 a
584 2483 769 2549 Iudeis
816 2499 884 2532 ex
916 2482 1285 2532 Francfordia
1331 2486 1413 2534 est
1455 2483 1713 2541 missum.
1786 2499 1852 2539 nan

447 2597 486 2629 ¹¹
522 2599 709 2648 reuole
739 2603 782 2646 1.
891 2597 930 2628 ¹³
970 2600 1115 2647 sexto
1141 2603 1197 2646 et
1218 2602 1354 2649 omis,
1380 2603 1428 2648 2.
1538 2600 1579 2632 ¹⁵
1616 2605 1849 2673 begute:

376 2663 421 2695 ²³
445 2665 726 2728 Vergilius
753 2669 800 2712 2.
871 2664 914 2694 ²⁶
951 2667 1058 2713 Pro
1084 2666 1248 2722 verbis
1274 2667 1375 2714 tibi
1400 2702 1413 2714 .
1432 2700 1469 2713 ..
1497 2668 1758 2726 missum,
1784 2675 1853 2724 ini

379 2737 485 2778 est:
523 2731 577 2777 in
606 2730 822 2791 speculo
849 2731 1062 2780 oculari
1085 2732 1265 2780 Ietinis
1291 2731 1565 2782 Reuchlin
1590 2740 1619 2786 ἐξ
1656 2740 1852 2807 depicti:
