1942 3109
253 215 352 268 120
387 228 766 268 tursarcomu
793 226 1269 264 nasammonas
1294 226 1495 262 nuos.
1513 227 1768 268 oman-1³.

251 352 372 388 mus
407 337 510 387 has
547 338 766 387 nostras
801 333 1025 384 litteras
1060 336 1316 398 patentes
1352 331 1540 397 Sigilli
1584 339 1769 402 nostre

252 421 552 474 facultatis
605 419 947 486 appensione
1005 417 1348 469 muniendas.
1428 415 1631 467 Actum
1674 419 1769 470 Er-

253 506 484 574 phordie
530 507 590 556 in
637 503 1071 572 congregatione
1117 506 1327 553 nostra.
1396 500 1559 552 Anno
1595 507 1773 572 gratie

255 592 578 643 .M.D.1111.
604 589 692 640 die
717 605 850 640 vero
875 589 1045 640 tertia
1081 587 1285 638 mensis
1311 586 1675 652 Septembris.
1710 589 1773 640 de

255 675 520 728 mandato
565 674 906 726 dominorum
951 672 1155 722 decani
1198 675 1619 736 ceterorumque
1664 689 1774 724 ma-

254 763 552 828 gistrorum
596 757 893 810 facultatis
937 756 1279 826 Theologice
1326 755 1497 806 studii
1540 757 1777 823 Erphor-

256 846 463 898 densis,

509 929 890 982 Hammannus
914 927 1084 980 fruoff
1104 927 1358 978 notarius
1380 927 1721 996 subscripsit
1748 929 1757 996 Ι

121 1063 260 1135 3ἰίῇ“’
404 1060 459 1118 (s
519 1067 888 1118 Sententia
947 1065 1320 1117 facultatis
1378 1064 1646 1116 theolo-

395 1155 546 1220 gice
593 1149 808 1202 studii
841 1143 1232 1216 Mbguntini
1276 1150 1644 1216 pronunciata

398 1240 633 1290 contra
680 1234 1043 1302 Speculum
1100 1233 1387 1286 oculare
1441 1235 1649 1286 Ioan-

463 1323 572 1373 nis
607 1321 949 1372 Reuchlin
988 1337 1018 1372 e
1054 1319 1231 1386 medio
1269 1319 1594 1371 tollendum.

367 1434 419 1493 (I
455 1441 748 1492 Universis
785 1443 842 1490 et
875 1439 1115 1504 singulis
1140 1444 1431 1507 presentes
1454 1446 1689 1494 nostras
1714 1447 1797 1495 in-

261 1526 540 1594 specturis
574 1523 667 1575 vel
703 1521 979 1574 audituris
1020 1523 1133 1574 Nos
1170 1524 1415 1576 decanus
1450 1525 1799 1594 ordinarius,

263 1611 550 1673 ceterique
611 1607 927 1676 theologice
986 1608 1351 1674 professionis
1420 1613 1687 1678 magistri
1746 1620 1803 1667 et

262 1697 519 1748 doctores
558 1691 893 1745 universalis
938 1695 1217 1759 gymnasii
1249 1695 1569 1762 Moguntini
1604 1699 1666 1748 in
1704 1713 1803 1751 no·

259 1781 458 1832 ticiam
503 1778 706 1830 deduci
749 1778 1005 1830 volumus
1048 1781 1389 1847 presentium
1425 1784 1642 1836 tenore.
1700 1801 1808 1837 nos

261 1866 442 1917 veluti
487 1879 648 1931 sacre
684 1861 991 1930 Theologie
1040 1867 1098 1914 et
1140 1865 1403 1916 veritatis
1444 1868 1809 1932 professores

261 1965 360 2016 pro
406 1948 706 2018 orthodoxe
751 1946 879 1998 fidei
923 1947 1162 2000 tuitione
1220 1965 1289 2000 ac
1335 1949 1671 2006 defensione
1722 1971 1813 2006 re-

267 2037 483 2101 quisiti,
511 2034 784 2100 quendam
809 2033 1067 2086 libellum
1102 2034 1407 2086 vernacula
1442 2036 1645 2104 lingua
1685 2039 1815 2090 edi-

262 2125 378 2172 tum
412 2137 512 2187 per
545 2120 809 2172 Ioannem
845 2118 1121 2169 Reuchlin
1155 2133 1440 2172 sacrarum
1476 2121 1673 2188 legum
1712 2123 1817 2175 do-

265 2211 470 2256 ctorem
506 2205 590 2254 uti
624 2205 951 2269 prenotatur
997 2208 1344 2270 congestum,
1392 2221 1461 2256 ac
1506 2209 1821 2274 speculum

262 2287 488 2340 oculare
513 2289 892 2352 nuncupatum
912 2285 1171 2353 diligenti
1191 2291 1443 2355 auspicio
1464 2291 1823 2357 legeremus,

264 2372 628 2438 singulasque
665 2373 977 2424 sententias
1021 2372 1080 2422 in
1124 2373 1315 2425 eodem
1351 2375 1545 2428 libello
1584 2380 1829 2444 positas

263 2457 522 2508 veritatis
560 2459 722 2522 quasi
755 2457 904 2509 libra
937 2473 1300 2523 pensaremus
1333 2459 1445 2512 Nos
1480 2461 1697 2526 itaque
1736 2465 1833 2514 uti

267 2539 429 2588 decet
461 2554 593 2608 vere
630 2541 757 2592 fidei
793 2543 1072 2611 catholice
1110 2546 1168 2594 et
1202 2543 1507 2612 christiane
1533 2527 1831 2600 veritatis

266 2622 610 2685 professores
645 2641 853 2675 summo
887 2626 1075 2677 studio
1112 2626 1442 2691 ardentique
1478 2628 1711 2683 affectu
1752 2649 1833 2684 ea

269 2717 376 2770 que
424 2703 633 2756 Christi
676 2712 806 2758 sunt
851 2710 1264 2775 amplexantes,
1322 2717 1699 2779 prenotatam
1754 2717 1837 2767 li-
