1942 3109
265 228 362 278 142
518 239 808 276 EPISTOLAE
845 239 1213 276 OBSCVBORVM
1248 240 1519 276 vlnonvu.

263 349 382 396 tota
419 345 622 396 civitas
645 344 815 395 fiebat
837 345 1035 396 deinde
1059 345 1227 410 plena
1252 344 1319 395 de
1344 342 1446 395 illa
1468 347 1565 396 re'.
1628 346 1791 396 Tunc

265 447 365 496 ego
401 430 484 480 fui
519 445 618 495 per
651 429 812 481 deum
845 429 1011 482 valde
1048 419 1223 480 iratus
1262 428 1483 494 quando
1518 431 1663 480 talia
1702 430 1789 482 di-

261 516 370 579 xit,
419 518 475 565 et
517 513 634 564 dixi
680 514 750 564 ad
795 529 946 566 eum:
995 513 1113 566 ‘vos
1156 531 1267 566 non
1312 515 1589 566 deberetis
1639 503 1791 566 talia

261 599 476 650 dicere:
534 599 718 665 posito
763 613 900 650 casu
945 598 1090 663 quod
1137 605 1325 658 essent
1367 615 1531 664 vera,
1594 604 1791 652 tamen

263 684 444 736 adhuc
487 699 598 736 non
643 683 920 735 deberetis
966 683 1181 748 dicere,
1231 684 1364 748 quia
1410 688 1601 748 posset
1642 687 1791 736 bene

263 770 586 834 contingere
623 768 769 832 quod
802 784 989 820 omnes
1014 769 1401 822 occiderentur
1422 770 1482 818 in
1506 785 1619 820 una
1647 769 1791 821 hora

261 855 406 904 sicut
430 853 754 918 Templarii,
779 855 828 904 si
850 854 1101 904 homines
1123 853 1257 904 illas
1280 855 1565 918 nequitias
1590 869 1787 906 omnes

263 939 505 990 scirent’.
579 939 736 988 Tunc
771 939 940 989 dixit:
980 937 1101 1003 ‘ego
1141 938 1257 989 scio
1296 938 1477 988 adhuc
1512 942 1599 990 tot
1632 940 1789 1004 quod

262 1039 372 1074 non
417 1037 639 1088 possem
686 1024 756 1074 ad
799 1025 1005 1089 viginti
1050 1038 1215 1074 arcus
1262 1024 1446 1089 papiri
1502 1024 1789 1075 scribere'.

263 1110 420 1160 Tunc
457 1124 558 1174 ego
593 1107 734 1158 dixi:
773 1107 968 1172 ‘quare
1004 1108 1175 1159 vultis
1212 1108 1279 1159 de
1316 1108 1567 1159 omnibus
1604 1109 1791 1176 predi-

264 1195 548 1244 catoribus
583 1194 864 1244 scribere?
909 1209 1021 1244 non
1057 1198 1243 1245 tamen
1278 1193 1535 1244 fecerunt
1570 1209 1791 1246 omnes:

261 1279 312 1328 si
347 1277 434 1328 illi
468 1278 529 1326 in
553 1276 846 1341 Magantia
883 1282 940 1328 et
972 1278 1033 1327 in
1066 1277 1402 1343 Aug-spurgk
1429 1279 1569 1328 etin
1594 1278 1787 1330 Strass-

261 1364 400 1428 berg
435 1365 564 1412 sunt
597 1362 919 1426 nequitiosi,
958 1365 1095 1412 tunc
1130 1362 1231 1412 alii
1264 1365 1395 1412 sunt
1416 1363 1565 1414 forte
1589 1364 1789 1428 probi'.

263 1449 420 1499 Tunc
465 1447 564 1499 ille
609 1445 782 1496 dixit:
829 1445 1117 1510 ‘quomodo
1165 1446 1460 1498 confundis
1504 1451 1625 1498 me?
1682 1465 1794 1512 ego

267 1531 426 1584 credo
464 1531 608 1595 quod
645 1537 708 1582 tu
743 1532 820 1582 sis
858 1530 1007 1581 filius
1053 1530 1452 1598 predicatoris,
1497 1531 1590 1582 vel
1625 1532 1799 1584 fuisti

262 1621 376 1668 met
408 1615 752 1684 predicator:
789 1611 1053 1680 nuncupa
1087 1616 1222 1665 mihi
1256 1630 1425 1666 unum
1462 1616 1795 1680 claustrum,

260 1703 358 1752 ubi
407 1703 536 1750 sunt
581 1701 740 1765 probi
785 1699 1205 1768 predicatores’.
1276 1702 1434 1752 Tunc
1480 1715 1581 1765 ego
1644 1700 1794 1752 dixi:

263 1785 414 1850 ‘quid
455 1787 712 1838 fecerunt
755 1785 846 1835 illi
891 1786 950 1834 in
984 1785 1397 1836 Franckfurdia
1408 1787 1449 1836 ‘2'
1497 1785 1653 1834 Tunc
1706 1786 1797 1836 di-

260 1873 344 1922 xit
390 1871 516 1922 ille:
575 1869 780 1922 ‘nescis
828 1871 981 1928 hoc?
1030 1871 1119 1920 illi
1162 1869 1373 1922 habent
1416 1870 1799 1935 principalem

263 1955 408 2021 apud
445 1971 539 2006 eos
577 1956 670 2019 qui
703 1958 940 2006 vocatur
978 1955 1315 2020 wigandus:
1353 1954 1452 2004 ille
1490 1958 1577 2006 est
1614 1960 1799 2020 caput

261 2041 498 2092 omniurn
534 2040 932 2104 nequitiarum,
985 2044 1041 2090 et
1087 2041 1205 2104 ipse
1250 2039 1463 2104 incepit
1496 2039 1653 2090 illam
1690 2040 1797 2106 he·-

259 2142 438 2178 rescm
472 2125 530 2175 in
553 2126 767 2189 Berua,
807 2128 864 2174 et
897 2124 1037 2176 fecit
1072 2139 1239 2174 unum
1274 2123 1525 2176 libellum
1560 2123 1631 2174 de
1654 2126 1795 2176 We-

262 2211 433 2274 salio,
482 2215 538 2260 et
581 2209 741 2260 illum
784 2212 983 2274 postea
1029 2210 1087 2260 in
1120 2207 1511 2274 Heydelberga
1554 2224 1795 2260 revoca-

259 2297 368 2361 vit,
408 2296 681 2359 cassavit,
733 2294 1035 2359 extirpavit
1071 2298 1136 2345 et,
1162 2292 1507 2356 annullavit3
1556 2297 1613 2344 et
1646 2295 1797 2346 fecit

261 2382 432 2432 etiam
478 2379 674 2432 deinde
721 2395 888 2430 unum
935 2378 1105 2429 alium
1152 2377 1353 2428 librum
1400 2379 1496 2442 qui
1550 2383 1793 2430 vocatur

262 2465 386 2516 ‘Dic
433 2463 814 2530 sturmglock',
875 2467 932 2514 et
976 2465 1094 2528 ipse
1138 2477 1251 2512 non
1294 2462 1404 2512 fuit
1460 2463 1545 2513 ita
1600 2462 1795 2515 audax

263 2549 406 2614 quod
457 2550 732 2602 scriberet
777 2564 934 2598 suum
980 2559 1205 2612 nomen,
1250 2546 1349 2598 sed
1392 2547 1545 2598 misit
1579 2547 1791 2598 Iohan—

262 2651 388 2686 nem
421 2635 773 2686 Pfefferkorn
807 2649 966 2684 suum
1002 2649 1199 2684 nomen
1234 2633 1496 2696 scribere,
1532 2635 1597 2682 ut
1620 2632 1793 2684 daret

263 2721 372 2772 sibi
405 2719 644 2772 medium
677 2719 889 2772 lucrum
906 2756 920 2783 ,
957 2721 1093 2768 tunc
1126 2717 1268 2770 velit
1304 2733 1425 2769 esse
1465 2720 1789 2785 contentus,
