1942 3109
221 208 316 263 134
353 225 728 261 rzrluucomu
751 225 989 260 Damus.
1016 223 1235 260 CONTRA
1258 224 1459 259 uxos.
1484 222 1767 261 ‹mv-EPP.

80 324 448 396 aiijbilludit.
521 330 615 383 Sic
652 331 822 382 etiam
857 331 1065 383 nostris
1100 328 1324 395 indigne
1359 328 1518 380 fecit.
1561 327 1575 393 1
1616 332 1763 382 Nam

217 432 355 482 quos
392 420 560 467 antea
594 431 956 486 sepenumero
990 416 1049 465 in
1076 416 1193 467 suis
1217 414 1440 480 scriptis
1467 416 1771 469 extollens

216 519 386 569 supra
422 518 588 567 quam
621 502 868 566 oportuit
900 500 1392 553 reverendissimos
1414 499 1771 568 appellavit,

217 592 414 653 postea
449 589 508 637 in
543 586 999 649 mendacissimo,
1046 586 1327 637 levissimo
1376 598 1444 635 ac
1492 584 1769 639 famosis-

218 675 356 725 simo
394 688 494 740 sue
529 671 870 723 defensionis
904 672 1049 723 libro
1083 670 1427 721 histrionicis
1463 670 1773 735 impuden-

217 758 559 821 tissimisque
597 756 868 808 conviciis
903 754 1123 805 eosdem
1174 753 1247 817 (si
1280 755 1588 806 veritatem
1628 757 1773 811 licet

218 840 426 905 dicere)
463 840 778 904 multosque
817 840 960 891 alios
994 840 1144 891 viros
1180 840 1675 907 prestantissimos
1716 850 1771 894 et

220 928 454 992 optimos
491 924 810 991 turpissime
845 925 1157 977 insectatus
1196 928 1299 975 est.
1370 924 1559 989 Ipsius
1588 927 1769 993 igitur

218 1010 616 1077 impudentiam
649 1008 740 1076 (ut
777 1026 900 1060 cum
936 1010 1123 1075 gratia
1159 1008 1305 1074 apud
1326 1010 1505 1061 bonos
1529 1010 1766 1076 loquar)

219 1097 527 1147 inauditam
581 1099 638 1146 et
693 1094 986 1145 mendacia
1046 1096 1167 1145 sine
1226 1094 1411 1145 fronte
1474 1111 1507 1145 e
1564 1096 1765 1147 multis

219 1195 430 1245 pauca,
475 1180 611 1230 licet
653 1179 908 1244 superius
955 1181 1115 1227 tacta.
1150 1181 1307 1242 sunt,
1355 1177 1532 1229 latius
1566 1183 1759 1229 tamen

219 1266 277 1315 in
321 1265 793 1329 subsequentibus
837 1262 1186 1328 explieentur
1230 1278 1462 1314 necesse
1510 1268 1637 1328 est,
1690 1282 1765 1317 ne

219 1365 306 1399 me
341 1349 490 1399 falso
524 1349 631 1413 ipsi
667 1349 964 1411 quicquam
1000 1348 1328 1412 imposuisse
1353 1348 1603 1397 lectores
1630 1350 1769 1401 boni

221 1434 594 1497 arbitrentur,
631 1449 771 1484 neve
815 1432 964 1483 idem
1008 1432 1109 1483 ille
1156 1433 1299 1483 liber
1333 1433 1561 1483 infamis
1604 1440 1765 1499 post-

219 1517 327 1567 hac
363 1517 614 1566 defensio
650 1515 748 1566 sed
783 1515 1018 1565 offensio
1056 1520 1113 1567 et
1136 1516 1551 1567 mendaciorum
1583 1518 1767 1571 codex

221 1600 554 1667 appelletur.

749 1738 924 1789 Nota
959 1738 1219 1789 Tertio.

327 1850 380 1909 (l
422 1859 622 1909 Posset
667 1858 874 1921 aliquis
919 1856 1195 1907 obiicere=
1239 1857 1591 1909 Parcendum
1642 1864 1773 1911 erat

223 1943 425 1995 Ioanni
447 1942 721 1993 Reuchlin
745 1941 901 1993 velut
937 1940 1241 1993 excellenti
1275 1946 1439 2009 poete
1479 1947 1539 1993 et
1574 1945 1641 1994 in
1678 1962 1771 2015 se-

224 2030 509 2080 cularibus
554 2028 759 2079 litteris
807 2028 1056 2093 apprime
1104 2027 1344 2091 erudito,
1404 2042 1543 2077 casu
1588 2032 1773 2082 etiam

222 2115 436 2178 posit0,
475 2112 618 2176 quod
653 2114 740 2163 bis
776 2116 874 2162 aut
908 2116 995 2163 ter
1032 2116 1129 2163 aut
1164 2115 1362 2176 quater
1396 2113 1455 2162 in
1493 2128 1603 2164 sua
1634 2132 1773 2168 con-

221 2198 526 2249 sultatione
563 2197 899 2245 aberrasset.
968 2196 1325 2261 Respondeo‚
1364 2196 1417 2247 id
1448 2199 1777 2253 verisimile

224 2277 620 2345 quodammodo
656 2278 843 2344 pueris
882 2283 982 2329 aut
1016 2280 1212 2331 favore
1250 2283 1531 2349 eccecatis
1554 2284 1778 2349 videri,

223 2366 478 2431 quamvis
513 2368 700 2415 tamen
735 2380 846 2415 non
880 2364 960 2414 ita
997 2366 1099 2429 sit,
1140 2381 1263 2415 cum
1299 2368 1356 2418 in
1392 2367 1651 2420 ecclesia
1678 2370 1779 2421 dei

224 2451 408 2501 omnia
433 2450 676 2501 debeant
710 2464 832 2500 esse
869 2464 1124 2514 syncera,
1162 2452 1347 2502 omnia
1382 2467 1540 2517 pura,
1580 2454 1778 2520 clara,

222 2534 475 2595 illibata,
534 2536 590 2583 et
645 2534 799 2583 nullo
856 2549 1097 2585 errorum
1141 2535 1443 2587 intervallo
1488 2537 1777 2591 discreta.

223 2617 363 2667 Nam
408 2620 552 2667 teste
599 2616 854 2683 apostolo
900 2622 963 2667 ut
1010 2623 1141 2671 ante
1188 2623 1315 2670 octo
1364 2637 1541 2672 annos
1584 2622 1782 2675 didici

225 2700 427 2751 Omnes
464 2716 630 2751 unum
669 2716 866 2764 corpus
904 2717 1091 2753 sumus
1129 2708 1401 2767 quotquot
1436 2706 1493 2754 in
1533 2704 1778 2759 Christ-o
