1942 3109
170 274 544 315 rnrnmconm
569 272 644 310 An
671 272 983 309 misacon.
1000 268 1552 311 rnmc.nr.n.A.1516.
1626 256 1687 307 11

169 380 452 450 puniendi,
489 378 586 431 sed
623 380 794 431 etiam
827 379 1154 429 innocentes
1190 377 1449 428 mulieres
1473 378 1689 429 lactan-

171 473 366 533 tesque
401 479 632 531 pueros,
683 468 740 515 et
782 467 1039 532 preterea
1075 478 1257 514 muros
1291 462 1690 514 Hierosolomi-

173 558 332 604 tanos
371 548 670 602 evertendi.
741 548 901 600 Nunc
943 548 1091 599 filius
1136 548 1375 599 hominis
1423 548 1482 598 in
1517 549 1689 599 homi-

171 654 297 689 num
342 636 606 687 memoria
650 650 760 685 non
805 633 981 685 semel
1021 633 1167 684 male
1212 637 1489 684 tractatus
1537 636 1624 683 est
1658 650 1691 684 a

171 723 387 791 Iudeis,
431 720 530 773 sed
577 720 872 784 quinquies
920 717 993 769 ad
1037 719 1246 783 minus,
1295 723 1359 768 ut
1402 720 1460 768 in
1496 733 1689 785 prece-

170 808 446 860 dentibus·
473 805 760 857 elucescit.
829 803 977 855 unde
1024 805 1138 853 tam
1184 808 1313 855 sunt
1364 804 1571 869 iniqui,
1630 806 1693 853 ut

173 909 277 961 que
323 891 580 957 operibus
627 888 894 954 perficere
929 894 1239 952 nequeant,
1276 889 1568 941 voluntate
1604 892 1689 939 ta-

175 994 298 1029 men
345 988 561 1039 semper
607 972 679 1023 ad
724 972 780 1021 id
836 972 1184 1038 potissimum
1242 974 1357 1023 sint
1410 973 1687 1023 inclinati.

173 1062 246 1112 Et
281 1060 402 1111 ideo
439 1056 744 1109 mirandum
779 1072 890 1108 non
928 1060 1041 1120 est,
1089 1056 1233 1121 quod
1268 1055 1403 1108 deus
1439 1060 1601 1122 pater
1638 1060 1693 1107 et

169 1146 318 1197 filius
355 1147 412 1195 et
445 1126 904 1209 spiritussanctus
953 1145 1068 1192 tam
1113 1142 1315 1193 acerbe
1353 1141 1691 1193 Christianis

169 1228 482 1281 hominibus
507 1229 800 1291 irascatur,
813 1226 985 1292 plaga
1002 1222 1009 1292 Ι
1024 1225 1293 1277 videlicet
1314 1226 1655 1295 pestilentie,
1668 1222 1827 1291 aiij*

169 1313 460 1376 morbillis,
487 1312 734 1363 febribus
763 1315 818 1363 et
843 1311 975 1362 aliis
1002 1311 1406 1380 egritudinibus
1432 1311 1692 1377 insolitis,

170 1400 312 1450 Item
345 1398 513 1449 bellis
549 1396 842 1449 multorum
866 1398 1196 1463 principum,
1234 1397 1464 1462 rapinis,
1502 1396 1691 1449 ineen-

169 1484 306 1547 diis,
369 1482 636 1535 effusione
681 1482 1000 1549 sanguinis,
1062 1482 1437 1533 excoriatione
1482 1498 1691 1549 paupe-

170 1584 314 1633 rum,
371 1568 749 1620 inobedientia
805 1569 1129 1620 inferiorum
1179 1582 1313 1634 erga
1358 1568 1689 1633 superiores,

173 1658 230 1703 et
263 1654 435 1703 variis
471 1652 854 1703 seditionibus.
925 1652 1048 1703 Non
1086 1652 1309 1702 dubium
1344 1652 1477 1715 quin
1501 1652 1689 1702 huius-

169 1736 318 1788 modi
353 1737 520 1806 plage
554 1738 789 1789 veniant
826 1740 884 1786 et
918 1738 1169 1786 oriantur
1204 1751 1271 1786 ex
1296 1735 1412 1785 illis
1436 1737 1690 1801 pessimis

172 1826 230 1870 et
271 1822 526 1871 maximis
571 1822 826 1885 peccatis
859 1820 1154 1889 Iudeorum
1202 1822 1258 1871 et
1304 1835 1490 1870 eorum
1525 1820 1687 1872 falsis

173 1907 231 1955 et
275 1904 550 1967 perversis
597 1904 889 1967 scripturis
938 1918 1045 1970 que
1084 1918 1253 1969 cause
1289 1906 1419 1953 sunt
1454 1906 1691 1955 omnium

169 1986 456 2039 malorum.
532 1978 584 2036 (I
621 1988 799 2050 Quam
835 1988 904 2037 ob
945 2000 1173 2035 causam
1208 2001 1330 2035 cum
1367 2001 1469 2050 ego
1505 2002 1615 2050 per·
1636 1988 1693 2037 id

168 2073 436 2138 temporis
475 2088 542 2123 ex
579 2070 813 2122 consilio
851 2070 1020 2121 etiam
1043 2068 1587 2134 prudentissimorum
1610 2073 1694 2123 vi-

169 2172 355 2208 rorum
390 2156 641 2215 nonnihil
677 2159 869 2206 contra
904 2154 1083 2205 falsos
1120 2158 1176 2205 et
1210 2154 1569 2208 scandalosos
1604 2157 1693 2208 Iu-

148 2240 400 2309 ‘deorum
444 2240 616 2292 libros
663 2240 846 2313 moliri
879 2240 1108 2305 vellem,
1154 2256 1241 2293 me
1288 2240 1358 2291 ad
1394 2242 1690 2309 imperato-

167 2326 316 2377 riam
349 2326 699 2377 maiestatem
735 2325 971 2390 contuli,
1012 2329 1070 2377 et
1105 2342 1331 2377 causam
1366 2328 1511 2379 hane
1534 2333 1697 2393 prout

170 2414 298 2463 erat
354 2411 437 2461 rei
493 2411 702 2461 veritas
763 2410 1007 2461 eiusdem
1066 2413 1359 2463 serenitati
1416 2415 1693 2479 proposui.

168 2497 410 2561 Insuper
443 2495 550 2546 hoc
578 2494 820 2563 Cesarea
856 2497 1123 2546 maiestas
1160 2497 1274 2547 suis
1311 2497 1693 2562 imperialibus

171 2580 418 2645 publicis
454 2580 736 2631 mandatis*
771 2580 1023 2631 omnibus
1058 2578 1291 2631 Romani
1326 2582 1543 2648 imperii
1578 2588 1693 2634 sta·-

169 2666 328 2715 tibus
364 2664 674 2729 mandavit,
723 2668 786 2715 ut
830 2678 1017 2715 omnes
1064 2664 1290 2716 inutiles
1326 2665 1695 2715 thalmudicos

173 2749 354 2802 libros
395 2764 516 2800 cum
553 2752 668 2802 suis
710 2745 1084 2815 appendiciis,
1119 2750 1179 2799 in
1215 2748 1535 2813 Christiane
1570 2747 1696 2798 fidei
