1942 3109
266 239 310 282 4.
335 243 459 278 1013.
482 239 844 277 runa-roms.
882 237 924 280 5.
947 243 1065 278 1011.
1088 241 1157 278 me
1181 243 1435 281 vernans.
1578 229 1677 280 175

201 347 358 412 quod
395 347 541 400 velit
577 345 833 396 dominus
867 345 1003 398 deus
1108 349 1205 411 qui
1236 352 1433 415 regnat
1466 349 1527 398 in
1562 351 1673 398 ter—

955 433 1033 481 ris
1071 436 1127 481 et
1160 447 1259 497 per
1294 432 1445 501 celos

197 523 258 568 et
293 533 402 568 sua
440 520 625 568 mater
670 517 826 580 virgo
859 515 1068 582 Maria,
1174 531 1281 584 que
1326 519 1528 569 liberet
1572 532 1675 568 nos

897 633 912 642 ·
959 603 1031 652 ab
1068 602 1177 652 ista
1213 603 1449 666 poetria.

125 689 340 738 Datum
379 687 575 755 Rome.

879 938 940 998 5.

226 1059 284 1115 (ἱ
330 1055 616 1118 Frater
660 1054 1068 1119 Iohannes
1114 1055 1206 1120 de
1249 1053 1591 1122 Werdea

442 1157 774 1224 Magistro
814 1157 1107 1220 Ortvino
1146 1157 1387 1209 Gratio

137 1275 398 1327 Humiles
454 1281 508 1326 et
563 1277 798 1329 devotas
852 1277 1149 1328 Orationes
1204 1292 1329 1328 cum
1380 1291 1671 1329 numerosa

133 1361 342 1412 salute.
406 1361 764 1414 Venerabilis
787 1362 898 1425 vir,
935 1375 1037 1412 vos
1072 1363 1321 1414 scribitis
1355 1361 1495 1412 mihi
1526 1363 1671 1426 quod

135 1443 442 1496 audivistis
489 1445 634 1509 quod
672 1445 858 1496 Causa
903 1451 1093 1498 vestra
1138 1446 1287 1496 male
1334 1449 1449 1496 stat
1496 1447 1553 1496 et
1585 1446 1673 1496 Io-

131 1531 356 1582 hannes
391 1529 672 1580 Reuchlin
721 1531 1029 1596 acquisivit
1072 1545 1241 1582 unam
1283 1530 1667 1583 inhibitionem

131 1615 530 1680 apostolicam.
621 1614 696 1664 Et
754 1616 1005 1666 scribitis
1061 1615 1196 1666 mihi
1256 1615 1401 1678 quod
1459 1617 1669 1666 timetis

125 1698 334 1762 valde,
381 1714 456 1748 ne
501 1698 736 1750 habebit
777 1701 1072 1750 victoriam
1119 1703 1314 1750 contra
1359 1698 1671 1766 Theologos

125 1789 186 1834 et
245 1783 682 1834 Sanctissimum
734 1784 982 1834 ordinem
1034 1788 1309 1846 nostrum,
1367 1786 1423 1832 et
1474 1787 1673 1846 postea

124 1867 624 1920 scandalizabitur
673 1867 914 1919 ecclesia
959 1867 1067 1918 dei.
1150 1868 1197 1918 Ο
1256 1865 1474 1934 modice
1528 1865 1673 1928 fidei,

124 1953 308 2004 vultis
356 1967 481 2003 esse
526 1952 610 2002 ita
654 1953 1009 2016 perterritus,
1067 1951 1213 2017 quod
1258 1950 1433 2002 vultis
1480 1951 1672 2002 statim

127 2037 475 2103 desperare?
511 2037 720 2087 Tamen
757 2037 908 2100 olim,
947 2035 1167 2100 quando
1192 2036 1279 2086 fui
1301 2035 1587 2086 vobiscum
1612 2037 1673 2086 in

77 2185 82 2190 ι
127 2121 478 2186 Daventria,
517 2137 628 2172 non
663 2121 855 2172 fuistis
891 2121 975 2170 ita
1012 2119 1217 2183 timax,
1256 2118 1356 2169 sed
1391 2118 1671 2169 habuistis

130 2219 397 2269 magnam
423 2205 732 2256 audaciam.
795 2205 940 2268 Quia
963 2205 1083 2256 seio
1122 2204 1303 2256 adhuc
1338 2203 1499 2268 bene,
1538 2217 1671 2269 quo-

131 2277 294 2339 modo
330 2290 501 2340 semel
537 2290 900 2355 percussistis
937 2289 1067 2340 illos
1104 2289 1241 2340 duos
1291 2289 1532 2352 beauce,
1574 2303 1671 2340 ve-

131 2375 356 2426 nientes
423 2374 492 2423 ad
551 2389 653 2426 vos
720 2389 843 2424 cum
902 2373 1087 2440 longis
1164 2373 1388 2436 cultris,
1453 2377 1511 2423 et
1569 2387 1669 2425 vos

131 2473 242 2508 non
320 2458 604 2508 habuistis
677 2473 846 2509 unum
910 2473 1121 2508 armum
1187 2471 1287 2507 seu
1350 2455 1669 2508 defendicu-

133 2542 262 2592 lum.
337 2547 396 2593 et
443 2546 630 2593 tamen
674 2543 1035 2607 percussistis
1082 2556 1176 2593 eos
1227 2555 1348 2591 cum
1396 2541 1671 2592 adiutorio

134 2626 222 2676 dei
255 2625 492 2678 realiter
530 2641 656 2676 cum
691 2626 929 2689 effecta,
978 2629 1061 2676 ita
1109 2624 1255 2690 quod
1286 2641 1428 2674 unus
1464 2641 1561 2689 pre
1599 2625 1670 2670 ti-

135 2727 280 2763 more
317 2712 622 2778 perminxit
659 2727 737 2762 se.
809 2711 886 2758 Et
919 2710 1183 2760 viderunt
1218 2707 1383 2756 multi
1424 2705 1677 2752 homines
