1942 3109
371 233 492 268 von.
529 234 568 268 1.
637 228 703 269 19.
743 231 1049 268 smrnAm
1088 229 1441 267 ‹unus-nm.
1622 217 1689 269 53

177 337 293 398 quia
325 337 416 386 ille
453 337 743 402 episcopus
781 353 902 387 non
945 336 1129 385 habet
1165 336 1592 400 intelligentiam
1628 339 1687 386 in

169 435 320 469 saera
363 421 658 486 theologia.
728 423 810 470 Et
845 422 1123 486 magister
1158 424 1347 470 noster
1377 421 1683 472 Hochntra-

167 509 247 553 tus
281 510 362 554 est
393 508 448 555 in
475 505 642 556 Curia
665 507 949 569 Romana,
992 508 1050 554 et
1076 508 1163 554 est
1186 505 1327 555 bene
1352 507 1508 555 visus
1534 505 1683 571 apud

162 587 420 639 dominum
456 592 856 656 apostolicum.
913 589 991 638 Et
1017 590 1187 639 etiam
1210 589 1383 639 habet
1404 588 1683 640 sufficien-

159 673 284 722 tiam
326 675 382 722 in
423 677 683 738 pecuniis
739 677 798 724 et
833 675 894 723 in
931 673 1084 724 aliis.
1156 673 1277 738 Ego
1312 674 1515 724 vellem
1549 673 1681 724 dare

159 761 407 818 quattuor
461 775 694 823 grossos
751 757 899 821 quod
953 758 1157 807 scirem
1200 758 1524 808 veritatem:
1582 774 1683 808 vos

155 840 363 891 debetis
413 843 548 892 mihi
592 842 866 894 scribere.
949 841 1159 892 Sancte
1204 839 1365 906 deus,
1421 841 1553 907 quid
1598 847 1685 892 est

153 925 294 987 quod
347 941 458 977 non
511 927 746 977 mittitis
792 925 928 976 mihi
978 925 1151 974 semel
1192 941 1359 975 unam
1402 926 1681 976 litteram?

156 1009 356 1060 Tamen
390 1027 490 1076 ego
515 1012 707 1061 habeo
733 1011 978 1061 libenter
1003 1007 1222 1072 quando
1248 1010 1495 1061 scribitis
1520 1011 1673 1059 mihi.

149 1093 382 1157 valete,
429 1099 484 1144 et
527 1095 840 1160 dignemini
883 1093 1021 1142 mihi
1062 1093 1315 1143 salutare
1358 1095 1681 1157 magistrum

149 1182 392 1228 nostrum
429 1179 796 1230 Valentinum
839 1177 908 1227 de
946 1175 1365 1242 Gelterssheym,
1414 1181 1472 1228 et
1504 1180 1679 1244 magi-

146 1265 316 1311 strum
359 1268 618 1314 nostrum
653 1262 956 1312 Amoldum
1002 1261 1069 1311 de
1108 1262 1380 1327 Tungaris
1416 1264 1474 1312 iu
1509 1263 1678 1312 bursa

143 1345 460 1411 Laurentii,
501 1352 564 1398 et
593 1348 919 1412 magistrum
955 1350 1203 1396 nostrum
1234 1347 1573 1411 Remigium,
1623 1351 1680 1396 et

145 1428 430 1481 dominum
453 1431 778 1496 Rutgerum,
803 1432 861 1480 in
886 1432 1057 1481 bursa
1081 1433 1285 1480 montis
1310 1431 1677 1495 licentiatum‚

150 1518 210 1564 et
253 1531 434 1582 prope
478 1515 625 1566 diem
669 1516 997 1580 magistrum
1032 1514 1417 1580 noan-andum,
1462 1531 1681 1566 necnon

143 1597 426 1650 dominum
469 1599 737 1650 Ioannem
781 1598 1139 1650 Pfefferkorn
1188 1604 1365 1650 virum
1412 1600 1678 1662 zelosum,

145 1687 204 1732 et
254 1683 402 1734 alios
450 1685 548 1747 qui
584 1689 715 1733 sunt
746 1685 890 1735 bene
929 1682 1244 1746 qualificati
1280 1686 1338 1732 in
1372 1683 1677 1749 theologia,

145 1771 203 1816 et
238 1769 299 1818 in
339 1769 572 1818 artibus.
641 1768 928 1818 Etvalete
963 1767 1023 1816 in
1048 1770 1265 1818 nomine
1292 1767 1512 1818 domini.
1560 1770 1676 1818 Da-

143 1854 266 1900 tum
303 1853 363 1904 in
399 1853 664 1904 Treviris.

867 2033 964 2091 19.

392 2137 857 2222 Stephanus
903 2134 1433 2201 Calvastrius

677 2256 1079 2309 baccalaurius

447 2358 787 2424 Magistro
829 2357 1112 2409 Ortvino
1149 2357 1391 2410 Gratio

149 2491 407 2542 Salutem
444 2507 565 2541 cum
598 2491 918 2542 humilitate
955 2507 1088 2557 erga
1122 2496 1366 2545 vestram
1390 2495 1675 2552 maim-ita-

145 2579 282 2627 tem.
365 2575 722 2627 Venerabilis
767 2574 983 2625 domine
1028 2577 1321 2641 magister:
1365 2579 1523 2629 venit
1567 2577 1677 2626 huc

257 2726 304 2774 ἰ)
324 2724 429 2763 Haee
447 2722 638 2774 epistola
659 2723 718 2765 19.
737 2723 926 2774 repetita
943 2727 1012 2762 est
1032 2721 1149 2760 infra
1166 2721 1254 2760 vol.
1274 2721 1328 2759 11.
1358 2723 1457 2771 post
1478 2727 1595 2752 num.
1616 2714 1684 2750 6²·
