1942 3109
58 246 558 294 ‚mantuanorum
595 247 896 284 onscvaou.
923 248 1111 284 vinca.
1142 232 1455 301 [varanna]
1497 235 1596 288 251

151 344 207 401 (I
253 349 497 414 Cumque
551 351 876 401 temerarius
919 352 1025 402 iste
1072 350 1429 404 Ollilambius
1472 370 1595 405 sese

58 415 256 489 laltius
293 436 559 501 erigeret,
605 450 774 499 seque
819 437 968 486 inter
1002 436 1315 486 saltandum
1359 439 1599 489 insolen-

58 526 190 594 'tius
223 521 232 585 Ι
263 519 583 584 extolleret,
623 519 854 586 Olympo
889 521 950 570 in
983 521 1227 586 Ethnam
1260 520 1494 587 decidit,
1534 539 1601 573 ac
1624 520 1721 574 OEib

58 595 281 680 :deinde
325 607 383 655 in
429 605 677 656 cloacam
711 604 981 669 Vulcani,
1042 605 1139 670 qui
1171 611 1408 657 montem
1443 606 1602 658 illum

58 683 284 759 'priscis
309 690 648 755 temporibus
669 689 918 740 incolere
954 691 1263 742 consuevit.
1296 691 1435 741 Tum
1459 691 1604 740 Mer-

58 777 267 829 'curius
301 774 520 825 ridendi
554 776 930 840 intemperans
965 774 1157 825 sedulo
1184 775 1502 826 clamabat:

58 847 64 878 ξ
149 862 198 911 Ο
239 859 494 922 coridon,
531 858 787 923 coridon,
823 874 932 926 que
970 863 1027 910 te
1062 859 1344 912 dementia
1380 861 1545 924 cepit.

58 933 64 964 ²
149 944 299 992 Alba
333 941 572 1006 ligustra
598 943 822 1008 cadunt,
857 944 1119 994 vaccinia
1142 945 1303 1010 nigra
1324 945 1603 1010 leguntur.

185 1042 380 1080 01212111.
453 1026 500 1076 Ο
558 1029 753 1076 sancte
810 1026 1082 1093 Mercuri,
1139 1028 1347 1080 adiuva
1403 1030 1511 1080 me!
1574 1047 1605 1080 ο

58 1107 302 1178 ΙΑΡοῙΙο,
329 1128 360 1162 o
384 1111 621 1175 Latona,
647 1128 679 1162 o
703 1127 802 1162 vos
825 1111 984 1178 Muse
1018 1128 1232 1177 novem,
1268 1114 1459 1165 iuvate
1490 1114 1605 1164 me!

152 1198 258 1247 His
304 1197 799 1246 lamentationibus
845 1196 943 1246 ille
992 1202 1292 1248 commotus
1328 1198 1473 1249 hunc
1509 1198 1605 1249 ho·-

75 1283 288 1332 minem
333 1279 567 1346 fetidum
611 1283 669 1330 et
713 1281 896 1331 instar
944 1281 1183 1332 bubonis
1238 1285 1607 1349 cecutientem

79 1365 159 1416 ad
199 1362 418 1429 [novum
455 1361 752 1430 quendam]
788 1365 997 1414 fontem
1033 1365 1375 1418 caballinum
1414 1363 1609 1431 [nuper

77 1469 116 1502 a
169 1447 414 1513 Sylvano
461 1446 862 1513 adinventum}
885 1448 1168 1523 perduxit,
1228 1450 1325 1502 ubi
1368 1466 1606 1516 purgare

58 1523 360 1587 *hominem
383 1534 576 1584 volens
603 1546 726 1584 eum
749 1533 1067 1587 suffocavit.
1102 1534 1169 1584 In
1201 1536 1419 1600 signum
1452 1538 1608 1586 cuius

58 1618 270 1670 'adhuc
315 1633 460 1686 aque
505 1618 725 1670 illorum
775 1619 1011 1670 fontium
1046 1620 1128 1670 ita
1164 1619 1379 1688 turbide
1416 1621 1608 1688 fetori·

79 1706 304 1764 busque
347 1703 610 1768 permiste
655 1707 813 1765 sunt,
871 1707 936 1754 ut
995 1705 1309 1769 quicunque
1366 1721 1435 1754 ex
1490 1705 1610 1755 illis

81 1785 318 1848 indigne
360 1784 630 1847 biberint,
687 1786 874 1836 insani
919 1789 1105 1852 potius
1148 1790 1265 1839 sint
1308 1804 1473 1852 quam
1520 1805 1608 1838 sa-

83 1868 328 1935 pientes·

59 1971 64 1994 ι
165 1942 216 2002 OE
250 1951 416 2001 Hunc
453 1966 575 2001 cum
609 1954 904 2005 recitasset
938 1955 1245 2022 dialogum,
1294 1958 1401 2026 hec
1437 1959 1611 2010 conti·-

84 2053 202 2088 nuo
225 2037 399 2088 verba
430 2035 698 2086 subiecit:
736 2035 839 2087 ‘De
875 2039 1090 2102 poetis’‚
1124 2041 1322 2104 inquit,
1350 2042 1529 2093 ‘malis
1556 2047 1613 2094 ot

85 2121 369 2189 perversis
393 2123 618 2184 tamque
643 2121 897 2188 preclaro
922 2123 1144 2172 nomine
1166 2124 1409 2191 indignis
1434 2127 1611 2178 solum

87 2204 388 2268 loquimur,
425 2203 492 2255 de
528 2203 774 2256 honestis
811 2209 869 2256 et
901 2206 1251 2270 sapientibus
1284 2209 1419 2260 mali
1450 2211 1610 2265 nihil.

87 2289 211 2340 Nec
243 2287 486 2351 aliquem
519 2290 622 2340 sub
659 2290 780 2357 celo
804 2290 912 2340 hoc
933 2293 1123 2352 nostro
1156 2290 1377 2356 dialogo
1412 2295 1615 2346 offendi

59 2374 363 2428 ‚volumus.
433 2372 572 2423 Nam
610 2375 707 2437 qui
739 2374 965 2424 tandem
999 2374 1225 2424 obscuri
1259 2376 1373 2425 sint
1405 2377 1529 2440 viri,

160 2457 524 2510 Grammatici
544 2461 776 2522 certant,
791 2463 848 2510 et
873 2458 1054 2510 adhuc
1078 2460 1179 2509 sub
1203 2459 1385 2512 iudice
1404 2461 1475 2512 lis
1494 2464 1615 2516 est.’

86 2542 236 2594 Vale
270 2559 338 2593 ex
373 2541 859 2609 Constantinopoli
895 2542 1075 2610 [sexto
1108 2543 1237 2596 Idus
1264 2544 1613 2614 Mahumet-iJ.

88 2654 188 2665 ‘—

161 2707 183 2742 ⁴
221 2710 458 2764 Vulcani
485 2713 735 2770 cloacam
760 2717 812 2770 2.
