1942 3109
223 159 322 214 312
389 169 686 212 ‘nrxsronffl
711 175 1077 214 onscvnonvu
1100 171 1353 210 vinonvu
1378 174 1558 209 nova.

225 281 487 346 quicquid
539 282 696 332 scitis
749 281 966 332 debetis
1010 277 1145 330 mihi
1188 279 1446 330 scribere.
1527 278 1740 332 Valete

223 382 292 417 ex
327 367 514 417 Roma.

931 617 1017 674 50.

305 739 356 797 (Ι
397 735 792 820 Magister
834 699 1187 802 Adolfus
1223 734 1641 820 Clingesor

508 841 841 907 Mag-istro
879 840 1169 892 Ortvino
1206 839 1443 892 Gratio

600 924 848 978 Salutem
881 925 1173 992 plurimam
1206 925 1361 976 dicit.

305 1043 480 1100 ,Sicut
510 1042 696 1110 'nuper
739 1037 1099 1096 intellexistis
1143 1044 1209 1095 de
1254 1059 1337 1095 me
1374 1043 1517 1108 quod
1552 1042 1735 1094 solent

222 1127 313 1178 hic
366 1143 577 1180 mecum
630 1129 913 1196 disputare
957 1130 1026 1182 de
1071 1129 1316 1181 Iohanne
1359 1129 1631 1179 Reuchlin
1676 1132 1733 1179 et

222 1228 396 1264 causa
417 1211 572 1266 fidei:
610 1215 816 1267 Sciatis
841 1215 986 1280 quod
1009 1220 1303 1280 postquam
1332 1215 1561 1264 misistis
1597 1213 1736 1264 mihi

221 1299 379 1349 illum
423 1301 624 1351 librum
656 1301 918 1352 Iohannis
953 1299 1303 1362 Pfefferkorn
1349 1300 1439 1365 qui
1474 1299 1734 1349 intitula-

224 1387 314 1433 tur
349 1383 634 1436 ‘Defensio
657 1386 920 1436 Iohannis
943 1384 1293 1436 Pfefferkorn
1330 1388 1520 1434 contra
1555 1384 1733 1436 famo·

222 1470 351 1532 sas',
393 1473 528 1519 tunc
578 1471 657 1522 ivi
715 1471 784 1520 ad
837 1469 1113 1534 quendam
1166 1471 1262 1534 qui
1312 1481 1525 1533 semper
1572 1473 1727 1520 tenet

221 1553 357 1602 mihi
381 1555 708 1619 oppositum,
747 1559 804 1605 et
837 1553 1054 1605 ostendi
1089 1555 1141 1604 ei
1175 1555 1233 1604 in
1267 1554 1365 1604 illo
1402 1554 1539 1605 libro
1572 1553 1723 1602 circa

222 1636 384 1688 finem
419 1639 640 1690 scilicet
675 1639 720 1690 Ο
757 1638 828 1704 ij,
873 1639 970 1690 ubi
1006 1638 1089 1689 sic
1125 1639 1388 1690 scribitur
1423 1638 1579 1688 ‘Ante
1617 1651 1739 1688 ,xx.·

224 1739 426 1789 annos,
474 1728 523 1775 si
565 1725 706 1775 bene
747 1724 995 1790 memini,
1043 1725 1201 1776 nobis
1238 1722 1659 1775 Coloniensibus
1693 1739 1727 1773 a

219 1807 465 1860 Iohanne
490 1808 926 1874 Lichtenberger
947 1809 1067 1861 sive
1091 1810 1382 1876 peregrino
1406 1809 1553 1859 Ruth
1575 1809 1735 1860 here·

221 1894 386 1958 mita,
434 1885 618 1959 (cuius
663 1895 1021 1960 prognostica
1064 1894 1349 1961 Moguntie
1395 1897 1510 1942 tam
1555 1893 1736 1946 latine

223 1993 386 2041 quam
421 1980 698 2030 teutonice
733 1980 1000 2045 impressa
1025 1979 1173 2046 sunt)
1200 1979 1513 2031 vaticinata
1536 1977 1734 2030 fuisse.

223 2063 316 2114 Sic
359 2065 503 2114 enim
550 2063 746 2114 scribit
779 2064 916 2115 folio
955 2079 1089 2114 ‚xvh
1162 2063 1509 2126 “Attendite‚
1557 2078 1589 2113 o
1635 2077 1733 2116 vos

218 2148 544 2213 Philosophi
568 2147 954 2212 colonienses,
992 2165 1061 2198 ne
1096 2147 1219 2212 lupi
1252 2163 1487 2213 rapaces
1524 2148 1737 2200 introe-

223 2235 322 2281 ant
353 2234 411 2281 in
455 2233 599 2284 ovile
644 2238 913 2284 vestrum:
961 2233 1103 2282 Nam
1146 2233 1483 2297 temporibus
1527 2235 1737 2284 vestris

222 2321 490 2382 exurgent
533 2331 678 2368 nova
724 2323 782 2369 et
827 2316 1079 2367 inaudita
1123 2316 1183 2366 in
1228 2316 1485 2368 ecclesiis
1528 2318 1734 2368 vestris

221 2417 327 2471 que
353 2402 681 2468 almipotens
707 2403 997 2454 avertat'’.’
1057 2400 1191 2452 Cum
1214 2402 1310 2454 ille
1336 2403 1595 2468 legisset,
1621 2403 1739 2452 ste-

220 2487 292 2535 tit
333 2487 630 2550 modicum,
678 2492 734 2538 et
775 2486 1050 2552 pensavit.
1118 2487 1333 2538 Deinde
1378 2486 1543 2536 dixit:
1592 2482 1735 2551 ‘Ego

219 2571 385 2621 miror
441 2572 738 2622 stultitiam
791 2570 1209 2637 Theologorum.
1293 2570 1530 2622 Creditis
1586 2571 1737 2634 qnod

219 2664 406 2706 omnes
440 2655 692 2707 homines·
719 2657 846 2704 sunt
867 2655 1042 2722 pueri,
1080 2655 1223 2721 quod
1246 2655 1473 2722 possitis
1501 2655 1585 2706 eis
1608 2671 1737 2722 per-
