1942 3109
74 272 569 319 Lnutx'rxrronas
607 272 911 314 onscvnon.
937 272 1130 313 Vmor..
1159 260 1474 327 [wreus]
1517 258 1620 312 255

816 482 899 534 34.

603 570 654 630 ([
696 564 1131 629 Titivillus

534 669 861 720 Pultrono
902 668 978 721 .S.
1013 668 1075 720 P.
1113 668 1181 717 D.

196 772 449 823 Animam
495 787 629 838 age,
678 772 753 822 mi
790 769 1117 821 charissime
1153 768 1424 819 Murcida.
1496 771 1619 821 Uti-

84 874 226 910 nam
273 873 451 907 essem
498 872 620 905 cum
655 854 994 906 Anchisiade
1038 855 1098 903 in
1131 854 1342 919 Elysiis
1391 856 1618 919 campis,

85 948 153 991 et
188 942 293 1005 hec
328 943 445 988 tam
480 939 735 989 infelicia
770 953 880 989 non
927 938 1192 989 audirem.
1263 937 1410 990 Proh
1456 938 1618 988 deum

82 1031 265 1086 atque
312 1022 589 1073 hominum
634 1022 819 1073 fidem!
869 1022 1002 1087 quid
1047 1023 1153 1074 hoc
1201 1026 1286 1073 est
1329 1024 1380 1073 si
1426 1027 1618 1073 contu-

78 1108 262 1159 melia
310 1123 420 1158 non
468 1112 581 1170 est,
630 1110 729 1157 aut
772 1108 959 1172 potius
998 1105 1086 1157 dei
1121 1106 1330 1171 plaga?
1399 1108 1520 1174 Que
1558 1111 1618 1157 tu

79 1193 328 1256 scribis,
399 1191 783 1241 intolerabilia
842 1190 978 1239 mihi
1031 1190 1307 1241 videntur.
1388 1191 1616 1241 Gratias

46 1271 313 1343 .[etiam]
356 1260 608 1341 capnion
644 1275 803 1325 nobis
840 1275 959 1340 agit
995 1274 1211 1336 nullas,
1261 1275 1394 1337 quin
1428 1276 1616 1339 potius

78 1360 359 1411 Obscuris
398 1359 648 1410 omnibus
685 1358 990 1409 maledicit.
1060 1356 1180 1408 Alii
1210 1363 1468 1427 preterea
1514 1374 1614 1410 nos

74 1442 493 1509 sycophantas,
542 1444 643 1493 alii
689 1444 869 1493 noctis
915 1438 1092 1506 filios,
1143 1442 1245 1492 alii
1287 1444 1612 1507 nebulones,

74 1528 188 1579 alii
223 1527 491 1579 humanas
526 1530 771 1593 bestiast,
821 1526 920 1578 alii
964 1531 1276 1580 monstrosa
1309 1531 1608 1595 mancipia,

75 1611 189 1663 alii
225 1627 391 1663 canes
427 1613 679 1677 rabidos,
715 1610 970 1663 nonnulli
1002 1612 1310 1680 hereticos,
1347 1614 1610 1679 blasphe-

43 1710 203 1751 3mos
250 1699 307 1744 et
349 1694 737 1763 fetidissimam
784 1696 1151 1747 convitiorum
1195 1698 1473 1747 sentinam
1512 1712 1610 1762 ap-

72 1776 319 1843 pellant.
390 1778 612 1827 Addunt
668 1793 915 1843 quoque,
974 1793 1075 1829 nos
1133 1778 1284 1829 solos
1343 1781 1608 1830 obscuros

76 1874 210 1911 cum
256 1858 487 1909 Dathan
536 1862 593 1909 et
626 1860 849 1923 Abyron
895 1863 1090 1910 merito
1139 1877 1174 1911 a
1219 1866 1372 1913 terra
1417 1864 1607 1914 absor-

73 1940 312 1995 bendos.
380 1936 525 1993 Vale
570 1959 637 1992 ex
671 1942 998 2008 Argentina.
1071 1948 1127 1995 et
1169 1948 1225 1995 te
1261 1945 1349 1996 his
1385 1948 1606 1999 oblecta

72 2025 474 2079 felicitatibus,

43 2202 52 2235 ι
800 2178 885 2231 35.

159 2253 165 2258 “
252 2262 303 2319 ΙΙ
347 2258 813 2325 Gerhardus
859 2262 1429 2348 Schirruglius

326 2360 571 2413 Ioanni
604 2360 1043 2431 Wickelphio
1083 2366 1155 2416 .S.
1193 2366 1255 2416 P.
1292 2368 1361 2416 D.

178 2460 320 2515 Mali
375 2469 504 2515 sunt
547 2462 794 2533 homines
851 2469 947 2533 qui
990 2465 1184 2517 dieunt
1227 2468 1386 2519 nobis
1432 2470 1596 2526 male.

75 2548 330 2613 quamvis
366 2551 512 2601 enim
548 2566 725 2616 neque
762 2549 923 2602 deum
957 2553 1249 2603 timeamus
1283 2568 1462 2619 neque
1499 2556 1595 2607 ho-

72 2734 105 2787 d
145 2666 329 2785 ¹⁹1Prq
366 2675 423 2721 et
544 2671 915 2723 felicItatibus
940 2674 992 2723 in
1018 2676 1068 2723 2.
1097 2678 1204 2723 est:
1237 2668 1361 2741 {1¹10
1398 2672 1592 2725 kalen-

114 2750 175 2784 as
230 2751 368 2787 oms.
