1942 3109
339 257 472 292 vor..
512 256 552 290 1.
624 248 694 290 46.
735 234 822 305 [5.]
864 251 1095 290 mamus
1130 251 1478 290 susurrem.
1578 231 1677 290 133

135 365 324 413 lamus
363 361 435 411 ad
469 375 642 410 unam
677 357 862 408 dicam
896 358 1136 422 laniare,
1174 374 1275 424 ego
1309 357 1471 410 hodie
1497 362 1555 407 et
1574 373 1675 408 vos

139 461 296 511 cras,
348 447 486 510 quia
531 444 791 510 digniora
833 447 960 493 sunt
994 444 1207 508 priora,
1254 459 1355 509 ego
1390 443 1583 494 doctor
1618 445 1675 492 et

135 548 239 585 vos
263 532 568 597 magister:
595 527 722 578 dico
746 533 930 578 tamen
951 529 1059 578 hoc
1082 529 1203 579 sine
1230 527 1669 593 contemptionet

137 619 338 681 sicque
381 614 646 667 volumus
693 613 800 664 hoc
841 613 902 663 in
945 617 1165 666 secreto
1220 628 1447 666 servare
1505 618 1671 675 atque

139 718 266 752 eam
297 701 518 750 nutrire
560 713 683 748 cum
719 714 886 765 puero
923 698 1184 764 expensis
1206 697 1441 748 mutuist
1479 700 1537 748 et
1558 696 1674 747 scio

141 786 291 850 quod
339 787 467 850 ipsa
517 784 763 834 libenter
811 785 916 834 erit
952 787 1252 834 contenta:
1300 786 1469 846 atque
1508 782 1675 831 etiam

140 872 290 934 scio,
330 872 384 920 si
419 869 514 918 diu
545 868 854 920 lsrdsssem
891 884 1043 931 eam,
1078 883 1189 918 non
1222 871 1373 918 esset
1408 867 1541 918 mihi
1580 867 1662 916 in-

140 956 378 1006 firmitas
413 953 549 1034 ills:
585 968 746 1018 spero
779 957 975 1002 tamen
1010 951 1155 1016 quod
1188 951 1317 1002 volo
1350 967 1513 1002 renes
1544 965 1675 1016 pur·

145 1055 311 1105 gare,
365 1043 434 1088 ut
472 1037 598 1087 fiam
643 1053 834 1087 sanus.
908 1037 985 1086 Et
1032 1051 1155 1087 cum
1197 1036 1303 1087 hoc
1347 1036 1567 1096 valete3
1626 1035 1679 1084 si

153 1138 270 1172 uon
301 1123 530 1171 fuissem
561 1121 762 1174 debilis
797 1121 1185 1184 transicionis‚
1221 1125 1357 1169 tunc
1391 1124 1507 1168 met
1540 1119 1675 1168 ivis·

155 1221 271 1256 sem
307 1205 377 1256 ad
411 1221 506 1258 vos
541 1210 598 1257 et
629 1223 744 1258 non
779 1205 1157 1270 scripsissem:
1202 1203 1299 1255 sed
1354 1207 1539 1254 tamen
1574 1217 1673 1254 vos

143 1291 362 1342 debetis
397 1291 536 1342 mihi
559 1292 884 1342 rescribere.
957 1291 1162 1340 Datum
1186 1289 1387 1354 raptim
1412 1305 1481 1340 ex
1504 1289 1673 1338 bursa

141 1381 338 1427 nostra
371 1376 599 1424 Montis.

609 1593 706 1652 46.
777 1593 1107 1662 Appendicis
1142 1595 1193 1648 5.

165 1695 510 1761 Ioannis
557 1694 1003 1758 Gurrificis
1046 1694 1639 1760 Ambachensis

341 1815 644 1865 otwino
677 1813 917 1866 Gratio
951 1815 1467 1866 Daventriensi

623 1914 834 1967 Salutis
867 1917 1183 1968 Plurimum.

243 2051 747 2118 Quoniamquidem
790 2052 926 2101 mihi
965 2067 1145 2116 nuper
1191 2053 1496 2116 scripsistis
1534 2066 1667 2116 quo·

133 2140 300 2190 modo
340 2139 478 2188 mihi
528 2135 860 2188 succederet
903 2139 964 2186 in
998 2136 1375 2202 Heidelberga
1422 2140 1478 2186 et
1524 2136 1668 2200 quod

139 2225 310 2274 etiam
345 2224 508 2275 vobis
541 2223 908 2273 rescriberem
934 2221 1200 2285 quomodo
1224 2221 1513 2286 placerent
1535 2223 1669 2273 mihi

135 2309 226 2358 hic
271 2307 551 2360 Doctores
597 2311 656 2357 et
710 2305 997 2371 magistri:
1056 2305 1263 2356 Sciatis
1322 2321 1451 2370 ergo
1495 2309 1668 2370 primo

137 2392 282 2456 quod
329 2393 734 2457 quamprimum
779 2391 911 2442 veni
957 2389 1029 2440 ad
1062 2389 1522 2454 Heidelbergam,
1570 2390 1665 2442 fie-

131 2480 264 2529 bam
305 2491 473 2526 cocus
506 2478 566 2526 in
600 2476 800 2538 bursa,
845 2475 942 2525 ubi
995 2474 1177 2525 habeo
1211 2487 1455 2524 mensam
1489 2461 1668 2541 gratis

133 2567 190 2612 et
225 2563 404 2612 etiam
439 2561 666 2624 aliquas
700 2559 972 2624 pecunias
1008 2573 1107 2624 pro
1142 2558 1423 2622 mercede,
1461 2563 1517 2608 et
1540 2573 1667 2624 pos-

131 2661 254 2696 sum
289 2644 562 2710 proficere
599 2648 658 2694 et
693 2642 969 2707 complere
995 2643 1066 2692 ad
1092 2641 1321 2706 gradum
1340 2641 1671 2702 magisterii.

137 2730 230 2780 Sic
268 2731 447 2780 etiam
481 2729 626 2779 feeit
659 2741 880 2791 pauper
911 2726 1193 2774 Hem-icus
1228 2723 1327 2782 qui
1347 2731 1459 2767 non
1480 2716 1680 2764 habuit
