1942 3109
230 261 464 298 onrvrm
504 261 702 298 enA'rn
740 261 1017 298 mus'rom
1052 261 1461 298 nomentum.
1532 249 1635 301 343

79 374 250 423 simo
286 355 773 430 illustrissimoque
809 365 1051 432 principi
1086 382 1153 416 ae
1175 367 1634 418 reverendissimo

83 453 356 520 ecclesie
410 449 870 502 Monasteriensis
924 451 1173 516 pontifici
1232 452 1427 516 Erico,
1496 453 1635 502 satis

83 551 387 604 superque
444 539 692 599 constat,
748 535 931 586 'veluti
986 535 1129 586 liber
1180 535 1247 586 de
1303 535 1632 604 Vestphalie

70 613 394 685 slaudi'bus,
431 619 609 672 eidem
647 637 680 670 a
715 619 876 671 nobis
915 622 1045 670 ante
1083 619 1299 684 aliquot
1335 635 1510 671 annos
1547 637 1635 671 re-

85 709 372 760 verenter
405 706 746 771 nuneupato‚
780 703 946 770 longe
986 704 1267 770 copiosius
1303 706 1634 756 continetur.

80 794 198 845 Me
237 794 423 841 autem
457 791 922 842 Daventriensem
960 789 1428 854 cognominatum,
1473 805 1633 841 nemo

68 890 332 944 zprorsus
370 875 685 925 admiretur.
753 875 862 924 Fui
899 874 1044 924 enim
1078 874 1137 922 in
1172 878 1366 924 tenera
1399 875 1633 939 primum

66 963 264 1031 etate
325 957 403 1022 (et
459 959 514 1010 id
573 958 792 1024 quidem
851 961 1031 1009 matre
1084 970 1210 1008 mea
1259 955 1527 1010 Gertrude
1574 961 1632 1009 in

64 1043 259 1102 :omni
301 1043 594 1094 honestate
620 1041 934 1110 defuncta)
978 1038 1343 1093 Daventriam
1390 1058 1424 1092 a
1471 1047 1631 1107 patre

64 1128 179 1180 ·ad
217 1127 449 1178 fratrem
483 1128 708 1193 missus,
755 1125 851 1178 ubi
882 1127 1123 1177 maiores
1158 1126 1363 1190 nostri,
1407 1125 1498 1177 vel
1532 1143 1632 1192 pa-

61 1211 264 1265 ·trioii
309 1225 522 1276 semper
554 1211 645 1262 vel
691 1215 978 1262 senatores
1023 1211 1207 1272 fuere,
1255 1213 1320 1259 ut
1365 1210 1465 1261 sub
1503 1209 1632 1261 Ale-

90 1295 322 1351 xandro
368 1295 548 1360 Hegio
594 1294 716 1346 illie
769 1299 902 1345 tune
948 1294 1405 1361 gymnasiareha,
1462 1309 1631 1362 grece

59 1379 331 1448 [quidem
378 1395 446 1429 ae
492 1379 668 1430 latine
713 1378 953 1442 erudito,
1014 1381 1190 1430 bonas
1236 1379 1457 1430 litteras
1492 1393 1631 1444 puer

59 1480 218 1519 ¹non
273 1463 603 1529 ignorarem.
686 1464 1037 1528 Quapropter
1088 1466 1147 1513 in
1200 1463 1629 1530 Vestpha'lorum

59 1544 328 1604 >laudem
373 1547 490 1598 tale
539 1545 609 1597 ad
662 1551 1020 1598 memoratum
1072 1549 1378 1614 prinoipem
1425 1549 1628 1600 cecini-

59 1649 224 1687 ;mus
262 1632 681 1684 Tetrastiehont

167 1717 514 1782 Vestphalus
560 1718 620 1766 in
667 1716 883 1766 eunctis
927 1713 1133 1779 solers,
1183 1721 1350 1780 atque
1386 1733 1479 1768 ore
1516 1733 1627 1768 mo-

645 1799 866 1864 destas,

241 1885 472 1956 Vividus
511 1887 756 1952 ingenio,
794 1883 1087 1950 relligione
1124 1899 1301 1943 sacer,

169 1969 392 2021 Nobilis
427 1969 628 2034 officio,
669 1969 812 2020 nulli
845 1959 1125 2035 probitate
1162 1967 1457 2033 secundus,

241 2053 540 2105 Illustrans
577 2054 782 2122 orbem,
819 2052 1073 2118 coniuge,
1102 2047 1282 2120 prole,
1316 2051 1492 2104 domo.

89 2143 228 2208 Hec
255 2138 436 2189 obiter
458 2137 610 2193 dieta
635 2142 780 2201 sunt,
795 2153 900 2205 que
927 2138 1098 2188 etiam
1122 2137 1172 2186 si
1197 2135 1399 2187 omissa
1424 2137 1627 2203 forent,

93 2223 386 2288 Oapnioni
419 2227 608 2274 tamen
641 2220 968 2288 prodessent
1001 2220 1159 2272 nihil.
1218 2212 1271 2271 ([
1306 2218 1629 2273 ‘Induantur

89 2315 300 2372 itaque
337 2307 432 2371 qui
469 2306 770 2358 detrahunt
797 2307 962 2370 mihi,
1000 2305 1206 2371 pudore
1242 2299 1299 2358 et
1330 2303 1629 2357 induantur

57 2410 66 2449 ὁ
89 2395 255 2448 sicut
288 2389 531 2458 diploide
559 2391 884 2444 confusione
908 2406 1028 2441 sua.
1078 2390 1390 2442 confitebor
1412 2390 1628 2442 domino

91 2479 270 2532 nimis
305 2477 364 2526 in
400 2490 492 2528 ore
529 2493 666 2541 meo,
705 2475 842 2527 etin
865 2472 1045 2525 medio
1069 2476 1363 2527 multorum
1386 2473 1626 2542 laudabo

171 2661 234 2697 ⁸·⁹
269 2662 329 2712 iu
354 2679 402 2714 0.
427 2656 577 2722 hon]
607 2625 750 2713 citra
774 2661 1184 2714 inhonestatem
1210 2664 1260 2710 2.
1390 2659 1497 2697 ¹0³¹
1534 2658 1626 2713 vel

92 2730 278 2783 -vel
302 2733 350 2779 1.
378 2734 434 2782 et
457 2757 520 2766 —
548 2732 606 2782 et
628 2731 680 2785 2.
