1942 3109
284 265 382 320 188
418 279 798 320 apameorum
823 277 1299 318 ecstaseos-ru
1324 275 1810 323 nummatum.

279 389 553 440 Reuchlin
597 403 720 440 esse
765 387 1089 440 mendacem
1132 387 1191 436 in
1236 401 1337 436 sus
1384 385 1731 440 defensione
1762 393 1811 439 et

279 491 536 527 verorum
567 477 972 526 temeratorem.

383 559 458 610 Et
493 563 749 628 preterea
783 557 1087 609 falsissime
1124 556 1267 607 idem
1300 557 1423 622 ipse
1464 559 1723 624 scripsit,
1756 565 1807 610 ut

281 661 450 711 supra
485 645 776 710 probatum
813 649 927 706 est,
963 659 1049 693 me
1074 657 1231 693 suam
1253 641 1573 707 prodidisse
1600 645 1807 695 consul·

282 731 567 781 tationem.
638 729 758 794 Ego
805 733 991 780 autem
1037 726 1177 777 duce
1223 727 1467 778 veritate
1518 727 1650 778 dieo
1690 743 1801 778 eum

286 829 406 866 esse
441 813 778 879 proditorem
813 813 904 864 dei
939 815 997 863 et
1028 811 1309 862 hominum
1345 814 1401 862 et
1428 809 1676 880 cesaree
1696 825 1801 860 ma·-

283 899 504 948 ieststis
539 895 826 963 {perfidum
887 898 1274 949 consultorem.
1366 895 1527 947 Addo
1600 911 1805 961 quoque

283 982 486 1034 multos
521 983 750 1048 publica
785 986 958 1032 morte
992 984 1383 1046 interemptos,
1423 983 1521 1045 qui
1556 997 1669 1032 non
1704 987 1810 1031 tam

285 1069 426 1119 bene
473 1067 630 1117 illam
673 1071 1091 1132 promeruerunt
1132 1067 1281 1117 sicut
1328 1069 1479 1131 ipse,
1528 1067 1664 1129 quia
1710 1083 1815 1117 non

287 1157 375 1202 est
417 1167 647 1216 parvum
695 1151 900 1201 crimen
945 1150 1144 1217 cesari
1185 1151 1390 1216 optimo
1434 1150 1671 1200 maximo
1716 1165 1812 1201 vo·

284 1236 528 1288 luntarie
575 1239 631 1286 et
675 1236 918 1286 scienter
962 1234 1170 1285 falsum
1218 1233 1529 1286 consulere.
1604 1235 1815 1286 Faces-

287 1325 416 1372 sant
457 1323 632 1386 igitur
675 1320 1057 1370 blacterantes
1103 1335 1189 1370 me
1244 1334 1355 1369 non
1412 1333 1535 1370 esse
1592 1317 1817 1386 dignum

289 1419 412 1456 cum
458 1420 566 1468 quo
611 1405 852 1455 Ioannes
894 1403 1170 1455 Reuchlin
1221 1402 1459 1453 iuridice
1516 1404 1815 1469 quicquam

289 1493 439 1554 agat.
501 1487 808 1538 Christiani
833 1488 977 1537 enim
1002 1503 1191 1538 omnes
1226 1503 1442 1552 sumus,
1478 1503 1591 1538 nec
1629 1491 1689 1539 in
1724 1488 1813 1540 ad-

287 1571 654 1624 ministranda
687 1571 920 1622 iusticia
955 1587 1083 1624 esse
1120 1571 1269 1637 apud
1294 1587 1635 1636 quemqnam
1656 1573 1819 1625 debet

287 1671 645 1724 personarum
681 1657 955 1722 acceptio.
1026 1658 1279 1722 Itemque
1314 1660 1377 1705 ut
1410 1658 1592 1708 semel
1638 1659 1821 1709 finiam

288 1743 395 1794 Fui
428 1742 693 1794 honestus
729 1745 787 1792 et
820 1742 1025 1808 probus
1051 1747 1295 1806 tempore
1318 1740 1624 1807 Iudaismi,
1670 1747 1821 1794 cuius

291 1829 628 1880 contrarium
661 1842 943 1891 nunquam
978 1827 1206 1892 probari
1238 1828 1473 1891 poterit,
1510 1827 1677 1879 sicut
1702 1845 1833 1895 pau-

287 1914 475 1963 losnte
512 1913 652 1963 satis
691 1912 914 1977 copiose
949 1913 1039 1962 est
1074 1911 1430 1976 explicatum.

423 2051 517 2100 De
568 2045 1003 2116 capitalibjus
1052 2047 1453 2112 quibusdam
1498 2063 1699 2100 men-

426 2133 651 2184 daciis
688 2134 966 2184 Ioannis
1002 2132 1341 2186 Reuehlin
1380 2134 1436 2184 et
1468 2135 1706 2185 articu-

427 2215 495 2265 lis
541 2217 758 2280 ailquot
803 2220 1163 2283 sacrosancte
1210 2216 1337 2267 fidei
1374 2215 1707 2290 christiane

833 2301 1270 2354 contumeliosis.

396 2412 449 2471 (s
486 2420 532 2470 Ο
568 2421 894 2472 beatissime
929 2424 1093 2486 pater
1138 2419 1185 2473 Ο
1220 2435 1319 2470 vos
1364 2421 1843 2475 reverendissimi

293 2504 621 2553 Cardinales
660 2504 706 2553 Ο
745 2505 1204 2555 christianissime
1252 2505 1589 2571 imperator,
1648 2511 1839 2559 intue-

293 2587 462 2634 amini
487 2587 715 2636 obsecro
739 2590 936 2653 paucis
961 2603 1127 2651 quam
1149 2588 1315 2654 impie
1333 2589 1580 2641 Ioannes
1600 2591 1839 2644 Reueh-

292 2669 374 2718 lin
407 2683 517 2718 non
551 2669 708 2720 modo
743 2673 803 2720 in
837 2687 922 2722 me
947 2671 1282 2736 Neophitum
1318 2672 1415 2722 sed
1450 2675 1509 2723 in
1546 2675 1743 2728 deum
1782 2692 1845 2726 ac

293 2755 544 2801 sanctam
570 2751 867 2804 ecclesiam
893 2753 1067 2804 multa
1092 2757 1507 2822 conscripserit.
1547 2759 1855 2812 Mentitur
