1942 3109
324 216 423 267 272
492 225 961 266 Lausus-rmum
1001 225 1304 261 essenon.
1333 225 1679 263 nnvcnnln.
1713 227 1862 263 nom

1062 481 1114 533 3.

326 589 377 648 (Ι
406 586 711 649 Doctor
740 584 994 670 Grytz
1035 603 1476 667 omnesque
1511 582 1856 651 Obscuri

800 683 1372 765 Reuchliniste

512 790 692 857 Gogo
731 794 797 840 et
830 790 1111 854 Magogo
1149 789 1267 837 suis
1303 788 1685 855 Principibus

948 873 1022 923 .S.
1057 872 1120 923 P.
1153 872 1224 922 D.

425 977 757 1045 Accepimus
791 977 1012 1028 litteras
1048 978 1283 1038 vestrae,
1317 975 1624 1043 principes
1659 976 1836 1028 invicti.

324 1068 553 1117 nectare
595 1064 758 1114 nobis
805 1065 974 1125 atque
1013 1060 1292 1110 ambrosia
1328 1063 1646 1113 suaviores.
1724 1058 1836 1123 Quid

328 1149 475 1201 enim
528 1147 865 1211 periculosis
910 1146 1065 1195 hisce
1107 1145 1464 1209 temporibus
1501 1144 1838 1211 pseudochri-

326 1233 529 1285 stianis
575 1230 772 1283 auditu
815 1228 1108 1281 iucundius
1156 1230 1389 1280 evenire
1435 1230 1646 1298 potuit,
1683 1244 1834 1296 qnam

328 1334 452 1371 eum
497 1334 619 1370 esse
663 1319 723 1368 in
766 1316 931 1366 terris
977 1318 1191 1376 natum,
1253 1328 1424 1377 quem
1479 1332 1680 1368 omnes
1711 1315 1829 1366 hlas-

325 1402 511 1469 phemi
553 1415 851 1465 omnesque
899 1399 1330 1450 calumniatores
1389 1404 1449 1451 et
1508 1400 1824 1470 heresiarche

326 1501 590 1538 summum
626 1485 785 1535 deum
820 1490 949 1533 sunt
985 1484 1246 1532 habituri.
1319 1482 1661 1540 Adoramus
1686 1492 1812 1549 itaque

324 1570 509 1623 Iovem
535 1572 593 1620 et
615 1564 947 1631 Apollinem,
971 1565 1310 1617 Mercurium
1334 1582 1582 1634 quoque
1613 1578 1672 1625 et
1689 1574 1815 1623 Musas

323 1668 539 1717 novem,
574 1655 637 1702 ut
657 1650 1003 1703 Antichristo
1038 1655 1295 1716 parcant,
1332 1668 1596 1721 eumque
1635 1660 1814 1725 magieis

327 1739 567 1793 doceant
613 1742 787 1801 artes,
846 1752 916 1787 ne
960 1737 1020 1787 in
1065 1734 1290 1787 scholas
1336 1752 1404 1787 eo
1455 1740 1841 1813 Theologoxzmt

330 1825 682 1889 adveniente,
709 1822 908 1875 artium
944 1822 1348 1874 diabolicarum
1385 1824 1556 1877 rudis
1585 1845 1714 1882 esse
1728 1826 1822 1879 vide-

330 1915 473 1961 atur.
509 1910 651 1959 Nam
689 1908 784 1971 qui
816 1908 1022 1959 virtute
1061 1911 1116 1958 et
1151 1906 1444 1971 sapientia
1477 1914 1691 1975 potest
1719 1910 1828 1969 nihil,
1858 1922 1859 1949 ὲ

329 1993 603 2047 maleficio
642 1990 941 2045 contendat
985 2006 1212 2043 necesse
1251 1994 1358 2042 est.
1434 1994 1660 2051 Valete
1692 2000 1766 2049 diu
1790 1998 1830 2044 in

330 2081 610 2131 montibus
644 2079 847 2130 vestris
886 2092 1009 2127 cum
1042 2076 1390 2129 Antichristo
1428 2088 1664 2147 nostro,
1689 2083 1828 2131 omni-

328 2179 529 2229 umque
578 2162 911 2214 nebulonum
947 2178 1016 2213 ac
1052 2161 1572 2235 sycophantarum,
1613 2171 1856 2222 lemurum

330 2250 500 2298 etiam
536 2251 593 2297 et
624 2249 869 2311 strygum
902 2250 1152 2309 patrono.
1191 2248 1524 2319 Wormacie
1556 2270 1629 2307 ex
1653 2255 1826 2324 porcina

327 2330 619 2401 Iudeorum
652 2344 955 2398 synagoga.
