<?xml version="1.0" encoding="UTF-8"?>
<!DOCTYPE html PUBLIC "-//W3C//DTD XHTML 1.0 Transitional//EN"
    "http://www.w3.org/TR/xhtml1/DTD/xhtml1-transitional.dtd">
<html xmlns="http://www.w3.org/1999/xhtml" xml:lang="en" lang="en">
 <head>
  <title>
</title>
<meta http-equiv="Content-Type" content="text/html;charset=utf-8" />
  <meta name='ocr-system' content='tesseract 3.04.00' />
  <meta name='ocr-capabilities' content='ocr_page ocr_carea ocr_par ocr_line ocrx_word'/>
</head>
<body>
  <div class='ocr_page' id='page_1' title='image "./epistolaeobscur00huttgoog_0211.png"; bbox 0 0 1942 3109; ppageno 0'>
   <div class='ocr_carea' id='block_1_1' title="bbox 238 218 1572 270">
    <p class='ocr_par' dir='ltr' id='par_1_1' title="bbox 238 218 1572 270">
     <span class='ocr_line' id='line_1_1' title="bbox 238 218 1572 270; baseline -0.001 0"><span class='ocrx_word' id='word_1_1' title='bbox 238 218 341 270; x_wconf 74' lang='lat'><strong>20⁰</strong></span> <span class='ocrx_word' id='word_1_2' title='bbox 416 233 703 269; x_wconf 69' lang='lat' dir='ltr'><strong>EPISTOLAE</strong></span> <span class='ocrx_word' id='word_1_3' title='bbox 728 231 1094 268; x_wconf 69' lang='lat' dir='ltr'><strong>oBscvnonvu</strong></span> <span class='ocrx_word' id='word_1_4' title='bbox 1118 231 1370 266; x_wconf 73' lang='lat' dir='ltr'><strong>vmonvn</strong></span> <span class='ocrx_word' id='word_1_5' title='bbox 1396 230 1572 268; x_wconf 74' lang='lat' dir='ltr'><strong>NOVAE.</strong></span> 
     </span>
    </p>
   </div>
   <div class='ocr_carea' id='block_1_2' title="bbox 171 335 1756 1509">
    <p class='ocr_par' dir='ltr' id='par_1_2' title="bbox 171 335 1756 1509">
     <span class='ocr_line' id='line_1_2' title="bbox 241 335 1748 404; baseline -0.003 -15"><span class='ocrx_word' id='word_1_6' title='bbox 241 354 343 404; x_wconf 82' lang='lat' dir='ltr'><strong>ego</strong></span> <span class='ocrx_word' id='word_1_7' title='bbox 378 353 476 404; x_wconf 84' lang='lat' dir='ltr'><strong>pro</strong></span> <span class='ocrx_word' id='word_1_8' title='bbox 511 342 663 389; x_wconf 85' lang='lat' dir='ltr'><strong>certo</strong></span> <span class='ocrx_word' id='word_1_9' title='bbox 708 338 853 388; x_wconf 77' lang='lat' dir='ltr'><strong>scio:</strong></span> <span class='ocrx_word' id='word_1_10' title='bbox 900 352 1029 402; x_wconf 84' lang='lat' dir='ltr'><strong>ergo</strong></span> <span class='ocrx_word' id='word_1_11' title='bbox 1072 336 1301 386; x_wconf 79' lang='lat' dir='ltr'><strong>faciatis</strong></span> <span class='ocrx_word' id='word_1_12' title='bbox 1345 335 1490 400; x_wconf 84' lang='lat' dir='ltr'><strong>quod</strong></span> <span class='ocrx_word' id='word_1_13' title='bbox 1529 336 1748 388; x_wconf 78' lang='lat' dir='ltr'><strong>univer-</strong></span> 
     </span>
     <span class='ocr_line' id='line_1_3' title="bbox 238 419 1748 474; baseline -0.001 -1"><span class='ocrx_word' id='word_1_14' title='bbox 238 423 380 473; x_wconf 79' lang='lat' dir='ltr'><strong>sitas</strong></span> <span class='ocrx_word' id='word_1_15' title='bbox 425 424 564 474; x_wconf 82' lang='lat' dir='ltr'><strong>citat</strong></span> <span class='ocrx_word' id='word_1_16' title='bbox 610 439 758 474; x_wconf 85' lang='lat' dir='ltr'><strong>eum:</strong></span> <span class='ocrx_word' id='word_1_17' title='bbox 814 426 947 473; x_wconf 87' lang='lat' dir='ltr'><strong>tunc</strong></span> <span class='ocrx_word' id='word_1_18' title='bbox 997 420 1252 473; x_wconf 82' lang='lat' dir='ltr'><strong>volumus</strong></span> <span class='ocrx_word' id='word_1_19' title='bbox 1297 436 1420 472; x_wconf 87' lang='lat' dir='ltr'><strong>eum</strong></span> <span class='ocrx_word' id='word_1_20' title='bbox 1461 419 1748 472; x_wconf 83' lang='lat' dir='ltr'><strong>declarare</strong></span> 
     </span>
     <span class='ocr_line' id='line_1_4' title="bbox 238 506 1751 573; baseline -0.003 -15"><span class='ocrx_word' id='word_1_21' title='bbox 238 508 544 573; x_wconf 84' lang='lat' dir='ltr'><strong>periurum,</strong></span> <span class='ocrx_word' id='word_1_22' title='bbox 592 509 735 572; x_wconf 73' lang='lat' dir='ltr'><strong>quia,</strong></span> <span class='ocrx_word' id='word_1_23' title='bbox 762 512 849 558; x_wconf 86' lang='lat' dir='ltr'><strong>est</strong></span> <span class='ocrx_word' id='word_1_24' title='bbox 880 506 1332 560; x_wconf 80' lang='lat' dir='ltr'><strong>inmatriculatus</strong></span> <span class='ocrx_word' id='word_1_25' title='bbox 1365 507 1424 556; x_wconf 89' lang='lat' dir='ltr'><strong>in</strong></span> <span class='ocrx_word' id='word_1_26' title='bbox 1455 506 1751 555; x_wconf 75' lang='lat' dir='ltr'><strong>matricula.</strong></span> 
     </span>
     <span class='ocr_line' id='line_1_5' title="bbox 239 590 1750 656; baseline -0.001 -13"><span class='ocrx_word' id='word_1_27' title='bbox 239 593 625 645; x_wconf 78' lang='lat' dir='ltr'><strong>universitatis</strong></span> <span class='ocrx_word' id='word_1_28' title='bbox 662 596 718 644; x_wconf 85' lang='lat' dir='ltr'><strong>et</strong></span> <span class='ocrx_word' id='word_1_29' title='bbox 751 593 889 644; x_wconf 86' lang='lat' dir='ltr'><strong>fecit</strong></span> <span class='ocrx_word' id='word_1_30' title='bbox 923 593 1286 642; x_wconf 76' lang='lat' dir='ltr'><strong>iuramentum</strong></span> <span class='ocrx_word' id='word_1_31' title='bbox 1315 590 1459 656; x_wconf 86' lang='lat' dir='ltr'><strong>quod</strong></span> <span class='ocrx_word' id='word_1_32' title='bbox 1479 591 1606 642; x_wconf 82' lang='lat' dir='ltr'><strong>vult</strong></span> <span class='ocrx_word' id='word_1_33' title='bbox 1625 605 1750 656; x_wconf 81' lang='lat' dir='ltr'><strong>pro·</strong></span> 
     </span>
     <span class='ocr_line' id='line_1_6' title="bbox 242 677 1750 730; baseline -0.001 -2"><span class='ocrx_word' id='word_1_34' title='bbox 242 693 437 730; x_wconf 80' lang='lat' dir='ltr'><strong>curare</strong></span> <span class='ocrx_word' id='word_1_35' title='bbox 468 679 670 730; x_wconf 86' lang='lat' dir='ltr'><strong>bonum</strong></span> <span class='ocrx_word' id='word_1_36' title='bbox 702 677 1117 730; x_wconf 80' lang='lat' dir='ltr'><strong>universitatis:</strong></span> <span class='ocrx_word' id='word_1_37' title='bbox 1165 677 1262 728; x_wconf 86' lang='lat' dir='ltr'><strong>sed</strong></span> <span class='ocrx_word' id='word_1_38' title='bbox 1297 692 1444 728; x_wconf 86' lang='lat' dir='ltr'><strong>nunc</strong></span> <span class='ocrx_word' id='word_1_39' title='bbox 1479 679 1594 726; x_wconf 84' lang='lat' dir='ltr'><strong>stat</strong></span> <span class='ocrx_word' id='word_1_40' title='bbox 1629 688 1750 728; x_wconf 81' lang='lat' dir='ltr'><strong>cum</strong></span> 
     </span>
     <span class='ocr_line' id='line_1_7' title="bbox 240 762 1748 827; baseline -0.001 -14"><span class='ocrx_word' id='word_1_41' title='bbox 240 763 485 814; x_wconf 76' lang='lat' dir='ltr'><strong>Iohanne</strong></span> <span class='ocrx_word' id='word_1_42' title='bbox 506 762 781 815; x_wconf 85' lang='lat' dir='ltr'><strong>Reuchlin</strong></span> <span class='ocrx_word' id='word_1_43' title='bbox 808 767 1002 814; x_wconf 79' lang='lat' dir='ltr'><strong>contra</strong></span> <span class='ocrx_word' id='word_1_44' title='bbox 1024 763 1462 814; x_wconf 79' lang='lat' dir='ltr'><strong>universitatem.</strong></span> <span class='ocrx_word' id='word_1_45' title='bbox 1519 762 1594 811; x_wconf 85' lang='lat' dir='ltr'><strong>Et</strong></span> <span class='ocrx_word' id='word_1_46' title='bbox 1617 777 1748 827; x_wconf 87' lang='lat' dir='ltr'><strong>rogo</strong></span> 
     </span>
     <span class='ocr_line' id='line_1_8' title="bbox 241 847 1754 912; baseline -0.001 -14"><span class='ocrx_word' id='word_1_47' title='bbox 241 848 386 912; x_wconf 80' lang='lat' dir='ltr'><strong>qnod</strong></span> <span class='ocrx_word' id='word_1_48' title='bbox 417 848 607 900; x_wconf 75' lang='lat' dir='ltr'><strong>velitis</strong></span> <span class='ocrx_word' id='word_1_49' title='bbox 640 848 747 899; x_wconf 88' lang='lat' dir='ltr'><strong>hoc</strong></span> <span class='ocrx_word' id='word_1_50' title='bbox 782 849 971 899; x_wconf 77' lang='lat' dir='ltr'><strong>statim</strong></span> <span class='ocrx_word' id='word_1_51' title='bbox 1005 848 1222 912; x_wconf 81' lang='lat' dir='ltr'><strong>facere,</strong></span> <span class='ocrx_word' id='word_1_52' title='bbox 1260 852 1316 898; x_wconf 88' lang='lat' dir='ltr'><strong>et</strong></span> <span class='ocrx_word' id='word_1_53' title='bbox 1347 848 1584 897; x_wconf 81' lang='lat' dir='ltr'><strong>mittatis</strong></span> <span class='ocrx_word' id='word_1_54' title='bbox 1619 847 1754 896; x_wconf 89' lang='lat' dir='ltr'><strong>mihi</strong></span> 
     </span>
     <span class='ocr_line' id='line_1_9' title="bbox 240 931 1750 997; baseline 0 -15"><span class='ocrx_word' id='word_1_55' title='bbox 240 932 441 983; x_wconf 86' lang='lat' dir='ltr'><strong>librum</strong></span> <span class='ocrx_word' id='word_1_56' title='bbox 485 932 713 985; x_wconf 77' lang='lat' dir='ltr'><strong>Ioannis</strong></span> <span class='ocrx_word' id='word_1_57' title='bbox 746 933 1098 986; x_wconf 82' lang='lat' dir='ltr'><strong>Pfefferkorn</strong></span> <span class='ocrx_word' id='word_1_58' title='bbox 1143 935 1238 997; x_wconf 89' lang='lat' dir='ltr'><strong>qui</strong></span> <span class='ocrx_word' id='word_1_59' title='bbox 1271 931 1588 982; x_wconf 78' lang='lat' dir='ltr'><strong>intitulatur</strong></span> <span class='ocrx_word' id='word_1_60' title='bbox 1623 931 1750 982; x_wconf 84' lang='lat' dir='ltr'><strong>‘De-</strong></span> 
     </span>
     <span class='ocr_line' id='line_1_10' title="bbox 239 1017 1747 1084; baseline 0 -16"><span class='ocrx_word' id='word_1_61' title='bbox 239 1019 418 1070; x_wconf 85' lang='lat' dir='ltr'><strong>fensio</strong></span> <span class='ocrx_word' id='word_1_62' title='bbox 438 1018 667 1070; x_wconf 82' lang='lat' dir='ltr'><strong>Ioannis</strong></span> <span class='ocrx_word' id='word_1_63' title='bbox 692 1019 1051 1084; x_wconf 83' lang='lat' dir='ltr'><strong>Pepericorni</strong></span> <span class='ocrx_word' id='word_1_64' title='bbox 1077 1023 1270 1068; x_wconf 83' lang='lat' dir='ltr'><strong>contra</strong></span> <span class='ocrx_word' id='word_1_65' title='bbox 1293 1018 1570 1068; x_wconf 75' lang='lat' dir='ltr'><strong>famosas&#39;.</strong></span> <span class='ocrx_word' id='word_1_66' title='bbox 1629 1017 1747 1082; x_wconf 87' lang='lat' dir='ltr'><strong>Ego</strong></span> 
     </span>
     <span class='ocr_line' id='line_1_11' title="bbox 171 1102 1752 1170; baseline -0.001 -16"><span class='ocrx_word' id='word_1_67' title='bbox 171 1105 175 1111; x_wconf 86' lang='lat'>&#39;</span> <span class='ocrx_word' id='word_1_68' title='bbox 241 1102 359 1154; x_wconf 83' lang='lat' dir='ltr'><strong>vidi</strong></span> <span class='ocrx_word' id='word_1_69' title='bbox 391 1106 565 1170; x_wconf 83' lang='lat' dir='ltr'><strong>nuper</strong></span> <span class='ocrx_word' id='word_1_70' title='bbox 598 1120 765 1155; x_wconf 90' lang='lat' dir='ltr'><strong>unum</strong></span> <span class='ocrx_word' id='word_1_71' title='bbox 798 1105 1010 1155; x_wconf 88' lang='lat' dir='ltr'><strong>socium</strong></span> <span class='ocrx_word' id='word_1_72' title='bbox 1043 1107 1264 1169; x_wconf 78' lang='lat' dir='ltr'><strong>portare</strong></span> <span class='ocrx_word' id='word_1_73' title='bbox 1301 1102 1434 1166; x_wconf 87' lang='lat' dir='ltr'><strong>huc,</strong></span> <span class='ocrx_word' id='word_1_74' title='bbox 1473 1106 1529 1152; x_wconf 92' lang='lat' dir='ltr'><strong>et</strong></span> <span class='ocrx_word' id='word_1_75' title='bbox 1549 1102 1752 1154; x_wconf 81' lang='lat' dir='ltr'><strong>vellem</strong></span> 
     </span>
     <span class='ocr_line' id='line_1_12' title="bbox 239 1186 1754 1254; baseline -0.001 -16"><span class='ocrx_word' id='word_1_76' title='bbox 239 1189 323 1238; x_wconf 84' lang='lat' dir='ltr'><strong>ita</strong></span> <span class='ocrx_word' id='word_1_77' title='bbox 366 1188 606 1240; x_wconf 82' lang='lat' dir='ltr'><strong>libenter</strong></span> <span class='ocrx_word' id='word_1_78' title='bbox 646 1190 851 1241; x_wconf 82' lang='lat' dir='ltr'><strong>habere</strong></span> <span class='ocrx_word' id='word_1_79' title='bbox 898 1188 1042 1254; x_wconf 85' lang='lat' dir='ltr'><strong>quod</strong></span> <span class='ocrx_word' id='word_1_80' title='bbox 1089 1204 1180 1240; x_wconf 89' lang='lat' dir='ltr'><strong>cor</strong></span> <span class='ocrx_word' id='word_1_81' title='bbox 1223 1187 1374 1240; x_wconf 86' lang='lat' dir='ltr'><strong>dolet</strong></span> <span class='ocrx_word' id='word_1_82' title='bbox 1415 1187 1549 1236; x_wconf 87' lang='lat' dir='ltr'><strong>mihi</strong></span> <span class='ocrx_word' id='word_1_83' title='bbox 1603 1186 1754 1252; x_wconf 88' lang='lat' dir='ltr'><strong>inde,</strong></span> 
     </span>
     <span class='ocr_line' id='line_1_13' title="bbox 242 1273 1756 1338; baseline 0.001 -16"><span class='ocrx_word' id='word_1_84' title='bbox 242 1273 373 1336; x_wconf 80' lang='lat' dir='ltr'><strong>quia</strong></span> <span class='ocrx_word' id='word_1_85' title='bbox 408 1273 543 1322; x_wconf 81' lang='lat' dir='ltr'><strong>talis</strong></span> <span class='ocrx_word' id='word_1_86' title='bbox 578 1273 721 1324; x_wconf 86' lang='lat' dir='ltr'><strong>liber</strong></span> <span class='ocrx_word' id='word_1_87' title='bbox 754 1275 925 1324; x_wconf 85' lang='lat' dir='ltr'><strong>habet</strong></span> <span class='ocrx_word' id='word_1_88' title='bbox 956 1273 1160 1324; x_wconf 84' lang='lat' dir='ltr'><strong>multas</strong></span> <span class='ocrx_word' id='word_1_89' title='bbox 1193 1273 1598 1338; x_wconf 75' lang='lat' dir='ltr'><strong>propositiones</strong></span> <span class='ocrx_word' id='word_1_90' title='bbox 1625 1273 1756 1323; x_wconf 82' lang='lat' dir='ltr'><strong>sub·</strong></span> 
     </span>
     <span class='ocr_line' id='line_1_14' title="bbox 240 1356 1754 1426; baseline 0 -20"><span class='ocrx_word' id='word_1_91' title='bbox 240 1357 389 1406; x_wconf 87' lang='lat' dir='ltr'><strong>tiles.</strong></span> <span class='ocrx_word' id='word_1_92' title='bbox 458 1358 725 1410; x_wconf 76' lang='lat' dir='ltr'><strong>Dominus</strong></span> <span class='ocrx_word' id='word_1_93' title='bbox 771 1356 904 1408; x_wconf 83' lang='lat' dir='ltr'><strong>deus</strong></span> <span class='ocrx_word' id='word_1_94' title='bbox 950 1361 1166 1416; x_wconf 84' lang='lat' dir='ltr'><strong>[noster</strong></span> <span class='ocrx_word' id='word_1_95' title='bbox 1207 1359 1265 1408; x_wconf 88' lang='lat' dir='ltr'><strong>in</strong></span> <span class='ocrx_word' id='word_1_96' title='bbox 1311 1363 1502 1426; x_wconf 72' lang='lat' dir='ltr'><strong>ete-rna</strong></span> <span class='ocrx_word' id='word_1_97' title='bbox 1549 1356 1754 1422; x_wconf 80' lang='lat' dir='ltr'><strong>gloria]</strong></span> 
     </span>
     <span class='ocr_line' id='line_1_15' title="bbox 240 1441 1385 1509; baseline 0 -17"><span class='ocrx_word' id='word_1_98' title='bbox 240 1441 335 1492; x_wconf 85' lang='lat' dir='ltr'><strong>det</strong></span> <span class='ocrx_word' id='word_1_99' title='bbox 366 1443 525 1493; x_wconf 85' lang='lat' dir='ltr'><strong>vobis</strong></span> <span class='ocrx_word' id='word_1_100' title='bbox 558 1442 793 1495; x_wconf 77' lang='lat' dir='ltr'><strong>salutem</strong></span> <span class='ocrx_word' id='word_1_101' title='bbox 828 1448 885 1494; x_wconf 88' lang='lat' dir='ltr'><strong>et</strong></span> <span class='ocrx_word' id='word_1_102' title='bbox 916 1459 1126 1509; x_wconf 82' lang='lat' dir='ltr'><strong>pacem.</strong></span> <span class='ocrx_word' id='word_1_103' title='bbox 1197 1443 1385 1494; x_wconf 85' lang='lat' dir='ltr'><strong>Amen.</strong></span> 
     </span>
    </p>
   </div>
   <div class='ocr_carea' id='block_1_3' title="bbox 952 1699 1036 1750">
    <p class='ocr_par' dir='ltr' id='par_1_3' title="bbox 952 1699 1036 1750">
     <span class='ocr_line' id='line_1_16' title="bbox 952 1699 1036 1750; baseline 0.012 -1"><span class='ocrx_word' id='word_1_104' title='bbox 952 1699 1036 1750; x_wconf 86' lang='lat'><strong>11.</strong></span> 
     </span>
    </p>
   </div>
   <div class='ocr_carea' id='block_1_4' title="bbox 531 1813 1457 1984">
    <p class='ocr_par' dir='ltr' id='par_1_4' title="bbox 531 1813 1457 1984">
     <span class='ocr_line' id='line_1_17' title="bbox 581 1813 1418 1881; baseline 0.004 -3"><span class='ocrx_word' id='word_1_105' title='bbox 581 1819 631 1878; x_wconf 68' lang='grc' dir='ltr'><strong>(ἶ</strong></span> <span class='ocrx_word' id='word_1_106' title='bbox 674 1815 1014 1880; x_wconf 82' lang='lat' dir='ltr'><strong>Iodocus</strong></span> <span class='ocrx_word' id='word_1_107' title='bbox 1062 1813 1418 1881; x_wconf 81' lang='lat' dir='ltr'><strong>Sartoris</strong></span> 
     </span>
     <span class='ocr_line' id='line_1_18' title="bbox 531 1919 1457 1984; baseline 0.002 -15"><span class='ocrx_word' id='word_1_108' title='bbox 531 1919 857 1984; x_wconf 82' lang='lat' dir='ltr'><strong>Magistro</strong></span> <span class='ocrx_word' id='word_1_109' title='bbox 896 1920 1180 1972; x_wconf 84' lang='lat' dir='ltr'><strong>Ortvino</strong></span> <span class='ocrx_word' id='word_1_110' title='bbox 1217 1920 1457 1972; x_wconf 83' lang='lat' dir='ltr'><strong>Gratio</strong></span> 
     </span>
    </p>
   </div>
   <div class='ocr_carea' id='block_1_5' title="bbox 236 2037 1756 2781">
    <p class='ocr_par' dir='ltr' id='par_1_5' title="bbox 236 2037 1756 2781">
     <span class='ocr_line' id='line_1_19' title="bbox 242 2037 1752 2105; baseline 0.001 -17"><span class='ocrx_word' id='word_1_111' title='bbox 242 2037 487 2088; x_wconf 80' lang='lat' dir='ltr'><strong>Salutem</strong></span> <span class='ocrx_word' id='word_1_112' title='bbox 512 2041 899 2105; x_wconf 82' lang='lat' dir='ltr'><strong>sempiternam</strong></span> <span class='ocrx_word' id='word_1_113' title='bbox 922 2043 980 2090; x_wconf 88' lang='lat' dir='ltr'><strong>et</strong></span> <span class='ocrx_word' id='word_1_114' title='bbox 1001 2055 1200 2092; x_wconf 85' lang='lat' dir='ltr'><strong>novum</strong></span> <span class='ocrx_word' id='word_1_115' title='bbox 1227 2055 1428 2090; x_wconf 82' lang='lat' dir='ltr'><strong>annum</strong></span> <span class='ocrx_word' id='word_1_116' title='bbox 1456 2055 1576 2090; x_wconf 88' lang='lat' dir='ltr'><strong>cum</strong></span> <span class='ocrx_word' id='word_1_117' title='bbox 1601 2041 1752 2091; x_wconf 81' lang='lat' dir='ltr'><strong>bons.</strong></span> 
     </span>
     <span class='ocr_line' id='line_1_20' title="bbox 240 2124 1750 2190; baseline 0.001 -17"><span class='ocrx_word' id='word_1_118' title='bbox 240 2124 463 2176; x_wconf 81' lang='lat' dir='ltr'><strong>fortuna</strong></span> <span class='ocrx_word' id='word_1_119' title='bbox 498 2125 643 2175; x_wconf 82' lang='lat' dir='ltr'><strong>sicut</strong></span> <span class='ocrx_word' id='word_1_120' title='bbox 676 2129 763 2176; x_wconf 81' lang='lat' dir='ltr'><strong>est</strong></span> <span class='ocrx_word' id='word_1_121' title='bbox 796 2127 853 2174; x_wconf 90' lang='lat' dir='ltr'><strong>in</strong></span> <span class='ocrx_word' id='word_1_122' title='bbox 888 2125 1111 2190; x_wconf 82' lang='lat' dir='ltr'><strong>mundo,</strong></span> <span class='ocrx_word' id='word_1_123' title='bbox 1159 2130 1217 2176; x_wconf 82' lang='lat' dir='ltr'><strong>et</strong></span> <span class='ocrx_word' id='word_1_124' title='bbox 1249 2125 1375 2190; x_wconf 85' lang='lat' dir='ltr'><strong>plus</strong></span> <span class='ocrx_word' id='word_1_125' title='bbox 1414 2127 1464 2176; x_wconf 87' lang='lat' dir='ltr'><strong>si</strong></span> <span class='ocrx_word' id='word_1_126' title='bbox 1501 2129 1587 2176; x_wconf 83' lang='lat' dir='ltr'><strong>est</strong></span> <span class='ocrx_word' id='word_1_127' title='bbox 1621 2141 1750 2190; x_wconf 85' lang='lat' dir='ltr'><strong>pos-</strong></span> 
     </span>
     <span class='ocr_line' id='line_1_21' title="bbox 240 2207 1752 2278; baseline 0.001 -20"><span class='ocrx_word' id='word_1_128' title='bbox 240 2207 439 2272; x_wconf 84' lang='lat' dir='ltr'><strong>sibile,</strong></span> <span class='ocrx_word' id='word_1_129' title='bbox 476 2212 603 2275; x_wconf 90' lang='lat' dir='ltr'><strong>opto</strong></span> <span class='ocrx_word' id='word_1_130' title='bbox 638 2213 821 2275; x_wconf 63' lang='lat' dir='ltr'><strong>vestre</strong></span> <span class='ocrx_word' id='word_1_131' title='bbox 856 2210 1246 2274; x_wconf 83' lang='lat' dir='ltr'><strong>dominationi,</strong></span> <span class='ocrx_word' id='word_1_132' title='bbox 1285 2226 1390 2278; x_wconf 80' lang='lat' dir='ltr'><strong>que</strong></span> <span class='ocrx_word' id='word_1_133' title='bbox 1414 2209 1580 2263; x_wconf 78' lang='lat' dir='ltr'><strong>debet</strong></span> <span class='ocrx_word' id='word_1_134' title='bbox 1605 2211 1752 2261; x_wconf 84' lang='lat' dir='ltr'><strong>scire</strong></span> 
     </span>
     <span class='ocr_line' id='line_1_22' title="bbox 242 2293 1752 2360; baseline 0.001 -17"><span class='ocrx_word' id='word_1_135' title='bbox 242 2293 386 2358; x_wconf 88' lang='lat' dir='ltr'><strong>quod</strong></span> <span class='ocrx_word' id='word_1_136' title='bbox 432 2293 609 2344; x_wconf 82' lang='lat' dir='ltr'><strong>adhuc</strong></span> <span class='ocrx_word' id='word_1_137' title='bbox 651 2295 792 2345; x_wconf 86' lang='lat' dir='ltr'><strong>bene</strong></span> <span class='ocrx_word' id='word_1_138' title='bbox 838 2294 1088 2346; x_wconf 75' lang='lat' dir='ltr'><strong>succedit</strong></span> <span class='ocrx_word' id='word_1_139' title='bbox 1130 2295 1264 2344; x_wconf 89' lang='lat' dir='ltr'><strong>mihi</strong></span> <span class='ocrx_word' id='word_1_140' title='bbox 1308 2295 1376 2346; x_wconf 86' lang='lat' dir='ltr'><strong>de</strong></span> <span class='ocrx_word' id='word_1_141' title='bbox 1423 2297 1608 2360; x_wconf 82' lang='lat' dir='ltr'><strong>gratia</strong></span> <span class='ocrx_word' id='word_1_142' title='bbox 1643 2294 1752 2359; x_wconf 89' lang='lat' dir='ltr'><strong>dei,</strong></span> 
     </span>
     <span class='ocr_line' id='line_1_23' title="bbox 240 2379 1756 2444; baseline 0.001 -16"><span class='ocrx_word' id='word_1_143' title='bbox 240 2379 337 2443; x_wconf 90' lang='lat' dir='ltr'><strong>qui</strong></span> <span class='ocrx_word' id='word_1_144' title='bbox 378 2380 573 2429; x_wconf 85' lang='lat' dir='ltr'><strong>tribuit</strong></span> <span class='ocrx_word' id='word_1_145' title='bbox 614 2380 748 2429; x_wconf 86' lang='lat' dir='ltr'><strong>mihi</strong></span> <span class='ocrx_word' id='word_1_146' title='bbox 788 2379 1221 2431; x_wconf 80' lang='lat' dir='ltr'><strong>misericordiam</strong></span> <span class='ocrx_word' id='word_1_147' title='bbox 1265 2395 1448 2444; x_wconf 80' lang='lat' dir='ltr'><strong>suam,</strong></span> <span class='ocrx_word' id='word_1_148' title='bbox 1503 2384 1561 2431; x_wconf 87' lang='lat' dir='ltr'><strong>et</strong></span> <span class='ocrx_word' id='word_1_149' title='bbox 1603 2381 1756 2432; x_wconf 83' lang='lat' dir='ltr'><strong>sicut</strong></span> 
     </span>
     <span class='ocr_line' id='line_1_24' title="bbox 238 2463 1754 2531; baseline 0.002 -19"><span class='ocrx_word' id='word_1_150' title='bbox 238 2463 377 2513; x_wconf 89' lang='lat' dir='ltr'><strong>dicit</strong></span> <span class='ocrx_word' id='word_1_151' title='bbox 418 2465 737 2530; x_wconf 81' lang='lat' dir='ltr'><strong>Psalmista,</strong></span> <span class='ocrx_word' id='word_1_152' title='bbox 817 2465 1140 2516; x_wconf 82' lang='lat' dir='ltr'><strong>‘Exaudivit</strong></span> <span class='ocrx_word' id='word_1_153' title='bbox 1181 2464 1428 2516; x_wconf 84' lang='lat' dir='ltr'><strong>dominus</strong></span> <span class='ocrx_word' id='word_1_154' title='bbox 1484 2465 1754 2531; x_wconf 83' lang='lat' dir='ltr'><strong>depreca-</strong></span> 
     </span>
     <span class='ocr_line' id='line_1_25' title="bbox 236 2547 1752 2612; baseline 0.003 -16"><span class='ocrx_word' id='word_1_155' title='bbox 236 2547 441 2597; x_wconf 86' lang='lat' dir='ltr'><strong>tionem</strong></span> <span class='ocrx_word' id='word_1_156' title='bbox 474 2565 678 2612; x_wconf 78' lang='lat' dir='ltr'><strong>meam3</strong></span> <span class='ocrx_word' id='word_1_157' title='bbox 714 2551 979 2608; x_wconf 78' lang='lat' dir='ltr'><strong>Dominus</strong></span> <span class='ocrx_word' id='word_1_158' title='bbox 1012 2551 1316 2601; x_wconf 82' lang='lat' dir='ltr'><strong>orationem</strong></span> <span class='ocrx_word' id='word_1_159' title='bbox 1349 2565 1525 2600; x_wconf 82' lang='lat' dir='ltr'><strong>meam</strong></span> <span class='ocrx_word' id='word_1_160' title='bbox 1560 2566 1752 2602; x_wconf 82' lang='lat' dir='ltr'><strong>susce-</strong></span> 
     </span>
     <span class='ocr_line' id='line_1_26' title="bbox 238 2633 1752 2700; baseline 0.003 -19"><span class='ocrx_word' id='word_1_161' title='bbox 238 2633 355 2696; x_wconf 83' lang='lat' dir='ltr'><strong>pit’.</strong></span> <span class='ocrx_word' id='word_1_162' title='bbox 436 2633 581 2696; x_wconf 81' lang='lat' dir='ltr'><strong>Quia</strong></span> <span class='ocrx_word' id='word_1_163' title='bbox 634 2650 729 2684; x_wconf 87' lang='lat' dir='ltr'><strong>oro</strong></span> <span class='ocrx_word' id='word_1_164' title='bbox 786 2633 988 2685; x_wconf 84' lang='lat' dir='ltr'><strong>cotidie</strong></span> <span class='ocrx_word' id='word_1_165' title='bbox 1033 2637 1421 2700; x_wconf 77' lang='lat' dir='ltr'><strong>propeccatis</strong></span> <span class='ocrx_word' id='word_1_166' title='bbox 1465 2636 1632 2700; x_wconf 71' lang='lat' dir='ltr'><strong>mei&#39;S,</strong></span> <span class='ocrx_word' id='word_1_167' title='bbox 1691 2640 1752 2686; x_wconf 84' lang='lat' dir='ltr'><strong>et</strong></span> 
     </span>
     <span class='ocr_line' id='line_1_27' title="bbox 238 2717 1751 2781; baseline 0.001 -13"><span class='ocrx_word' id='word_1_168' title='bbox 238 2721 365 2781; x_wconf 84' lang='lat' dir='ltr'><strong>peto</strong></span> <span class='ocrx_word' id='word_1_169' title='bbox 410 2717 553 2781; x_wconf 87' lang='lat' dir='ltr'><strong>quod</strong></span> <span class='ocrx_word' id='word_1_170' title='bbox 596 2718 845 2770; x_wconf 83' lang='lat' dir='ltr'><strong>dominus</strong></span> <span class='ocrx_word' id='word_1_171' title='bbox 889 2723 1076 2770; x_wconf 85' lang='lat' dir='ltr'><strong>noster</strong></span> <span class='ocrx_word' id='word_1_172' title='bbox 1108 2718 1268 2770; x_wconf 81' lang='lat' dir='ltr'><strong>Iesus</strong></span> <span class='ocrx_word' id='word_1_173' title='bbox 1313 2719 1562 2776; x_wconf 82' lang='lat' dir='ltr'><strong>Christus</strong></span> <span class='ocrx_word' id='word_1_174' title='bbox 1606 2721 1751 2772; x_wconf 85' lang='lat' dir='ltr'><strong>velit</strong></span> 
     </span>
    </p>
   </div>
  </div>
 </body>
</html>
