1942 3109
605 263 670 309 14.
697 270 944 305 ornoxns
971 252 1287 307 annanias.
1604 254 1707 305 215

181 359 403 427 uxorem
435 374 861 425 Pfefferkorns'.
931 375 1090 423 Dixit
1132 374 1433 439 plebanus:
1479 372 1705 427 ‘Verum

180 464 267 511 est
317 461 442 511 hoc.
533 461 684 522 Quia
742 459 905 509 credo
963 459 1111 523 quod
1168 475 1391 510 uxorem
1440 460 1706 511 Iohannis

175 544 530 597 Pfefferkorn
563 559 675 593 non
709 544 998 594 vincerent
1032 544 1277 609 quinque
1308 544 1539 594 iuvenes
1564 560 1703 609 qua·

177 628 323 680 drati
367 628 569 679 rustici
618 643 687 677 ex
731 626 1113 693 westphalia,
1159 627 1334 677 multo
1382 629 1562 677 minus
1612 628 1705 679 Io-

173 714 391 764 hannes
414 711 706 775 Reuchlin,
743 712 844 775 qni
880 716 965 762 est
1001 726 1171 762 senex
1208 715 1266 761 et
1301 710 1503 761 debilis
1530 715 1586 761 et
1607 728 1707 777 per

174 796 541 861 Consequens
577 798 879 859 impotens,
915 798 1123 861 poterit
1146 812 1268 846 eam
1290 796 1536 846 vincere.
1596 796 1705 846 Sed

170 883 341 933 miror
366 879 517 943 qnod
541 878 940 929 Sanctissimus
964 880 1214 930 dominus
1247 880 1407 945 Papa
1442 884 1501 931 et
1534 881 1704 931 etiam

167 967 487 1031 Imperator
520 966 710 1013 noster
741 964 1073 1027 permittunt
1106 967 1269 1013 tanta
1292 964 1560 1014 scandala
1585 964 1707 1016 fieri

167 1067 267 1115 per
301 1051 481 1100 istum
513 1046 804 1097 Iudaicum
836 1047 1131 1111 bufonem,
1169 1046 1314 1111 quod
1349 1046 1515 1098 debet
1550 1052 1702 1099 stare

167 1136 226 1184 in
260 1135 395 1185 loco
434 1146 597 1182 sacro
633 1134 692 1181 et
724 1129 1019 1199 predicare
1056 1131 1261 1197 populo
1298 1134 1357 1181 et
1379 1130 1513 1181 dare
1535 1131 1706 1181 bene·

166 1218 505 1279 dictionem,
544 1219 602 1266 et
634 1216 827 1266 facere
864 1215 1040 1278 talia,
1079 1230 1186 1281 que
1224 1217 1272 1265 si
1308 1218 1525 1269 faceret
1560 1232 1703 1267 unus

164 1303 370 1367 laycus
417 1301 516 1364 qui
560 1300 768 1349 fuisset
817 1314 1037 1365 semper
1078 1299 1457 1365 Christianus,
1513 1306 1703 1354 tamen

165 1386 313 1436 nihil
353 1384 500 1456 'boni
551 1372 875 1433 deberemus
927 1386 1207 1450 suspicari
1258 1386 1325 1435 de
1381 1402 1473 1446 eo3
1530 1386 1703 1435 multo

164 1472 351 1520 minus
388 1467 455 1519 de
491 1467 666 1535 Iudeo
698 1468 1018 1532 baptizato,
1068 1470 1166 1532 qui
1208 1485 1319 1519 non
1364 1469 1531 1519 debet
1576 1484 1701 1535 pro-

163 1556 295 1605 bari
341 1551 491 1616 quod
534 1552 710 1602 fuerit
751 1553 929 1602 bonus
976 1552 1352 1618 Christianus,
1409 1555 1520 1605 nisi
1574 1559 1704 1620 post

163 1642 418 1690 mortem.
497 1636 577 1685 Et
621 1638 672 1686 si
715 1651 825 1685 non
870 1632 1137 1687 deberent
1180 1637 1285 1688 hoc
1330 1640 1479 1703 pati,
1526 1637 1702 1687 multo

161 1725 352 1774 minus
397 1720 670 1771 deberent
713 1720 836 1783 pati
871 1719 1018 1783 quod
1052 1722 1174 1785 ipse
1208 1723 1607 1772 intromitteret
1642 1738 1703 1771 se

158 1811 222 1859 in
247 1806 668 1870 disputationes
689 1803 1151 1854 Doctissimorum
1171 1806 1432 1867 virorum,
1459 1808 1515 1855 et
1540 1820 1704 1855 scan-

160 1891 450 1943 dalizaret
483 1888 905 1939 honestissimos
927 1889 1098 1938 viros.
1154 1888 1280 1955 Ipse
1318 1888 1548 1939 deberet
1583 1904 1705 1938 sus-

163 1974 341 2041 pendi
387 1988 511 2023 cum
555 1972 718 2022 libris
761 1975 819 2022 et
863 1971 1149 2024 scandalis
1204 1974 1349 2035 suis,
1402 1974 1553 2037 sicut
1608 1972 1704 2022 diu

161 2059 412 2111 meruit’.
513 2054 798 2120 Respondi
867 2056 1013 2119 quod
1070 2055 1381 2122 predicatio
1439 2056 1704 2107 Iohannis

161 2141 530 2195 Pfefferkorn
564 2155 675 2189 non
721 2140 831 2189 fuit
873 2138 1239 2205 pontificalis,
1287 2140 1385 2190 sed
1429 2140 1540 2189 fuit
1582 2140 1705 2205 lay·

168 2228 314 2278 calis
355 2230 413 2275 et
447 2223 687 2289 simplex
721 2223 1037 2274 instructio.
1109 2222 1218 2275 Sed
1264 2222 1332 2273 de
1376 2224 1537 2275 libris
1583 2226 1703 2275 eius

165 2310 532 2361 manifestum
589 2312 674 2357 est
720 2306 865 2372 quod
918 2308 1041 2372 ipse
1084 2306 1335 2357 defendit
1388 2323 1448 2358 se
1508 2312 1703 2359 contra

165 2395 481 2445 Iohannem
533 2384 810 2441 Reuchlin
867 2392 965 2455 qui
1016 2391 1373 2457 parvipendit
1418 2408 1557 2442 eum.
1630 2393 1705 2442 Et

168 2480 290 2543 ipse
313 2478 378 2526 in
402 2476 646 2541 Speculo
683 2491 782 2526 suo
816 2474 1070 2525 manuali
1106 2474 1335 2539 corrigit
1368 2476 1703 2527 iniustitiam

169 2560 441 2613 Iohannis
475 2559 768 2610 Reuchlin.
827 2558 902 2607 Et
937 2558 1083 2622 quod
1118 2560 1194 2608 sit
1226 2558 1404 2609 bonus
1432 2558 1703 2609 Christia-

171 2661 278 2696 nus
319 2644 661 2713 presumitur
708 2659 776 2693 ex
821 2643 926 2694 hoc
971 2642 1119 2705 quod
1162 2645 1211 2690 si
1263 2657 1375 2690 non
1430 2642 1708 2701 cogitaret

172 2745 393 2795 semper
415 2742 652 2779 manere
689 2726 1071 2786 Christianus,
1117 2724 1239 2786 ipse
1285 2737 1398 2771 non
1443 2721 1594 2767 esset
1626 2717 1711 2762 ita
