1942 3109
188 252 420 292 onwvxm
460 250 655 291 cumn
692 250 967 292 amsi-ou
1006 251 1416 295 Apotoamxcs.
1487 234 1588 294 329

212 761 263 818 (Ι
310 765 615 834 [Sequitur]
659 768 917 833 Epistola.
971 770 1325 835 apologetica
1383 766 1458 833 [et

209 851 418 917 gravis]
464 853 698 907 Qrtwini
750 854 959 918 Gratii,
1020 856 1090 905 ob
1145 855 1376 918 primam
1421 869 1456 903 a

209 936 439 1000 parvulo
476 936 861 988 educationem
895 938 1319 988 Daventriensis
1364 922 1473 987 co-’

208 1021 539 1084 gnominati,
594 1020 1018 1087 Agrippinensis
1061 1036 1280 1086 quoque
1325 1038 1453 1072 aca-

213 1105 389 1171 demie
435 1105 751 1171 philosophi
796 1106 1114 1169 Christique
1150 1106 1456 1158 sacerdotis

206 1190 291 1239 Ad
314 1191 603 1241 obscuram
626 1190 1135 1241 Reuchlinistarum
1159 1191 1454 1256 cohortem,

263 1276 405 1325 citra
440 1276 703 1326 bonorum
738 1274 1174 1340 indignationem
1207 1277 1395 1326 missa.

174 1394 432 1446 Graviter
488 1399 546 1444 et
598 1394 786 1458 iniquo
833 1396 1015 1444 animo
1061 1394 1360 1445 maledicta
1403 1398 1592 1445 vestra

86 1484 312 1544 niterer,
347 1480 457 1531 viri
494 1479 897 1543 obscurissimi,
935 1480 984 1529 si
1017 1494 1116 1530 vos
1152 1479 1350 1529 scirem
1385 1479 1591 1530 iudicio

86 1564 249 1630 nagis
287 1578 451 1628 quam
486 1566 675 1615 morbo
713 1565 883 1615 animi
917 1565 1236 1629 petulantia
1268 1568 1455 1616 vestra
1489 1567 1589 1613 uti.

86 1650 141 1697 xt
167 1663 332 1711 quum
355 1649 413 1697 in
447 1632 619 1699 vobis·
647 1646 731 1712 (ut
755 1648 990 1699 Salustii
1014 1648 1201 1700 verbis
1233 1647 1386 1714 utar)
1412 1664 1591 1713 neque

86 1731 284 1779 nodum
310 1747 488 1794 neque
512 1731 835 1780 modestiam
857 1732 1031 1781 ullam
1057 1732 1458 1797 animadverto,
1487 1748 1592 1783 nec

86 1817 146 1863 :it
174 1814 276 1863 sub
311 1814 441 1864 orbe
477 1814 663 1864 lunari
695 1818 808 1863 tam
842 1814 1010 1882 impie
1043 1815 1244 1867 mentis
1275 1816 1463 1881 hom0‚
1498 1817 1594 1880 qui

87 1899 306 1963 dipsum
341 1912 547 1963 negare
584 1900 683 1947 aut
715 1899 893 1963 possit
926 1902 1025 1947 aut
1058 1897 1260 1949 debeat
1306 1904 1404 1949 aut
1435 1900 1590 1964 velit,

86 1984 230 2034 robis
266 1982 614 2049 pientissime
649 1982 1014 2046 respondeb0‚
1038 1986 1102 2031 ut
1137 1983 1184 2032 si
1221 1997 1385 2045 quam
1419 1984 1591 2033 male-

86 2067 304 2118 licendo
344 2071 398 2119 ct
432 2068 491 2116 in
525 2065 685 2117 deum
721 2068 777 2117 et
811 2067 869 2115 in
902 2066 1150 2117 homines
1183 2065 1469 2117 libidinem
1505 2082 1590 2117 ce-

87 2152 262 2216 )istis,
316 2167 437 2201 eam
470 2150 564 2203 vel
606 2150 888 2217 patienter
923 2149 1108 2215 (modo
1150 2149 1292 2201 lucis
1335 2150 1436 2201 filii
1472 2166 1592 2201 esse

86 2234 390 2299 solueritis)
436 2235 528 2286 vel
570 2235 719 2285 male
774 2234 1046 2286 audiendo
1094 2236 1381 2286 amittatis.
1451 2236 1592 2301 Legi

86 2337 246 2388 iuper
283 2319 552 2386 epistolas
586 2323 835 2384 vestram,
880 2316 1024 2383 'quas
1061 2322 1414 2371 obscurorum
1445 2321 1592 2371 viro-

86 2424 186 2456 ·um
223 2405 613 2470 inscripsistis,
649 2404 814 2471 longe
852 2420 885 2454 a
922 2403 1414 2456 lamentationibus
1452 2402 1591 2469 [pro-

138 2595 160 2626 ⁶
199 2595 439 2646 Obscure
483 2591 901 2649 Reuehlinirtas
950 2592 1178 2644 cohorti.
1226 2590 1369 2642 citra
1410 2592 1589 2655 bonon·

92 2663 485 2728 ndignatonem
526 2661 782 2737 dedicata
817 2664 867 2711 2.
1012 2660 1054 2693 ¹⁶
1099 2668 1156 2711 et
1187 2667 1306 2713 ante
1339 2658 1397 2709 in
1432 2659 1590 2711 deum

86 2734 212 2781 meis.
239 2734 287 2780 1.
390 2730 435 2763 ²⁰
469 2730 632 2795 longe
657 2730 703 2779 Ιι.
730 2732 764 2780 l.
789 2746 882 2779 om.
909 2732 957 2779 2.

1615 766 1721 845 αἱ...

1623 848 1720 895 cuj
