1942 3109
389 221 490 275 230
536 235 1009 274 Laurum-rmum
1047 234 1349 273 onscvnon.
1374 235 1579 271 vmon.
1616 216 1857 287 [vn-rna

389 342 556 393 tertio
601 342 944 395 defensionis
992 359 1115 410 sue,
1169 340 1317 391 facie
1362 341 1583 405 prima,
1641 341 1856 392 hane:

391 426 644 492 Capnion
683 443 715 478 a
753 427 984 496 cesaria
1029 428 1323 478 maiestate
1368 425 1732 489 generalem
1784 431 1856 478 fui

390 514 736 580 questionem
771 514 1019 564 oblatam
1064 511 1283 573 scribit,
1330 514 1515 560 utrum
1568 527 1793 563 omnes
1830 515 1856 561 Ε

386 597 680 665 Iudeorum
723 596 1028 663 perimendi
1072 598 1184 645 sint
1229 597 1413 661 preter
1447 594 1739 648 bibliam.
1810 611 1856 658 q:

389 697 556 745 quam
592 683 667 732 sit
701 683 928 743 salsum,
974 683 1034 730 in
1077 679 1357 730 mandatis
1402 679 1856 743 imperialibus-5⁴

388 768 513 830 pius
539 768 824 832 impressis
849 765 1291 832 deprehenditur.
1338 764 1497 813 Dicit
1533 763 1847 832 pretereaib

275 850 363 915 Bij
393 851 514 902 dem
542 849 624 914 (in
657 852 981 902 favoremne
1003 849 1315 917 Iudeorum‚
1355 864 1429 897 an
1464 849 1671 900 minus
1710 853 1851 915 igfnm

387 937 662 988 neminem
698 952 766 986 ex
801 937 1051 987 omnibus
1075 934 1317 985 romanis
1341 932 1719 997 pontificibus
1742 936 1856 984 fuis

389 1022 486 1086 qui
521 1020 864 1072 iudaicorum
899 1022 1163 1071 librorum
1191 1018 1587 1068 exterminium
1607 1020 1856 1082 petiviss‘

387 1107 511 1156 Hoc
559 1111 708 1156 certe
755 1107 1136 1170 argumentum
1192 1103 1299 1152 etsi
1343 1099 1527 1165 (velut
1562 1103 1857 1162 negativum

387 1191 581 1242 valeat
625 1191 792 1254 nihil,
841 1205 875 1240 a
911 1186 1307 1239 iureconsultis
1344 1190 1539 1236 tamen
1574 1187 1625 1232 et
1652 1182 1857 1232 ecclesi

389 1275 707 1326 doctoribus
777 1275 1113 1325 contrarium
1179 1271 1451 1336 probatur
1517 1285 1637 1319 esse
1704 1281 1857 1318 verum

386 1361 569 1425 Ipsius
605 1360 778 1410 etiam
815 1359 1107 1410 consilium
1142 1373 1177 1406 a
1212 1355 1365 1404 nullo
1404 1351 1491 1417 (ut
1536 1354 1759 1420 accepi)
1788 1369 1856 1418 prv

388 1444 559 1494 ditum
617 1445 752 1506 fuit,
813 1444 909 1494 sed
963 1460 1063 1507 per
1116 1440 1557 1491 illustrissimum
1616 1441 1856 1505 principem

386 1528 658 1591 Urielem‚
719 1526 1155 1593 archipresulem
1198 1523 1624 1590 Moguntinum,
1678 1523 1842 1573 iudicer

385 1613 502 1663 sive
551 1613 987 1662 commissarium
1022 1627 1056 1660 a
1100 1609 1450 1661 serenissimo
1496 1614 1693 1660 nostro
1730 1609 1835 1670 Imp

384 1700 568 1748 ratore
616 1697 1003 1758 constitutum,
1065 1695 1315 1760 legitimo
1378 1689 1455 1756 (id
1516 1693 1665 1756 quod
1730 1695 1837 1744 face

385 1781 600 1851 debuit)
647 1781 1005 1834 sollicitatori
1060 1780 1325 1830 oblatum.
1394 1777 1514 1828 Nec
1560 1792 1828 1830 concors,

387 1870 578 1932 aliquo
615 1868 924 1932 excogitari
957 1866 1103 1915 ratio
1138 1867 1352 1928 potest,
1393 1862 1702 1927 Capnionis
1742 1865 1817 1913 mir.

383 1969 552 2019 quam
614 1953 850 2005 aliarum
917 1949 1346 2001 universitatum
1408 1946 1649 1997 consilia
1710 1949 1803 2011 legi
1852 1945 1854 1978 ἵ

388 2039 815 2090 Coloniensibus
851 2035 1171 2087 doctoribus
1216 2032 1485 2084 debuisse.
1558 2032 1772 2084 Falsum
1804 2045 1819 2076 ε

387 2125 584 2187 etiam,
630 2122 890 2172 manuale
938 2119 1224 2186 speculum
1258 2116 1485 2166 Ioannis
1532 2116 1819 2184 Pepericon

385 2208 492 2257 viri
529 2205 614 2270 (ut
649 2205 838 2269 audio)
875 2203 1311 2271 prestantissimi
1346 2205 1403 2250 et
1440 2201 1657 2266 optimi,
1694 2218 1729 2252 a
1750 2197 1819 2249 Co]

384 2290 671 2340 niensibus
709 2288 984 2354 theologis
1020 2289 1194 2338 fuisse
1234 2285 1619 2350 compositum,
1657 2301 1801 2352 quum

383 2376 676 2426 Alemania
739 2373 878 2425 illud
929 2374 1215 2440 superiore
1271 2371 1599 2436 impressum
1660 2371 1813 2422 edide:

387 2461 590 2512 Cetera
635 2460 1025 2524 relinquimuS,
1075 2473 1181 2524 que
1227 2456 1276 2506 si
1318 2454 1709 2521 particulatim
1754 2471 1854 2524 enm]

451 2643 473 2674 ⁹
507 2644 840 2705 petiuissent.
869 2648 915 2692 1.
1011 2641 1053 2674 ¹⁰
1092 2640 1217 2706 (etsi
1241 2641 1393 2692 velut
1420 2643 1466 2688 1.
1492 2642 1543 2690 2.
1638 2641 1683 2676 ²²
1722 2641 1819 2694 aud}

385 2709 522 2757 satis
550 2709 750 2757 eruditi
775 2725 808 2757 a
833 2714 882 2759 2.
