1942 3109
231 291 308 328 An
335 289 428 328 su·
451 289 664 328 meuvs
691 287 806 326 ovu
831 289 944 334 Qvo
969 285 1212 327 navent.
1238 287 1363 326 rvm
1389 287 1543 326 sur.
1586 273 1683 327 185

153 399 294 447 tiam
329 397 582 446 omnibus
619 395 780 446 bonis
825 394 1229 447 detestandam.
1278 395 1411 460 quid
1454 396 1682 447 obsecro

158 483 266 532 hoc
303 485 394 532 est
428 482 480 532 si
513 480 807 531 iniusticia
842 495 950 530 non
989 483 1109 531 est?
1154 479 1325 532 Nemo
1349 484 1465 532 tam
1486 481 1682 545 bonus,

157 567 259 631 qui
303 569 492 631 spreta
543 567 682 616 iuris
737 565 978 616 formula
1036 566 1146 616 sibi
1196 567 1307 632 ipsi
1363 565 1683 616 adiudicare

161 652 460 716 quicquam
503 653 696 716 possit.
777 649 840 700 Si
895 665 930 700 a
984 667 1071 701 me
1116 651 1269 719 lesus
1317 655 1403 702 est
1443 653 1684 702 Ioannes

153 736 430 788 Reuchlin
447 775 460 800 ‚
487 737 534 786 si
561 735 844 786 occultam
866 735 1045 800 ipsius
1072 735 1537 788 consultationem
1560 751 1685 802 pro-

155 821 302 885 didi,
339 823 390 871 si
425 820 776 871 contumeliis
811 821 1019 872 iniuste
1056 819 1247 886 affeci,
1284 823 1334 872 si
1368 821 1513 872 male
1549 822 1685 871 scri-

153 906 276 972 psi,
311 908 368 954 si
402 907 598 968 quovis
631 904 791 956 modo
827 904 1067 970 deliqui,
1115 921 1289 970 quare
1324 923 1409 957 me
1445 922 1553 956 non
1588 921 1685 956 vo-

159 988 318 1039 cavit
351 989 410 1038 in
445 989 567 1039 ius?
615 988 770 1052 ‘quia
805 989 1005 1040 laicus’
1052 992 1235 1054 inquit
1280 989 1357 1041 ‘et
1401 991 1558 1040 homo
1600 991 1683 1039 in·

157 1073 358 1124 doctus
405 1073 628 1122 minime
674 1073 874 1139 dignus
919 1079 1009 1125 est
1050 1076 1109 1126 in
1152 1090 1313 1140 quem
1354 1076 1473 1125 iure
1532 1074 1683 1138 quic-

155 1173 326 1224 quam
362 1159 558 1224 agam'.
611 1158 964 1209 Execrabilis
998 1161 1225 1223 inquam
1260 1160 1364 1228 hec
1400 1159 1687 1225 responsio

156 1247 266 1293 est.
325 1241 421 1291 Sic
444 1241 590 1292 enim
624 1243 811 1293 omnia
845 1244 999 1307 iura,
1036 1247 1093 1294 et
1127 1243 1319 1295 divina
1354 1249 1412 1294 et
1444 1243 1687 1294 humana

157 1326 653 1392 confunderentur,
689 1328 775 1378 sic
809 1327 968 1378 nulla
996 1333 1145 1379 esset
1172 1333 1435 1380 constans
1459 1327 1687 1395 iusticie

155 1410 424 1464 voluntas
461 1425 570 1478 que
603 1412 906 1476 unicuique
941 1412 1195 1465 redderet
1229 1414 1375 1478 quod
1400 1429 1556 1464 suum
1582 1417 1687 1478 est,

155 1497 257 1549 Sic
302 1511 490 1548 omnes
531 1498 758 1562 tyranni
805 1501 862 1548 et
913 1499 997 1548 rei
1050 1499 1273 1568 publice
1328 1513 1687 1566 oppressores

155 1582 268 1634 sibi
304 1581 442 1646 ipsis
477 1582 668 1646 inique
705 1583 892 1632 omnia
927 1583 1315 1635 adiudicantes
1340 1585 1687 1636 minimorum

155 1681 376 1730 semper
409 1668 738 1731 sanguinem
773 1683 1015 1732 exugere
1052 1671 1247 1719 contra
1281 1673 1539 1720 naturam
1562 1685 1689 1734 pos-

155 1755 302 1802 sent.
353 1749 604 1800 Secundo
629 1751 778 1801 male
801 1751 1043 1801 infertur
1067 1753 1151 1801 sic
1186 1751 1547 1818 disputandoe
1581 1752 1692 1802 ‘Io-

161 1849 340 1884 annes
371 1833 646 1884 Reuchlin
691 1838 778 1884 est
823 1837 913 1885 vir
953 1839 1178 1900 potens,
1226 1851 1357 1901 ergo
1402 1840 1589 1902 potest
1630 1837 1691 1886 in

159 1918 372 1997 laicum
419 1921 476 1966 et
517 1918 578 1965 in
615 1917 623 1975 Ι
663 1919 862 1986 exigue
911 1919 1245 1970 conditionis
1278 1921 1553 1972 hominem
1589 1937 1687 1986 pro
1708 1915 1791 1970 wb

160 2017 268 2054 sua
305 1999 638 2051 crudelitate
673 2000 1049 2053 debacchari'.
1119 2005 1242 2055 Non
1276 2009 1557 2069 pugnatur
1598 2004 1691 2055 hic

160 2085 382 2154 gladio,
427 2099 538 2136 non
580 2085 822 2149 viribus,
869 2101 983 2138 non
1016 2087 1210 2153 hasta,
1258 2103 1369 2138 non
1403 2087 1691 2154 progredi-

161 2177 258 2222 tur
289 2171 348 2219 in
383 2184 636 2234 campum
675 2167 844 2233 (quod
879 2173 1138 2241 superbie
1178 2173 1383 2224 crimen
1418 2171 1527 2239 est)
1570 2186 1693 2222 cum

163 2271 298 2320 rege
343 2254 536 2317 miles,
581 2252 680 2304 sed
721 2254 790 2305 de
834 2255 1136 2321 religione,
1190 2257 1259 2308 de
1312 2258 1566 2323 iusticia,
1623 2257 1691 2306 de

161 2341 410 2394 veritate
449 2353 634 2390 coram
669 2338 771 2391 deo
799 2344 855 2390 et
877 2340 1043 2391 iustis
1068 2341 1379 2392 hominibus
1406 2341 1691 2392 contendi-

160 2431 273 2478 tur.
348 2415 401 2474 (ἶ
435 2424 644 2474 Tertio.
699 2423 760 2474 Si
809 2423 1053 2476 Ioannes
1106 2424 1381 2476 Reuchlin
1432 2425 1582 2476 ultro
1638 2429 1695 2474 et

164 2527 274 2562 sua
317 2513 514 2577 sponte
558 2524 674 2560 rem
717 2509 898 2574 ipsam
919 2487 1156 2561 'mecum
1198 2509 1440 2577 incepit,
1494 2510 1695 2577 dig-nus

166 2597 338 2646 etiam
375 2595 670 2658 censebor,
711 2608 834 2644 cum
873 2611 981 2660 quo
1018 2595 1250 2646 eandem
1285 2595 1469 2646 officio
1505 2599 1693 2647 termi-

167 2683 268 2730 net
303 2681 588 2747 equitatis.
664 2671 717 2729 (I
754 2682 989 2745 Quarto.
1044 2680 1104 2730 Si
1140 2681 1381 2732 Ioannes
1416 2680 1692 2732 Reuchlin

166 2773 258 2816 m'e
293 2763 514 2830 dignum
551 2781 674 2817 esse
710 2765 1035 2832 iampridem
1071 2765 1217 2818 domi
1263 2781 1361 2834 sue
1405 2765 1696 2828 iudicavit,
