1942 3109
229 218 330 269 364
406 234 697 269 umerorum
724 232 1093 269 onscvnonvu
1118 231 1370 268 vntomm
1396 231 1577 268 novin.

228 337 502 402 infirmuS,
542 341 599 387 et
633 336 854 401 quando
891 338 1026 387 estis
1064 336 1334 400 infin-mm,
1370 341 1506 387 tunc
1542 353 1763 403 semper

231 422 426 471 facitis
464 421 629 485 quasi
665 422 864 471 essetis
899 421 1157 471 insanus:
1196 421 1340 485 quod
1375 402 1543 471 laudo
1576 422 1638 471 in
1660 438 1760 472 vo-

232 506 350 569 bis,
389 506 519 569 quia
555 506 836 570 proprium
871 510 958 555 est
992 506 1111 556 illis
1148 507 1244 570 qui
1278 505 1463 556 sciunt
1486 507 1758 555 scientias

228 590 570 655 prohibitas,
608 590 714 639 hoc
751 594 836 639 est
870 589 1153 641 diabolum
1188 592 1247 639 in
1280 592 1483 642 vitrum
1504 590 1598 641 vel
1622 604 1759 654 quo-

232 687 462 737 cumque
498 674 799 737 banniare,
839 675 972 737 quia
1009 675 1106 723 isti
1140 678 1204 723 ut
1228 676 1285 724 in
1310 674 1605 739 plurimum
1628 678 1759 723 sunt

229 760 312 808 ita
355 758 541 807 insani
587 756 933 821 quandoque.
1014 758 1088 807 Et
1134 763 1353 823 oportet
1398 760 1567 809 etiam
1609 758 1756 821 quod

229 843 343 892 sint
399 841 600 906 spurii,
659 838 808 891 sicut
859 858 958 892 vos
1018 840 1103 906 (ut
1147 844 1316 893 michi
1363 844 1433 893 ab
1484 843 1757 907 singulari

233 927 411 975 amico
449 924 655 975 dictum
693 924 801 991 est)
841 926 1012 976 etiam
1049 929 1214 977 estis:
1252 928 1385 991 quia
1420 928 1508 978 illi
1541 942 1757 991 semper

229 1015 359 1061 sunt
403 1011 661 1061 meliores
715 1010 938 1061 diabolo
994 1004 1064 1060 ad
1119 1011 1335 1075 aliquid
1386 1010 1753 1063 efficiendum.

233 1097 378 1158 Quia
415 1094 672 1145 diabolus
707 1110 817 1144 non
852 1096 934 1144 ita
970 1095 1213 1146 libenter
1248 1096 1543 1151 committit
1578 1112 1636 1145 se
1676 1096 1757 1145 le-

233 1181 470 1245 gittimis
507 1182 569 1229 ut
614 1180 762 1229 sicut
808 1180 1043 1244 spuriis,
1092 1182 1178 1245 qui
1220 1184 1349 1230 sunt
1394 1180 1791 1245 singulariter.

231 1265 353 1330 apti
399 1263 641 1315 diabolo,
731 1264 806 1312 Et
857 1264 908 1313 si
957 1263 1137 1313 solum
1185 1266 1385 1314 essetis
1432 1264 1756 1327 monachus,

232 1354 363 1399 tunc
400 1350 584 1398 omnia
620 1346 764 1398 dona
809 1346 1093 1397 haberetis
1140 1348 1211 1397 ad
1255 1348 1402 1399 hanc
1450 1352 1651 1413 artem,
1701 1354 1760 1399 et

231 1436 365 1483 tunc
435 1433 634 1482 essetis
695 1432 981 1496 egregium
1037 1432 1463 1483 instrumentum
1522 1433 1759 1484 diaboli.

233 1513 374 1583 [Ubi
409 1516 554 1567 enim
589 1515 842 1565 diabolus
877 1518 1199 1581 pervenire,
1244 1518 1339 1568 vel
1386 1518 1599 1581 aliquid
1634 1516 1759 1568 effi-

233 1617 358 1651 cere
385 1616 496 1650 non
531 1603 736 1665 potest,
772 1600 854 1650 ibi
890 1616 1107 1671 semper
1140 1602 1313 1650 mittit
1347 1618 1513 1652 unam
1548 1602 1759 1652 malam

233 1688 520 1749 antiquam
553 1683 830 1748 vetulam,
875 1685 968 1735 vel
1016 1701 1185 1736 unum
1218 1684 1585 1751 monachum]
1658 1686 1759 1737 sed

231 1786 334 1835 ego
379 1770 572 1820 nescio
615 1772 803 1819 tamen
849 1784 921 1818 an
966 1770 1093 1820 sitis
1139 1770 1458 1820 monachus.
1530 1772 1661 1834 quia
1709 1772 1760 1821 si

231 1856 459 1918 essetis,
505 1858 638 1903 tunc
687 1869 863 1904 essem
897 1855 1041 1905 bene
1082 1858 1405 1905 contentum
1452 1856 1599 1919 Quia
1642 1872 1757 1906 mo-

230 1940 401 1989 nachi
432 1955 531 2007 pre
569 1938 698 1988 aliis
735 1938 947 1990 habent
981 1938 1137 1989 illam
1172 1940 1411 2004 gratiam
1446 1940 1592 2003 quod
1626 1944 1759 1991 sunt

232 2026 476 2089 protervi
510 2024 742 2075 multum
779 2028 836 2074 et
870 2024 1137 2088 quicquid
1174 2027 1471 2089 conantur,
1514 2024 1621 2074 hoc
1669 2024 1757 2074 fa-

235 2124 358 2159 cere
397 2109 619 2159 audent.
691 2110 839 2159 sicut
881 2124 1060 2173 nuper
1105 2108 1296 2160 audivi
1330 2109 1396 2159 de
1434 2108 1624 2171 aliquo
1662 2110 1759 2173 qui

230 2197 468 2243 vocatur
511 2192 722 2241 Paulus
769 2192 1022 2256 Langius
1070 2195 1127 2241 et
1170 2192 1396 2257 scripsit
1437 2208 1605 2243 unum
1663 2210 1756 2243 ex-

234 2277 690 2327 cellentissimum
738 2278 1042 2326 tractatum
1090 2292 1212 2326 cum
1257 2278 1513 2327 versibus
1560 2281 1756 2327 contra

230 2362 494 2412 Iacobum
518 2360 1011 2427 Wimphelingium
1039 2365 1095 2411 et
1117 2361 1258 2412 bene
1286 2363 1589 2427 scompisat
1613 2378 1755 2412 eum.

232 2446 305 2494 Et
340 2447 510 2495 etiam
545 2444 738 2495 dicunt
773 2444 840 2495 de
875 2445 977 2495 illo
1012 2445 1191 2495 Paulo
1228 2446 1375 2509 quod
1408 2462 1607 2497 novem
1642 2462 1757 2496 mo-

233 2529 318 2579 dis
356 2530 601 2579 cucurrit
638 2527 832 2593 (Salva
868 2529 1209 2595 reverentia)
1250 2546 1318 2580 ex
1355 2529 1620 2581 claustro.
1682 2531 1758 2579 Et

233 2612 499 2677 quicquid
544 2629 703 2663 nemo
752 2618 985 2665 conatur
1030 2615 1247 2678 facere,
1294 2615 1400 2663 hoc
1436 2615 1555 2679 ipse
1594 2616 1755 2665 facit.

233 2698 307 2747 Et
343 2697 504 2749 credo
543 2698 687 2762 quod
725 2699 896 2749 etiam
934 2698 1238 2763 aliquando
1276 2699 1351 2748 sit
1392 2700 1650 2763 insanus;
1701 2704 1759 2750 et
