1942 3109
660 247 725 294 48.
751 252 985 291 mamus
1008 251 1173 290 lum».
1573 235 1675 291 309

152 365 225 414 Et
261 354 458 412 dieunt
495 357 640 424 quod
676 359 834 409 daret
855 359 1007 410 mille
1032 359 1261 409 ducatos
1286 373 1384 424 pro
1408 357 1671 424 Elephas.

155 449 308 514 Quia
325 446 430 496 fuit
447 444 702 494 mirabile
728 444 935 494 animal
957 443 1170 494 habens
1194 444 1413 510 long-um
1436 449 1671 495 rostrum

152 536 215 584 in
251 545 449 595 magna
487 530 826 594 quantitate.
894 530 968 578 Et
1014 529 1231 594 quando
1264 529 1409 582 vidit
1439 530 1669 594 Papam,

152 623 296 668 tune
329 615 672 680 geniculavit
707 616 759 665 ei
803 617 858 665 et
899 614 1041 664 dixit
1087 630 1207 664 cum
1251 614 1492 665 terribili
1532 629 1671 665 voce

157 703 288 768 bar,
329 701 452 764 bar,
501 701 621 750 bar.
692 700 766 749 Et
813 699 972 750 credo
1020 698 1165 764 quod
1208 714 1319 749 non
1365 701 1451 750 est
1494 698 1671 749 simile

154 785 374 852 animal-
399 787 460 835 in
495 784 710 835 mundo.
782 785 993 834 Dicunt
1030 784 1173 850 quod
1209 801 1307 836 rex
1338 785 1579 853 Franeie
1616 787 1675 834 et

151 889 246 923 rex
291 869 538 921 Karolus
594 870 849 920 fecerunt
893 885 1089 936 paoem
1132 868 1202 921 ad
1246 871 1448 921 multos
1495 883 1671 920 annos

156 961 212 1008 et
257 957 585 1007 iuraverunt
628 955 884 1005 invicem.
967 952 1077 1003 Sed
1122 952 1343 1004 videtur
1390 954 1671 1018 aliquibus

157 1041 304 1104 quod
345 1040 476 1095 talis
525 1053 638 1104 pax
683 1041 770 1088 est
817 1037 1133 1102 camelos-a,
1188 1039 1245 1086 et
1294 1053 1401 1088 non
1452 1037 1675 1088 durabit

151 1126 263 1176 diu,
333 1125 454 1192 Ego
489 1124 680 1175 nescio
719 1121 987 1186 quomodo
1026 1125 1127 1172 est.
1190 1123 1358 1172 etiam
1393 1138 1502 1173 non
1534 1121 1673 1171 mul-

148 1215 268 1260 tum
304 1226 451 1261 curo,
515 1209 661 1272 Quia
698 1206 916 1273 quando
951 1207 1113 1258 venio
1149 1207 1347 1257 iterum
1384 1207 1454 1258 ad
1487 1206 1671 1258 Alma-

147 1296 328 1359 niam‚
371 1300 508 1345 tunc
551 1294 643 1345 ibo
689 1291 760 1342 ad
802 1293 1106 1358 pastoriam
1149 1308 1326 1343 meam
1364 1296 1419 1343 et
1453 1291 1671 1343 habebo

147 1382 330 1434 bonos
374 1380 508 1431 dies.
591 1379 736 1441 Quia
789 1379 968 1430 habeo
1023 1379 1105 1429 ibi
1148 1378 1351 1428 multas
1398 1392 1569 1428 aucas
1616 1381 1673 1426 et

149 1463 399 1530 gallinas
436 1468 493 1516 et
529 1467 789 1528 annetas,
829 1468 886 1514 et
919 1479 1140 1529 possum
1176 1463 1382 1514 habere
1418 1463 1475 1512 in
1512 1461 1668 1513 domo

145 1565 276 1601 mea
313 1550 556 1614 quinque
590 1548 681 1600 vel
719 1565 816 1600 sex
850 1565 1084 1614 vaccas,
1135 1565 1241 1618 que
1292 1548 1503 1600 dabunt
1535 1547 1671 1599 mihi

143 1636 240 1686 lac
290 1633 443 1698 quod
485 1633 632 1684 facio
679 1649 871 1686 caseos
919 1639 975 1686 et
1018 1635 1277 1686 butirum.
1351 1635 1497 1696 Quia
1538 1634 1669 1684 volo

143 1721 369 1770 habere
408 1712 607 1766 Cocam
649 1731 753 1788 que
799 1719 942 1768 facit
984 1719 1119 1770 mihi
1162 1719 1321 1768 talia.
1390 1718 1467 1767 Et
1499 1717 1669 1769 debet

144 1820 278 1856 esse
316 1801 567 1866 antiqua.
638 1805 784 1866 Quia
827 1803 878 1852 si
921 1807 1071 1854 esset
1114 1804 1355 1868 iuvenis,
1403 1807 1535 1852 tune
1580 1804 1665 1853 fa-

145 1889 313 1940 ceret
337 1885 472 1934 mihi
501 1889 838 1938 tentationes
877 1889 1087 1952 carnis,
1134 1889 1219 1938 ita
1264 1888 1407 1952 quod
1450 1903 1666 1954 possem

140 1985 408 2040 peccare.
495 1971 625 2037 Ipsa
679 1974 850 2024 etiam
901 1971 1067 2022 debet
1116 1972 1251 2023 mihi
1311 1988 1486 2036 nere,.
1532 1973 1665 2037 quia

143 2073 327 2110 emam
363 2059 418 2107 ei
457 2056 647 2108 linum.
724 2056 800 2106 Et
833 2056 960 2107 volo
995 2056 1203 2108 habere
1248 2055 1383 2106 duos
1426 2057 1518 2108 vel
1554 2061 1666 2106 tres

145 2157 346 2208 porcos
385 2147 442 2194 et
473 2143 600 2194 volo
639 2158 730 2194 eos
756 2143 1101 2208 impinguare
1128 2139 1270 2205 quod
1294 2142 1513 2193 faciunt
1533 2141 1667 2192 mihi

145 2227 352 2278 bonum
386 2227 620 2282 lardum.
690 2229 836 2292 Quia
871 2231 1001 2278 ante
1038 2227 1220 2278 omnia
1252 2227 1379 2277 volo
1413 2228 1474 2278 in
1508 2227 1663 2279 domo

144 2325 274 2362 mea
309 2312 516 2364 habere
552 2313 698 2364 bona
737 2313 1015 2378 aequalia.
1085 2314 1273 2363 Etiam
1317 2313 1441 2364 volo
1492 2312 1664 2364 semel

142 2399 394 2446 mactare
431 2409 601 2446 unum
643 2401 889 2463 taurum,
937 2403 992 2449 et
1036 2398 1317 2449 dimidium
1358 2396 1485 2448 volo
1530 2413 1665 2448 ven·-

142 2481 280 2530 dere
319 2481 576 2545 rusticiS,
633 2485 690 2532 et
733 2481 1013 2533 dimidium
1054 2481 1183 2536 volo
1227 2480 1559 2547 suspendere
1604 2485 1663 2533 in

141 2563 320 2615 fumo.
373 2565 449 2614 Et
481 2570 629 2617 retro
664 2566 878 2618 domum
910 2569 1090 2619 habeo
1126 2567 1368 2632 hortum,
1404 2568 1502 2619 ubi
1533 2568 1661 2618 volo

141 2648 423 2702 seminare
477 2650 696 2718 allium,
752 2668 943 2720 cepas,
997 2652 1370 2717 petros'ilium‚
1424 2655 1481 2702 et
1528 2652 1657 2702 volo

139 2736 359 2786 habere
395 2734 550 2786 olera
585 2741 641 2787 et
673 2751 842 2801 rapas
879 2739 935 2785 et
970 2735 1103 2785 alia.
1171 2735 1246 2783 Et
1288 2749 1391 2798 ego
1432 2733 1561 2782 volo
1606 2733 1664 2779 in
