1942 3109
253 235 356 287 226
431 248 726 283 EPISTOLAE
751 247 1121 284 onscvnom‘u
1144 247 1397 283 vmonvx
1424 247 1602 282 NovAE.

253 356 485 416 nuntur,
524 356 580 402 et
614 355 806 417 potest
839 368 908 403 ea
943 353 1182 402 recitare
1218 350 1289 401 ad
1324 366 1590 416 unguem,
1632 352 1778 415 quod

255 453 362 488 non
398 440 632 501 possunt
665 438 856 487 facere
891 437 990 485 isti
1011 436 1215 501 Iuriste
1254 440 1309 485 et
1344 440 1525 501 poete.
1587 436 1777 484 Etiam

254 522 426 571 habet
450 520 624 571 filium
645 521 864 572 nomine
888 522 1252 571 Laurentium
1268 559 1281 583 ,
1316 521 1617 585 ingenuum
1652 535 1777 584 pro-

253 606 406 657 fecto
453 604 892 669 adolescentem,
949 606 1048 669 qui
1100 605 1315 655 studuit
1368 605 1451 653 ita
1498 603 1645 666 quod
1692 608 1779 653 est

255 688 518 753 pallidus.
591 687 699 739 Sed
744 704 846 755 ego
901 690 1070 739 miror
1125 688 1271 752 quod
1323 687 1597 753 permittit
1652 702 1775 737 eum

253 772 476 824 studere
513 774 572 823 in
607 772 722 823 illis
759 771 1050 823 diabolicis
1088 773 1298 837 poetis:
1334 773 1455 836 ipse
1492 770 1779 835 recolligit

253 858 404 922 patri
438 872 536 907 suo
571 858 881 908 sententias
919 856 1215 907 Oratorum
1250 860 1307 907 et
1341 860 1629 921 poetarum
1661 858 1779 903 tum

255 958 323 991 ex
349 956 448 991 suo
474 943 590 991 tum
613 943 1003 1009 preceptorum
1040 956 1259 991 suorum
1296 956 1419 1002 ore,
1458 938 1528 989 ad
1566 954 1779 989 omnem

255 1026 546 1075 materiam
583 1029 640 1075 et
673 1041 832 1076 omne
868 1025 1238 1090 propositumz
1286 1028 1343 1073 et
1386 1025 1498 1073 scit
1531 1022 1783 1087 allegare

255 1110 567 1175 Hugonem.
620 1109 695 1158 Et
729 1110 848 1175 ipse
874 1109 1151 1159 Iohannes
1186 1107 1535 1158 Pfefferkorn
1569 1107 1781 1157 intelli-

255 1194 340 1258 git
361 1193 538 1243 multa
563 1209 630 1244 ex
653 1198 769 1243 tam
793 1194 1035 1258 ingenuo
1060 1192 1443 1256 adolescente,
1477 1193 1562 1243 ita
1584 1195 1648 1241 ut
1672 1204 1781 1256 que

254 1278 374 1341 ipse
409 1276 666 1327 indoctus
700 1277 890 1327 facere
925 1292 1037 1327 non
1069 1280 1272 1341 potest,
1298 1275 1446 1325 filius
1474 1276 1592 1325 eius
1618 1274 1783 1339 perfi-

258 1363 388 1411 ciet.
445 1359 690 1413 Doleant
723 1360 892 1425 igitur
917 1376 1106 1411 omnes
1132 1361 1229 1424 qui
1253 1359 1401 1410 false
1428 1358 1783 1409 circumtule-

255 1448 403 1509 runt,
426 1444 571 1508 quod
593 1446 714 1509 ipse
739 1459 850 1494 non
875 1445 1185 1509 composuit
1205 1460 1335 1495 suos
1354 1444 1545 1507 libros,
1571 1444 1669 1495 sed
1684 1444 1783 1493 do—

257 1532 442 1578 ctores
461 1532 519 1578 et
537 1527 797 1592 Magistri
817 1527 876 1576 in
900 1526 1135 1578 Colonia
1156 1533 1489 1593 componunt
1506 1544 1621 1579 eos:
1640 1528 1781 1577 Eru-

253 1612 453 1663 bescat
483 1625 705 1675 quoque
735 1616 794 1662 et
819 1612 877 1662 in
901 1611 1202 1663 Aeternum
1224 1613 1561 1679 ingemiscat
1582 1612 1783 1662 Iohan-

255 1710 354 1747 nes
369 1694 664 1760 Reuchlin‚
691 1696 788 1760 qui
811 1697 981 1747 etiam
1001 1696 1143 1747 dixit
1162 1697 1309 1761 quod
1328 1696 1602 1747 Iohannes
1623 1696 1783 1747 Pfef-

255 1772 482 1831 ferkorn
517 1795 626 1830 non
663 1783 972 1846 composuit
1006 1795 1165 1830 suum
1186 1779 1451 1831 Manuale
1476 1779 1783 1845 speculum,

257 1864 326 1914 de
371 1878 478 1927 quo
523 1880 658 1929 sepe
705 1863 851 1929 apud
895 1865 1089 1915 doctos
1132 1854 1243 1915 fuit
1288 1865 1598 1928 contentio,
1648 1864 1789 1928 quia

255 1951 372 1997 tres
405 1948 516 1998 viri
551 1946 821 1999 dederunt
859 1950 912 1999 ei
953 1948 1087 1999 illas
1122 1947 1469 2013 Autoritates
1516 1962 1654 2013 quas
1698 1948 1789 1999 ibi

259 2030 550 2097 allegavit.
623 2033 782 2082 Tunc
817 2046 962 2083 unus
998 2032 1169 2099 dixit:
1217 2030 1347 2095 ‘Qui
1380 2038 1511 2083 sunt
1543 2032 1632 2083 illi
1666 2034 1783 2083 tres

255 2116 417 2166 viri?
471 2116 754 2180 Respondi
809 2116 956 2181 quod
1000 2118 1218 2167 nescio:
1274 2116 1375 2167 sed
1428 2116 1590 2167 credo
1637 2116 1787 2180 quod

216 2194 220 2197 ’
257 2201 388 2249 sunt
434 2198 524 2247 illi
567 2202 682 2249 tres
733 2200 872 2263 viri,
931 2202 1031 2264 qui
1084 2205 1463 2265 apparuerunt
1518 2200 1783 2264 Abraam‚

257 2286 321 2333 ut
373 2281 580 2348 legitur
629 2281 690 2331 in
747 2282 968 2334 Genesi.
1050 2285 1127 2334 Et
1182 2283 1401 2347 quando
1444 2283 1570 2334 dico
1616 2284 1785 2349 talia,

257 2371 390 2417 tunc
425 2366 772 2417 subsannant
805 2382 919 2430 me,
965 2371 1239 2419 vexantes
1282 2369 1430 2419 sieut
1474 2372 1783 2419 scutonem.

257 2452 378 2515 Ego
411 2449 616 2501 vellem
651 2450 800 2515 quod
833 2450 1091 2504 diabolus
1125 2457 1443 2517 percuteret
1478 2466 1573 2503 eos
1608 2452 1791 2518 plaga

259 2548 492 2599 magna,
529 2535 678 2585 sicut
713 2535 979 2585 scribitur
1012 2536 1071 2585 in
1106 2536 1249 2587 libro
1284 2536 1413 2600 Iob,
1460 2550 1621 2600 quem
1658 2552 1788 2601 pro-

261 2633 409 2667 nuno
443 2618 503 2667 in
537 2620 876 2669 monasterio
911 2624 1103 2670 nostro
1138 2620 1371 2685 legimus
1406 2618 1478 2669 ad
1512 2635 1789 2671 mensam.

260 2702 486 2754 Dicatis
527 2702 766 2754 Iohanni
809 2703 1191 2768 Pfefferkorn,
1240 2703 1384 2769 quod
1429 2704 1639 2756 habeat
1682 2720 1787 2770 pa-
