1942 3109
296 260 362 303 50.
387 260 604 299 Anomu
629 258 966 297 cnmauson.
1002 254 1071 298 51.
1093 258 1209 295 1011.
1235 258 1581 295 narnien.
1618 242 1717 295 317

203 388 306 439 pos
353 368 451 434 qui
503 368 866 417 vastaverunt
919 362 1069 415 ovile
1120 363 1237 428 dei,
1296 366 1355 413 et
1404 366 1721 430 purgabunt

203 454 523 507 Ecclesiam
558 450 702 515 dei'’,
738 449 794 501 id
830 453 916 501 est
949 449 1178 501 eiicient
1209 448 1335 499 illos
1370 448 1616 500 sordidos
1662 454 1720 501 et

206 540 519 608 feculentos
563 535 850 600 theologos
893 536 988 600 qui
1032 534 1173 585 nihil
1216 534 1403 585 sciunt
1448 537 1504 585 et
1538 535 1721 587 omnia

209 627 356 677 scire
382 620 748 690 pretendunt&
811 620 1115 685 Postquam
1142 618 1283 670 talia
1310 618 1479 683 dixit,
1510 620 1721 671 recessi

205 712 278 763 ab
319 726 408 773 e0,
447 712 506 759 et
539 707 721 761 iuravi
757 705 827 757 ad
861 709 1061 757 sancta
1084 709 1401 757 sanctorum
1424 704 1570 769 quod
1591 704 1717 757 volo

201 796 452 849 scribere
490 792 560 843 ad
587 790 886 842 Coloniam.
949 791 1087 841 Peto
1113 806 1240 856 ergo
1267 790 1549 841 humiliter
1574 788 1719 854 quod

196 881 394 934 velitis
439 880 554 929 ista
598 876 780 927 dicere
815 876 1105 941 Magistris
1140 876 1355 927 Nostris
1392 880 1449 927 et
1483 876 1718 927 Iohanni

195 964 552 1019 Pfefferkorn
589 962 684 1025 qui
721 964 806 1011 est
843 960 1007 1023 quasi
1038 960 1274 1023 scriptor
1310 959 1717 1011 Coloniensium

207 1054 266 1101 et
307 1050 415 1100 scit
459 1045 790 1097 mirabiliter
837 1058 1188 1109 componere,
1242 1047 1305 1093 ut
1358 1044 1498 1094 bene
1552 1050 1719 1096 vexet

199 1151 298 1187 eos
333 1133 560 1199 scriptis
595 1131 729 1182 suis.
799 1129 904 1180 Ille
942 1129 1040 1193 qui
1074 1128 1212 1179 dixit
1246 1131 1385 1193 ista,
1438 1131 1521 1179 est
1554 1132 1719 1180 natus

201 1236 276 1272 ex
320 1217 524 1269 Pei-lin.
609 1216 669 1267 Si
717 1215 892 1267 vultis
937 1228 1135 1264 nomen
1186 1215 1305 1265 eius
1349 1214 1525 1278 scire,
1584 1218 1718 1265 tunc

201 1303 466 1357 scribatis
499 1302 662 1367 mihi,
701 1304 758 1353 et
791 1299 972 1351 dicam
1010 1299 1187 1351 vobis.
1255 1299 1383 1364 Ipse
1421 1300 1578 1349 stetit
1610 1300 1715 1351 Bo·

200 1389 398 1453 noniq,
433 1388 529 1438 ubi
563 1388 674 1439 fuit
706 1388 847 1438 bene
887 1385 1221 1450 castigatus:
1270 1383 1365 1435 sed
1400 1387 1587 1435 tamen
1622 1384 1717 1435 ad·

203 1474 316 1525 huc
348 1472 588 1537 loquitur
626 1476 818 1521 contra
841 1470 1151 1535 Theologos
1189 1473 1245 1521 et
1279 1474 1364 1521 est
1386 1469 1533 1521 male
1560 1468 1713 1520 Chri-

200 1560 450 1610 stianus:
489 1560 548 1609 et
580 1560 768 1609 manet
801 1557 860 1607 in
893 1556 1177 1622 pravitate
1200 1570 1330 1620 sua,
1370 1560 1426 1607 et
1450 1572 1576 1622 ergo
1600 1572 1712 1607 mo·

196 1646 376 1695 rietur
419 1644 482 1691 in
527 1640 804 1705 gehenna,
859 1657 894 1691 a
939 1656 1049 1705 qua
1096 1640 1343 1692 dominus
1394 1640 1528 1691 deus
1584 1656 1713 1690 con-

196 1728 390 1781 servet
422 1738 522 1774 vos
557 1726 614 1774 et
647 1725 952 1791 Theologos
992 1728 1047 1775 et
1090 1725 1293 1777 fratres
1327 1724 1712 1793 Predicatores

197 1827 303 1879 per
361 1809 543 1859 omnia
597 1810 789 1876 secula
845 1810 1157 1876 seculorum
1224 1808 1414 1861 Amen.
1507 1810 1713 1861 Datum

199 1892 604 1961 Franckfordie
637 1894 784 1960 apud
819 1894 1073 1945 Oderam.

917 2128 1001 2180 51.

305 2251 357 2309 (1
409 2248 804 2315 Iohannes
857 2245 1282 2314 Helferich
1340 2248 1628 2315 Latine

773 2350 1143 2438 Iuppiter

632 2452 958 2523 Magistro
998 2455 1277 2507 Ortvino

201 2576 452 2628 Salutem
475 2588 600 2625 cum
634 2574 940 2637 humillima
965 2572 1431 2627 commendatione
1457 2576 1558 2626 sui.
1616 2591 1710 2626 ve-

200 2660 470 2713 nerabilis
503 2660 718 2713 domine
753 2659 1053 2724 Magister,
1097 2659 1245 2709 sicut
1286 2660 1531 2710 scribitis
1579 2659 1714 2707 mihi

202 2744 352 2810 quod
404 2743 624 2797 habetis
681 2742 1097 2795 admirationem
1142 2741 1339 2792 abinde
1386 2741 1529 2804 quod
1572 2755 1709 2791 voco
