1942 3109
599 245 666 288 65.
691 239 772 295 [3.]
799 249 1087 286 ΒΑΒτΗοιι
1116 253 1281 288 xvi-z.
1598 239 1697 290 365

171 356 321 421 quod
357 357 433 405 sit
465 355 707 420 spurius.
767 356 1019 405 Tertium
1056 373 1123 406 ex
1158 371 1219 406 se
1254 357 1441 407 habet..
1502 363 1560 408 et
1594 375 1696 425 ego

85 458 89 460 ·
169 442 466 507 plurimum
509 439 677 490 laudo
726 439 869 504 quod
916 442 1090 491 etiam
1135 443 1221 492 est
1263 442 1423 492 vobis
1480 443 1697 508 similis,

172 527 268 590 qui
303 541 419 576 rem
455 525 678 575 habetis
718 539 840 574 eum
875 525 1127 575 diabolo:
1165 525 1265 576 sed
1299 530 1557 576 transeat
1592 528 1697 576 hoe

173 625 297 661 eum
331 609 669 660 reverentia.
743 625 846 674 ego
889 609 1071 659 habeo
1117 610 1211 659 hie
1246 625 1413 660 unum
1448 611 1698 661 notabile

171 698 435 761 punctum
493 693 968 758 Nigromantieum
1028 693 1173 758 quod
1228 694 1390 745 vobis
1461 696 1701 747 libenter

169 779 472 829 manifeste
497 779 813 828 scriberem.
874 776 971 828 sed
998 795 1101 844 ego
1126 779 1314 843 time0‚
1352 779 1497 844 quod
1522 795 1699 845 quan-

169 863 238 914 do
266 864 401 913 estis
425 864 508 911 ita
542 863 800 926 insanus,
837 867 972 912 tune
1009 863 1253 914 famulus
1288 869 1473 916 vester
1507 869 1701 930 posset

168 949 329 999 illam
356 947 647 1012 epistolam
673 947 947 1010 invenire,
976 950 1032 997 et
1057 948 1105 996 si
1131 948 1373 1011 legeret,
1410 953 1544 999 tune
1579 950 1697 1000 dia-

173 1031 334 1082 bolus
373 1032 736 1082 confunderet
770 1048 856 1082 me
895 1035 954 1082 et
992 1047 1143 1094 eum;
1172 1025 1249 1080 ’et
1284 1047 1413 1097 ergo
1448 1033 1577 1084 volo
1614 1049 1699 1083 se-

173 1115 410 1183 eundum
437 1117 891 1167 consuetudinem
916 1132 1097 1168 meam
1121 1117 1338 1178 facere,
1366 1115 1499 1178 quia
1525 1130 1701 1179 quan-

170 1201 238 1251 do
273 1201 456 1250 habeo
493 1202 575 1250 sie
613 1201 830 1265 aliquid
864 1204 1170 1265 see-retum,
1218 1204 1352 1249 tune
1388 1202 1571 1251 scribo
1609 1217 1697 1250 su·

169 1300 268 1350 per
303 1284 556 1350 papirum
593 1287 715 1336 sine
753 1289 1095 1349 atramento,
1133 1289 1190 1335 et
1226 1289 1359 1334 tune
1394 1301 1553 1335 nemo
1591 1286 1701 1334 seit

167 1369 358 1434 legere
395 1370 508 1418 nisi
543 1370 621 1418 sit
654 1369 1030 1436 illegittimus,
1088 1369 1163 1419 Et
1198 1385 1329 1434 ergo
1366 1386 1431 1420 eo
1470 1385 1605 1420 casu
1642 1371 1698 1418 in

168 1453 577 1522 presentiarum
631 1454 792 1505 vobis
848 1456 1019 1504 etiam
1064 1454 1288 1506 decrevi
1332 1455 1542 1507 faeere.
1622 1455 1696 1504 Et

169 1542 255 1591 est
289 1537 430 1588 illud
466 1542 732 1602 punctum
765 1542 828 1588 ut
861 1541 1143 1603 sequitur:
