1942 3109
683 238 953 278 vonvmw
993 238 1261 277 men-nvn.
1634 225 1737 279 425

205 350 497 404 ordinarez
567 343 678 397 Sed
718 360 832 397 non
877 346 1019 397 satis
1064 360 1291 412 possum
1332 344 1533 397 mirare
1571 359 1737 411 super

206 450 339 499 vos,
391 430 538 497 quod
571 433 686 483 tam
719 430 922 482 stultus
959 432 1117 495 sitis,
1162 434 1223 483 et
1254 446 1353 483 vos
1390 431 1603 483 timetis
1636 446 1734 498 pro

210 519 476 582 canibus,
522 516 618 582 qui
663 531 796 581 erga
828 531 929 567 vos
962 515 1165 567 volunt
1206 515 1445 582 latrare,
1494 532 1616 569 eum
1650 521 1733 569 ta·

207 619 335 657 men
386 602 610 655 habetis
665 602 872 652 bonum
922 599 1215 667 baculum,
1276 616 1385 667 quo
1437 618 1537 655 vos
1602 617 1737 668 erga

205 704 392 742 omnes
431 702 557 739 eum
591 687 834 738 invicem
867 686 1105 751 potestis
1140 685 1471 753 defendere,
1509 688 1605 753 qui
1635 702 1735 740 vos

199 776 550 829 recenti-ant.
599 769 912 823 Recordate
947 786 1048 823 vos
1082 772 1141 823 in
1176 787 1409 838 parvum
1442 771 1734 837 Davidem,

202 860 300 924 qui
352 871 616 924 magnum
671 855 902 908 Goliath
953 870 1066 907 uno
1130 873 1303 923 parvo
1355 859 1565 925 lapicIo
1618 862 1733 909 tam

202 944 565 995 vehementer
605 941 878 1005 iaciebat,
927 940 1075 1005 quod
1123 940 1347 1011 cagieret
1393 944 1453 993 in
1486 942 1732 1007 fundum,

204 1031 478 1091 tanquam
511 1025 721 1076 tonitru
752 1027 936 1091 ipsum
969 1027 1281 1079 tanxisset:
1326 1027 1401 1077 Et
1432 1042 1531 1079 vos
1566 1027 1734 1079 habe-

202 1112 276 1175 tis
301 1112 568 1165 maiorem
599 1110 881 1176 baculum,
908 1114 965 1161 et
987 1111 1369 1178 benefecistis,
1395 1115 1459 1163 ut
1490 1110 1735 1178 gladium

203 1211 316 1247 non
352 1196 611 1261 portatis,
646 1210 775 1247 nam
799 1194 989 1247 David
1024 1198 1195 1247 etiam
1229 1212 1341 1248 non
1364 1200 1587 1262 poterat
1608 1212 1734 1261 por-

204 1285 328 1332 tare
365 1279 614 1347 gladium
649 1285 706 1331 et
741 1280 1199 1345 Sturmhaubam3
1244 1281 1393 1348 Ergo
1429 1280 1629 1333 sumite
1664 1281 1734 1332 il-

200 1366 317 1417 lum
335 1402 349 1428 ,
386 1370 446 1417 et
478 1381 612 1431 erga
646 1365 794 1417 tales
833 1380 1002 1417 canes
1034 1381 1136 1417 vos
1172 1367 1511 1432 convertite,
1544 1365 1734 1419 ‹lieen-

202 1454 288 1501 tes
337 1448 421 1503 Ὗ.
458 1452 528 1503 V.
564 1449 620 1501 S.
659 1450 716 1503 S.
787 1449 851 1501 Si
883 1466 994 1502 non
1031 1452 1181 1516 abis,
1227 1456 1287 1505 et
1330 1469 1415 1505 me
1465 1457 1521 1505 et
1552 1468 1733 1505 meum

199 1536 402 1587 librum
451 1551 576 1587 cum
620 1550 762 1601 paee
808 1536 1016 1602 mittis,
1063 1552 1251 1589 crasso
1296 1538 1429 1591 fune
1464 1542 1521 1590 te
1555 1554 1731 1605 vapu-

201 1621 336 1684 lam,
371 1624 438 1669 ut
471 1624 530 1669 te
553 1618 870 1683 permerdas
906 1625 966 1671 et
986 1624 1346 1689 permingas'3
1386 1623 1519 1688 quid
1540 1623 1731 1676 valet?

199 1704 458 1757 abibunt.
503 1702 754 1755 Potestis
790 1704 932 1756 enim
963 1709 1167 1759 bonam
1200 1707 1407 1761 habere
1443 1710 1732 1760 eonscien-

200 1791 356 1853 tiam,
395 1788 544 1853 quod
579 1788 797 1855 aliquid
833 1807 902 1842 ex
937 1792 1069 1843 aliis
1105 1793 1264 1845 libris
1300 1808 1410 1844 non
1435 1794 1729 1861 exscripsi·

199 1873 384 1935 vistis,
421 1877 478 1922 et
513 1873 736 1937 quando
773 1874 985 1942 aliquid
1020 1878 1471 1943 exscripsivintis,
1494 1882 1557 1929 ut
1578 1893 1727 1945 saepe

200 1958 416 2007 factum
465 1961 578 2022 est,
626 1957 946 2013 fidelissime
989 1960 1129 2012 illud
1168 1962 1525 2027 eonfituistis,
1569 1964 1727 2013 iuxta

195 2041 369 2105 illud:
439 2041 594 2095 Nihil
644 2046 913 2097 scribitur
970 2050 1071 2097 aut
1130 2045 1359 2111 dieitur,
1418 2046 1565 2112 quod
1618 2062 1728 2099 non

195 2125 468 2189 seriptum
511 2125 790 2181 diotumve
837 2131 918 2181 sit
959 2132 1154 2197 prius3·
1211 2131 1297 2182 Ex
1332 2147 1441 2196 quo
1476 2133 1727 2199 optimis·

197 2208 336 2259 sime
387 2208 758 2279 concluditur,
813 2215 960 2281 quod
1005 2232 1106 2267 vos
1151 2232 1261 2268 non
1306 2217 1453 2270 male
1488 2219 1726 2284 fecistis,

195 2292 342 2359 quod
367 2295 536 2346 etiam
559 2313 661 2350 vos
699 2299 912 2363 aliquid
949 2302 1348 2367 exscripsistis,
1385 2304 1519 2368 quia
1554 2306 1725 2357 etiam

193 2378 300 2430 alii
336 2384 508 2431 antea
540 2381 702 2431 vobin
738 2385 1209 2451 exscripsiverunt
1242 2387 1429 2439 etiam.
1480 2388 1592 2440 Sed
1625 2390 1724 2440 ha-

189 2462 299 2514 beo
348 2461 531 2514 adhuc
567 2479 734 2515 unum
768 2469 926 2520 vobis
971 2469 1185 2536 dicere,
1239 2488 1435 2540 nempe
1478 2474 1725 2527 homines

193 2560 408 2613 omnes,
459 2549 553 2613 qui
590 2566 690 2603 vos
735 2556 999 2619 possunt,
1046 2554 1265 2623 dicunt,
1313 2560 1457 2623 quod
1502 2560 1723 2625 quando

201 2628 376 2682 libros
412 2636 632 2688 omnino
669 2639 871 2690 multos
907 2638 1128 2704 facitis,
1173 2643 1377 2694 multos
1422 2644 1592 2693 etiam
1628 2642 1724 2692 ad·

193 2716 440 2769 iutantes
474 2720 722 2785 habetis,
772 2722 906 2783 quia
953 2722 1175 2782 quando
1210 2741 1310 2778 vos
1346 2739 1455 2774 non
1493 2726 1629 2773 estis
1665 2724 1723 2773 in
