1942 3109
234 207 334 259 290
409 220 698 258 Erxs'l'omss
723 221 1087 258 OBSCVRORVH
1110 221 1361 259 vmonvu
1386 223 1563 261 NOVAE.

231 329 378 380 betis
425 343 546 378 esse
595 329 864 378 contritus
911 331 966 378 et
1015 327 1301 379 confessus
1334 329 1428 380 vel
1464 329 1534 378 ad
1568 331 1753 383 minus

233 413 416 462 dicere
455 411 870 464 confessionem
905 413 1236 478 generalem.
1305 413 1519 465 Deinde
1566 415 1751 467 facia-

232 497 306 546 tis
326 513 492 548 unam
509 498 809 562 Imaginem
827 498 892 550 de
915 496 1057 548 Cera
1075 499 1327 564 virginea
1347 502 1401 548 et
1418 499 1648 551 faciatis
1668 501 1752 553 le-

234 598 361 647 gere
382 586 494 634 tres
513 583 712 633 missas
733 583 970 648 desuper
993 582 1217 648 ligando
1239 583 1395 634 illum
1410 581 1627 636 Crinem
1642 588 1749 638 cir-

235 683 356 718 cum
378 668 580 719 collum
599 669 790 732 ipsius.
817 667 1025 719 Postea
1044 683 1152 718 uno
1171 683 1329 718 mane
1344 669 1581 719 audiatis
1592 672 1745 734 prius

231 757 481 818 missam,
505 752 713 803 'deinde
753 754 1051 819 accipiatis
1088 753 1273 803 Ollam
1307 769 1505 805 novam
1537 755 1747 805 vitrea-

232 841 346 886 tam
383 853 502 887 cum
541 852 686 901 aqua
724 842 780 889 et
815 837 1044 889 faciatis
1080 837 1270 904 Ignem
1294 839 1351 888 in
1375 854 1486 890 una
1514 837 1746 891 Camera

235 923 428 972 clausa
472 922 711 986 undique
757 927 815 974 et
855 923 1085 974 faciatis
1130 924 1337 974 fumum
1380 923 1447 974 de
1492 924 1651 975 thure
1690 930 1747 976 et

232 1007 545 1058 incendatis
568 1023 736 1058 unam
763 1007 1051 1060 candelam
1074 1008 1142 1058 de
1170 1023 1298 1059 cera
1332 1025 1503 1073 nova,
1542 1010 1600 1058 in
1636 1023 1749 1074 qua

236 1096 321 1142 est
361 1092 632 1143 modicum
675 1093 742 1144 de
779 1093 1029 1145 Candela
1074 1094 1345 1159 paschali.
1412 1093 1631 1144 Deinde
1668 1095 1747 1143 di—

236 1179 376 1228 catis
445 1180 610 1230 istam
671 1177 1123 1230 coniurationem
1193 1195 1357 1244 super
1412 1177 1747 1244 Imaginem:

237 1261 494 1313 ‘Coniuro
521 1267 577 1313 te
603 1261 746 1314 Cera
782 1279 881 1329 per
914 1265 1177 1314 virtutem
1212 1262 1302 1313 dei
1336 1263 1745 1328 omnipotentis,

233 1363 332 1414 per
364 1363 562 1399 novem
597 1347 788 1413 choros
824 1347 1171 1412 angelorum,
1208 1361 1305 1412 per
1326 1347 1588 1398 virtutem
1614 1347 1748 1399 Cos-

235 1432 402 1483 driel=
437 1432 752 1483 boldriach:
785 1433 1001 1482 tornab.
1038 1431 1242 1481 Lissiel
1283 1431 1517 1482 farnach
1558 1421 1747 1499 pitrait

237 1521 294 1566 et
349 1516 621 1580 Starnial,
682 1515 825 1580 quod
876 1514 1019 1565 velis
1071 1516 1204 1564 mihi
1254 1520 1633 1586 representare
1688 1519 1745 1568 in

236 1602 382 1651 omni
406 1601 723 1650 substantia
750 1604 806 1651 et
831 1599 1235 1666 Corporalitate
1261 1601 1563 1652 Bai-baram
1592 1601 1741 1668 mse,

234 1689 298 1734 ut
341 1685 567 1736 obediat
609 1685 742 1736 mihi
785 1686 846 1735 in
879 1686 1128 1736 omnibus
1166 1701 1271 1754 que
1307 1686 1467 1736 volo’.
1538 1686 1741 1738 Postea

236 1771 496 1822 scribatis
533 1771 736 1821 circum
773 1774 942 1836 caput
965 1771 1223 1836 imaginis
1246 1771 1350 1839 hec
1374 1771 1595 1822 nomina
1621 1785 1741 1820 cum

238 1855 366 1906 stilo
404 1851 666 1922 argenteo
703 1854 922 1906 ‘Astrab
961 1854 999 1918 †
1034 1854 1218 1906 Arnod
1243 1854 1280 1918 †
1315 1854 1545 1906 Bildron
1570 1858 1606 1919 †
1644 1855 1743 1920 Sy—

239 1941 336 1991 dra
373 1941 426 2004 †'
473 1942 547 1991 Et
591 1941 674 1992 sic
707 1941 930 2006 ponatis
967 1941 1259 2005 imaginem
1295 1940 1353 1987 in
1388 1939 1557 1989 ollam
1594 1944 1649 1989 et
1684 1955 1749 1988 a·

207 2041 418 2091 quam.
489 2027 562 2077 Et
595 2028 782 2094 ponite
829 2025 899 2076 ad
943 2025 1143 2091 ignem.
1213 2024 1287 2074 Et
1334 2023 1533 2074 dicatis
1578 2024 1743 2073 istam

239 2112 687 2164 coniurationem
722 2109 979 2162 ‘Coniuro
1024 2114 1108 2174 te,
1155 2110 1406 2160 Barbara
1440 2108 1600 2174 Else,
1648 2123 1747 2173 per

237 2199 496 2248 virtutem
541 2197 630 2248 dei
676 2195 1091 2261 omnipotentis,
1149 2209 1247 2260 per
1300 2206 1495 2244 novem
1550 2193 1747 2243 choros

239 2282 586 2346 angelorum,
622 2297 721 2348 per
754 2282 1011 2332 virtutem
1036 2277 1288 2330 Cosdriel
1310 2277 1600 2330 boldriach
1635 2281 1745 2328 tor-

237 2367 346 2418 nab
391 2367 568 2418 lissiel
619 2366 852 2417 fornach
895 2366 1081 2431 pitrax
1124 2366 1179 2416 et
1223 2361 1484 2428 sternial,
1542 2365 1596 2412 et
1646 2377 1748 2428 per

233 2453 494 2504 virtutem
529 2453 756 2502 istorum
789 2452 1067 2502 nominum
1089 2447 1287 2498 Astrob
1312 2446 1493 2498 Arnod
1517 2445 1749 2497 Bildron

239 2537 439 2602 Sydra,
479 2537 623 2601 quod
658 2538 846 2586 statim
881 2535 1116 2600 incipias
1154 2547 1339 2583 amare
1376 2550 1459 2584 me
1496 2533 1575 2583 ita
1601 2531 1748 2595 quod

237 2624 358 2674 sine
393 2617 707 2673 tardatione
742 2621 883 2672 velis
921 2619 991 2670 ad
1014 2635 1097 2670 me
1122 2619 1329 2670 venire.
1390 2618 1535 2681 Quia
1561 2632 1746 2668 amore

237 2708 510 2776 langueo'.
569 2707 644 2758 Et
677 2711 810 2758 tunc
845 2706 1037 2757 statim
1074 2703 1291 2769 quando
1330 2717 1476 2766 aqua
1510 2703 1750 2768 incipiet
