1942 3109
221 271 437 310 CONTRA
463 271 778 308 nuvenmm
813 269 1323 308 consvnwwnomm
1357 270 1532 307 1101·AE-
1636 255 1704 307 69

186 381 424 430 inimicis
451 377 660 428 Christi
694 391 840 428 nova
867 371 1169 427 contulisse
1194 375 1415 441 gaudia.
1476 367 1528 425 (Ι
1561 376 1701 428 Item

191 467 238 516 si
271 467 330 514 in
365 479 486 514 meo
521 463 749 528 speculo
785 461 1035 512 manuali
1060 461 1255 526 quovis
1278 461 1437 512 modo
1462 461 1701 512 offensus

187 551 400 614 fuisset,
436 548 674 599 Ioannes
707 546 716 612 1
745 547 1020 598 Reuchlin
1058 543 1135 610 (id
1160 545 1304 609 quod
1339 551 1525 597 tamen
1558 540 1839 611 flea-imm

187 633 469 698 nolebam,
529 633 698 683 sicuti
741 633 1085 697 protestatus
1132 647 1251 682 sum
1296 632 1354 680 in
1398 631 1541 684 libro
1586 646 1704 681 meo

185 718 532 786 supradicto,
579 718 770 768 littera
807 721 864 767 et
901 715 1157 767 columna
1193 714 1384 779 tertia)
1423 715 1707 766 debuisset

186 805 378 856 merito
414 803 507 855 vel
547 817 730 853 coram
757 800 1002 869 Cesarea
1037 801 1353 864 maiestate,
1390 801 1483 851 vel
1520 815 1704 851 coram

187 887 565 955 archipresule
587 886 936 952 Moguntino,
974 889 1073 936 aut
1105 886 1163 935 in
1187 899 1405 937 camera
1430 886 1708 952 imperiali

190 974 384 1023 contra
419 987 505 1020 me
542 970 777 1021 iuridice
811 971 1178 1036 processisse,
1226 975 1283 1020 et
1326 987 1437 1021 non
1470 973 1703 1036 metipse

191 1059 563 1121 apostaticam
599 1069 756 1105 suam
793 1052 1257 1106 consultationem
1290 1056 1615 1120 impressam
1648 1056 1707 1102 in

186 1140 426 1207 publicis
445 1138 706 1190 nundinis
726 1155 826 1204 per
843 1139 1162 1190 universum
1178 1139 1445 1190 emisisse.
1477 1129 1529 1188 ΙΙ
1551 1137 1709 1202 Quod

188 1228 373 1274 autem
425 1225 618 1274 faeere
664 1223 830 1288 illud,
889 1223 997 1274 hoc
1043 1227 1128 1274 est
1172 1239 1257 1274 me
1293 1221 1351 1272 in
1388 1226 1473 1274 ius
1506 1237 1709 1275 vocare

187 1307 498 1372 debuisset,
545 1308 650 1358 tali
694 1311 852 1374 patet
895 1309 1139 1359 ratione:
1197 1307 1338 1358 Nam
1384 1309 1441 1356 in
1478 1308 1707 1372 speculo

185 1407 306 1444 meo
331 1392 600 1456 manuali,
623 1407 936 1458 paragravo
963 1393 1420 1456 antepenultimo,
1446 1406 1705 1457 expresse

186 1479 329 1528 satis
387 1477 493 1528 hoc
539 1479 882 1542 protestatus
929 1492 1065 1527 sum.
1148 1475 1241 1526 Sic
1286 1477 1431 1527 enim
1475 1477 1705 1541 scripsi:

185 1562 246 1613 Si
282 1562 474 1614 doctor
507 1561 780 1613 Reuchlin
825 1562 897 1613 ob
943 1562 1049 1628 hec
1095 1577 1218 1612 mea
1264 1562 1475 1626 scripta
1514 1565 1705 1612 contra

182 1663 270 1696 me
309 1647 577 1710 conqueri
599 1646 758 1709 velit,
797 1660 901 1710 ego
935 1646 1083 1712 ultro
1117 1647 1307 1698 venire
1343 1649 1575 1712 paratus
1612 1662 1705 1696 ero

182 1730 278 1782 vel
315 1729 387 1780 ad
425 1727 722 1796 Cesaream
757 1728 1136 1795 maiestatem,
1181 1732 1275 1782 vel
1323 1731 1393 1781 ad
1426 1730 1703 1782 Reveren-

181 1815 467 1864 dissimum
513 1811 759 1864 Urielem
806 1813 1315 1881 archiepiscopum,
1360 1814 1451 1866 vel
1496 1813 1565 1864 ad
1611 1814 1705 1864 do-

187 1902 371 1947 ctores
418 1897 762 1948 diversarum
809 1899 1239 1950 universitatum
1300 1897 1437 1964 (sive
1492 1898 1550 1948 hi
1596 1900 1707 1948 sint

184 1980 568 2047 colonienses,
603 1983 722 2033 sive
757 1981 1090 2048 Moguntini,
1130 1985 1248 2034 sive
1282 1983 1703 2048 Friburgenses,

179 2067 304 2118 sive
352 2065 801 2132 Erphordenses,
861 2070 981 2120 sive
1026 2065 1549 2132 Heidelbergenses)
1612 2066 1703 2117 vel

183 2151 258 2200 ad
294 2150 436 2202 alios
471 2152 750 2219 prefectos
787 2157 887 2203 aut
921 2151 1136 2202 iudices
1172 2152 1473 2219 seculares,
1511 2155 1575 2200 ut
1610 2167 1700 2202 co·

179 2249 306 2285 ram
337 2235 452 2285 illis
495 2236 708 2286 veritas
751 2237 875 2302 ipsa
921 2241 1240 2302 patesceret
1276 2241 1351 2288 ‚et
1372 2253 1421 2288 c.
1472 2228 1522 2286 Ἰ
1559 2237 1741 2301 Item⁴

178 2320 370 2370 fateor
411 2333 498 2370 me
543 2321 602 2370 in
646 2321 896 2372 manuali
939 2337 1060 2372 meo
1108 2321 1335 2386 speculo
1372 2321 1701 2386 quandoque

173 2405 445 2455 Ioannem
499 2403 776 2456 Reuchlin
841 2407 1184 2468 nominasse,
1258 2405 1355 2456 sed
1419 2421 1703 2470 nunquam

172 2488 360 2554 ipsius
397 2487 863 2540 consultationem
910 2491 1297 2554 expressisse.-
1338 2491 1478 2540 Item
1522 2491 1705 2540 fateor

172 2587 266 2622 me
301 2573 362 2623 in
397 2571 587 2623 eodem
619 2571 764 2622 libro
803 2575 997 2623 contra
1032 2575 1214 2638 ipsum
1248 2575 1567 2639 scripsisse,
1606 2575 1703 2625 sed

173 2655 360 2707 solum
404 2657 472 2706 de
519 2657 606 2708 his
653 2670 760 2722 que
806 2671 892 2706 me
937 2656 1227 2707 dumtaxat
1274 2660 1702 2721 concernebant‚

175 2742 242 2789 et
279 2753 388 2806 que
425 2744 592 2790 antea
625 2757 661 2791 a
685 2755 772 2790 me
807 2741 997 2806 sepius
1035 2744 1227 2791 contra
1261 2741 1459 2806 Iudeos
1494 2742 1705 2803 scripta
