1942 3109
227 252 457 289 vamme
486 252 623 288 noe.
650 250 727 287 An
750 250 883 287 ems.
904 250 1086 286 susm.
1109 250 1163 285 n.
1186 244 1252 286 23.
1278 248 1402 285 Aru.
1423 244 1606 286 A.1511.
1675 234 1741 286 61

227 358 565 408 universitas
624 354 1027 421 Erphordensis
1097 354 1267 404 etiam
1333 354 1580 405 misisset
1635 355 1748 405 sibi

231 456 387 491 suam
424 441 887 492 consultationem
920 439 1154 503 reliquis
1193 439 1546 502 conformem,
1584 452 1747 501 quam

230 524 453 589 quidem
520 525 986 576 consultationem
1042 523 1456 589 Erphordenses
1525 526 1750 587 propter

229 610 487 675 publicas
522 610 823 661 seditiones
860 613 917 661 et
950 610 1222 659 intestina
1245 608 1400 681 bella
1425 606 1590 657 citius
1624 607 1749 656 mit-

228 698 347 746 tere
382 711 491 747 non
526 696 860 761 potuissent,
898 691 1350 759 quemadmodum
1374 691 1592 758 relique
1625 692 1745 741 uni-

224 779 545 833 versitates.
614 781 689 829 Et
734 780 817 831 sic
862 780 1018 830 misit
1061 794 1150 829 me
1185 777 1256 828 ad
1295 776 1591 844 cesaream
1635 790 1748 825 ma—

228 866 491 916 iestatem
528 880 651 915 cum
688 864 1104 916 consultatione
1149 863 1252 913 illa
1289 865 1346 913 et
1390 862 1596 913 litteris
1633 861 1748 912 suis

228 948 335 999 hoc
370 952 535 1013 pacto
574 950 919 999 sonantibus.

336 1032 699 1083 serenissime
756 1030 1140 1083 Illustrissime
1199 1029 1400 1097 Cesar,
1461 1030 1746 1095 gratiosis-

230 1118 365 1169 sime
411 1116 627 1169 domine
646 1155 659 1180 ‚
705 1132 884 1168 meam
931 1116 1333 1167 subiectionem
1379 1130 1448 1165 ac
1491 1112 1750 1167 obedien-

228 1204 369 1253 tiam
390 1204 551 1253 vobis
576 1202 746 1252 offero
795 1200 1258 1265 Quemadmodum
1291 1203 1482 1251 vestra
1507 1198 1750 1267 Cesarea

230 1286 498 1337 maiestas
533 1290 779 1351 tempore
818 1290 1017 1337 exacto
1063 1284 1227 1350 petiit
1271 1298 1370 1349 per
1411 1283 1750 1347 mandatum,

229 1376 295 1420 ut
326 1372 549 1422 honesti
583 1376 641 1421 et
672 1370 969 1423 benedoeti
993 1370 1246 1421 doctores
1271 1373 1330 1419 et
1351 1368 1606 1435 mag-istri
1627 1368 1752 1418 uni—

230 1457 519 1507 versitatis
543 1456 947 1522 Erphordensis
972 1457 1258 1507 mitterent
1285 1454 1752 1505 consultationem

230 1556 407 1603 suam,
446 1540 713 1606 quomodo
746 1541 805 1593 in
840 1542 947 1592 hoc
983 1542 1214 1607 negocio
1252 1538 1422 1605 (quod
1457 1540 1749 1607 Iudeo-rum

226 1626 401 1675 libros
435 1626 642 1692 tangit)
682 1626 955 1691 agendum
991 1631 1159 1690 esset,
1198 1625 1292 1676 Sic
1326 1626 1596 1675 miserunt
1617 1623 1754 1673 mihi

232 1724 355 1759 eam
398 1710 457 1759 in
503 1711 755 1775 scriptis,
816 1724 984 1773 quam
1029 1710 1247 1774 quidem
1291 1710 1528 1759 ulterius
1563 1712 1749 1775 vestre

230 1794 579 1861 serenissime
624 1794 910 1844 maiestati
962 1794 1299 1845 transmitto.
1379 1792 1456 1842 Et
1505 1806 1626 1841 cum
1669 1796 1755 1841 tot

231 1877 631 1928 universitates
688 1882 749 1927 in
793 1878 899 1927 hoc
943 1881 1180 1943 negocio
1226 1881 1356 1929 sunt
1402 1875 1658 1944 consulte
1695 1880 1754 1926 et

232 1961 303 2030 he
338 1976 527 2011 omnes
561 1961 725 2009 unius
760 1961 961 2009 mentis
997 1965 1152 2024 sunt,
1207 1975 1275 2009 ac
1317 1962 1614 2024 negocium
1648 1961 1754 2011 hoc

231 2050 345 2097 tam
380 2045 497 2096 late
535 2042 901 2095 extenderunt
959 2043 1056 2093 Sic
1090 2044 1328 2108 petimus
1351 2047 1416 2093 ut
1437 2047 1628 2095 vestra
1653 2042 1756 2110 Oe-

232 2144 397 2179 sarea
431 2130 698 2179 maiestas
734 2128 875 2179 velit
918 2142 1147 2179 causam
1193 2127 1338 2179 hanc
1383 2128 1466 2177 ita
1509 2130 1756 2177 tractare

232 2218 297 2263 ut
332 2210 807 2277 (quemadmodum
842 2214 1072 2279 incepta
1107 2212 1218 2279 est)
1269 2212 1338 2263 ad
1387 2214 1586 2264 bonum
1630 2228 1755 2278 per-

233 2298 470 2349 ducatur
503 2297 691 2348 finem:
738 2300 795 2349 in
841 2300 947 2351 hoc
981 2302 1173 2351 vestra
1211 2297 1456 2366 Cesarea
1489 2300 1756 2349 maiestas

232 2387 527 2449 receptura
574 2385 661 2432 est
704 2398 739 2433 a
784 2398 992 2435 summo
1039 2384 1141 2434 deo
1177 2383 1485 2434 mercedem
1517 2386 1576 2433 et
1611 2382 1758 2448 apud

236 2468 613 2518 Christianum
646 2467 911 2533 populum
946 2484 1206 2533 magnum
1239 2468 1502 2519 honorem
1539 2480 1608 2517 ac
1633 2467 1754 2517 lau-

233 2554 385 2604 dem:
420 2552 545 2603 Hoc
580 2554 857 2619 suscipiat
894 2569 928 2603 a
962 2568 1049 2604 me
1085 2557 1277 2603 vestra
1303 2550 1548 2622 Cesarea
1583 2553 1756 2602 maie-

234 2642 352 2689 stas
410 2639 469 2689 in
526 2640 729 2689 bonam
786 2642 1022 2705 partem.
1101 2638 1309 2689 Datum
1363 2640 1424 2687 in
1467 2636 1758 2701 Moguntia

232 2724 402 2773 Feria
438 2726 608 2775 tertia
643 2729 771 2789 post
804 2723 951 2774 diem
984 2722 1322 2775 Paschalem
1352 2720 1516 2770 'Anno
1555 2734 1652 2768 ,ιι
