1942 3109
356 780 410 839 (I
452 785 791 839 Beatissimo
838 784 897 831 in
933 780 1155 832 Christo
1200 779 1349 845 patri
1384 776 1601 828 domino

352 877 545 925 nostro
594 870 678 920 .D.
729 868 777 918 L
792 868 946 919 eoni
1004 864 1197 918 divina
1253 863 1605 930 providentia

355 974 390 1024 p
405 974 482 1022 ap
497 973 528 1025 e
564 972 618 1006 x.
641 952 1251 1014 Reverendissimisque
1278 948 1321 997 C
1334 948 1525 999 ardin
1538 963 1570 998 a
1586 976 1605 985 -

357 1041 542 1092 libus
588 1039 884 1091 Ioannes
921 1036 1429 1101 Peperieornus
1474 1032 1608 1095 olim

354 1126 558 1196 Iudeus
603 1141 751 1176 nunc
786 1137 920 1176 vero
957 1120 1308 1171 ChristIanus
1344 1118 1607 1169 omnium-

358 1228 464 1275 que
512 1212 771 1261 minimus
787 1248 801 1275 ‚
857 1211 986 1274 post
1030 1205 1229 1271 pedum
1277 1208 1447 1267 atque
1492 1218 1608 1253 ma-

358 1311 523 1346 nuum
559 1295 754 1346 oscula
789 1309 912 1345 sese
948 1296 1129 1343 totum
1162 1290 1393 1341 subiicit
1429 1292 1485 1337 et
1509 1302 1607 1337 au-

359 1381 554 1432 xilium
599 1380 864 1431 adversus
919 1377 1379 1429 malescribentes
1433 1373 1607 1424 humi-

761 1464 894 1514 liter
925 1462 1202 1527 implorat.

324 1603 658 1656 Beatissime
705 1599 987 1666 pontifex,
1035 1613 1352 1663 quanquam
1396 1600 1617 1649 minime
1662 1598 1744 1649 di-

225 1704 368 1755 gnus
413 1690 542 1752 sim,
592 1690 657 1735 nt
700 1685 794 1737 vel
841 1683 911 1735 ad
945 1685 1358 1736 sacratissimos
1392 1683 1563 1750 pedes
1599 1687 1743 1747 tuoe,

221 1773 316 1826 vel
353 1772 424 1824 ad
460 1772 827 1827 celsissimam
861 1773 954 1839 tue
992 1770 1317 1821 sanctitatis
1352 1768 1539 1820 sedem
1572 1768 1746 1821 verba

223 1856 581 1922 profundam,
627 1860 814 1907 tamen
857 1856 990 1921 quia
1023 1854 1529 1907 Reuchlinistarum
1556 1850 1749 1920 {nuper

227 1939 569 2006 quorundam
617 1938 777 2005 (quos
803 1940 1086 1991 obscuros
1128 1938 1359 2005 vocant)
1410 1940 1747 1991 contumelia

221 2026 656 2089 falsissimisque
677 2025 1007 2090 quibusdam
1024 2024 1321 2076 inveotivis
1346 2025 1579 2075 extimus
1603 2040 1747 2092 pene

222 2113 414 2166 faetus
451 2127 570 2161 sum
605 2112 677 2163 ab
704 2111 840 2163 ovili
862 2114 956 2161 tuo
986 2109 1195 2161 Christi
1217 2109 1541 2161 vulneribus
1566 2114 1745 2178 sept0‚

223 2212 339 2247 non
373 2210 594 2261 possum
617 2211 728 2246 non
750 2210 976 2261 sperare
1004 2199 1061 2245 et
1081 2195 1307 2246 firmiter
1334 2194 1575 2261 credere,
1612 2196 1749 2261 quin

207 2282 277 2351 'si
301 2280 616 2346 Neophitus
653 2282 775 2347 ipse
811 2281 1107 2333 veritatem
1140 2296 1501 2347 proposuero,
1549 2285 1607 2332 et
1650 2296 1749 2348 per

221 2368 374 2420 viam
396 2366 621 2431 „regiam
660 2366 993 2417 ambulando
1030 2365 1209 2416 instar
1228 2364 1358 2417 zdivi
1379 2365 1547 2416 Pauli
1582 2380 1748 2431 syna-

133 2484 138 2488 -
221 2464 428 2517 gogam
475 2449 712 2517 sathane
761 2453 818 2499 et
861 2450 1235 2501 colluvionem
1280 2448 1573 2516 Iudeorum
1618 2466 1745 2501 exe-

225 2534 498 2587 crabilem
558 2538 972 2599 tortuosumque
1030 2534 1406 2598 labyrinthum
1465 2550 1565 2601 pro
1622 2552 1747 2587 mea

223 2622 508 2686 parvitate
535 2635 913 2686 suppressero,
951 2618 1260 2669 immortale
1286 2620 1389 2669 sim
1416 2635 1539 2671 cum
1562 2621 1747 2672 beatis

223 2707 494 2773 premium
536 2705 862 2767 habiturus,
917 2718 1023 2755 nee.
1078 2705 1345 2755 minorem
1404 2709 1575 2757 etiam
1618 2722 1745 2771 gra-

1393 2791 1419 2840 1
1441 2792 1473 2824 ηε

1760 764 1850 833 gb
