1942 3109
209 210 313 263 400
345 228 420 263 Ex
443 228 818 266 OBSGVBOBVX
843 229 1099 267 vmonvu
1127 228 1363 267 sALmvs
1390 232 1703 271 cBIBRA'rvs

314 348 623 385 navorum.
671 334 894 401 Indigni
915 350 1131 401 sumus,
1170 338 1265 399 qui
1286 336 1611 403 Hieronymi
1644 354 1741 391 ve-

210 418 382 484 stigia
417 418 817 473 deosculemur.

315 520 372 555 n.
411 520 704 558 on'rvmva
777 506 962 569 Quare
1011 522 1141 572 ergo
1185 506 1356 557 vultis
1404 524 1529 559 eum
1574 512 1739 560 corri-

213 592 382 655 gere?

313 689 568 727 nnAsnvs
597 691 722 727 nor.
763 674 1053 741 Corrigere
1069 714 1082 741 ‚
1108 677 1397 741 Iuppiter?
1420 679 1581 729 immo
1606 692 1739 730 vero

215 775 381 825 quam
417 747 570 812 (sedit
606 762 726 826 ipse
762 762 1120 812 tralationem
1155 763 1467 813 restituere.

78 853 198 902 §.52.
317 861 376 895 M.
423 860 730 897 mrromws⁸
811 847 923 897 Per
966 848 1171 898 bonam
1226 848 1550 912 veritatem,
1609 864 1739 900 ecce

212 931 440 982 bonum!
479 932 809 983 restituere?
845 932 950 982 hoc
988 946 1119 997 ergo
1156 932 1303 997 quod
1326 948 1426 983 nos
1454 937 1743 985 cantamus

215 1015 460 1081 quotidie
497 1017 556 1067 in
593 1016 863 1082 ecclesia,
899 1033 1013 1069 non
1048 1022 1135 1069 est
1167 1019 1405 1069 bonum?
1440 1018 1515 1067 Et
1550 1019 1599 1067 si
1634 1034 1745 1069 non

217 1105 302 1152 est
335 1103 563 1166 bonum,
599 1118 700 1168 per
735 1118 1082 1168 consequens
1115 1097 1187 1153 'de
1220 1106 1349 1167 post
1369 1102 1557 1153 multis
1582 1105 1743 1153 annis

217 1188 427 1238 erravit
463 1186 721 1238 ecclesia.

318 1286 623 1325 nnvcnnm.
681 1273 999 1325 Ecclesiam
1036 1288 1251 1325 errasse
1287 1288 1399 1323 non
1433 1272 1686 1324 dicimus.

80 1364 197 1415 §.53.
323 1372 380 1407 Μ.
421 1372 800 1411 emeonrmrs.
863 1358 1011 1422 Quid
1048 1374 1177 1424 ergo
1212 1357 1383 1409 vultis
1419 1356 1641 1407 dicere?

318 1456 576 1495 nnAsts
615 1458 741 1493 ποτ.
802 1442 985 1493 Multa
1019 1460 1183 1508 posse
1220 1444 1417 1494 melius
1442 1442 1553 1491 dici
1578 1457 1744 1505 quam

217 1528 372 1593 prius
407 1527 560 1578 dicta
595 1531 740 1579 sunt.

321 1626 377 1663 M.
418 1626 718 1663 carumve.
793 1610 922 1671 Sed,
984 1612 1082 1663 sed
1134 1629 1236 1679 per
1278 1617 1519 1687 vestram
1563 1610 1744 1675 fidem,

172 1736 175 1739 -
223 1699 319 1763 qui
353 1700 492 1749 estis
526 1699 666 1750 vos?
703 1696 905 1749 dicatis
942 1698 1105 1749 nobis
1138 1714 1335 1763 parum
1370 1700 1614 1751 vestrum
1648 1712 1747 1745 no·
1824 1762 1833 1773 ,

221 1800 377 1848 men,
417 1788 469 1834 si
499 1782 691 1849 placet
724 1783 901 1835 vobis.

325 1882 630 1919 nnvcnnuz.
704 1866 903 1918 Sumus
948 1867 1055 1931 illi,
1103 1883 1240 1933 quos
1295 1872 1497 1921 norunt
1540 1880 1749 1930 omneS,

221 1953 496 2006 Reuchlin
530 1958 588 2005 et
621 1954 902 2005 Erasmus·

327 2056 382 2091 u.
433 2038 743 2093 Lvronnvs'.
815 2040 904 2091 Ηο
947 2038 1109 2091 Iesus
1144 2038 1355 2105 Maria,
1406 2018 1575 2104 cap'ut
1608 2038 1757 2087 facit

224 2126 361 2177 mihi
395 2126 628 2190 malum,
668 2124 888 2189 quando
927 2141 1030 2191 ego
1068 2123 1232 2175 audio
1269 2123 1427 2188 loqui
1460 2122 1527 2173 de
1568 2122 1749 2173 vobis,

329 2226 386 2261 u.
428 2224 814 2263 emeoraenvs.
887 2211 1024 2273 Quis
1072 2208 1329 2263 diabolus
1376 2206 1609 2258 adduxit
1653 2220 1754 2258 vos

225 2294 354 2347 hic?
395 2296 516 2360 Ego
561 2310 714 2345 eram
759 2294 904 2347 bene
948 2294 1149 2359 hebe8‚
1196 2294 1292 2358 qui
1338 2296 1501 2343 erant
1544 2293 1642 2341 isti
1677 2291 1755 2339 zi·

226 2380 560 2433 zaniatores.

93 2475 130 2525 §.
145 2477 210 2522 54.
330 2479 585 2519 ERAsuvs
621 2480 747 2536 nor.
793 2465 995 2517 Acrius
1018 2465 1327 2517 irascimini
1352 2478 1518 2528 quam
1540 2476 1643 2527 par
1664 2460 1755 2510 sit.

332 2562 390 2605 n.
430 2566 730 2603 onrvmvs.
789 2552 1126 2601 Irascimur?
1162 2565 1263 2615 per
1298 2549 1459 2600 deum
1496 2548 1546 2598 si
1580 2560 1758 2597 essem

231 2649 402 2701 papa,
441 2652 542 2688 vos
579 2640 636 2687 et
671 2650 884 2699 omne8‚
927 2636 1023 2701 qui
1056 2636 1323 2685 simulant
1344 2634 1524 2697 vebia,
1560 2630 1761 2682 essetis

234 2721 726 2785 excommunicati,
765 2726 1066 2785 antequam
1104 2723 1255 2773 esset
1288 2734 1432 2771 unus
1468 2718 1688 2769 mensis.
