1942 3109
331 253 404 290 ns
430 249 730 287 ensa-oms
755 247 1121 286 onscvnonvm
1142 249 1421 286 vmonvu.
1538 235 1635 286 169

117 353 168 412 ([
202 363 290 412 De
315 357 552 408 Phitone
589 353 818 420 (inquit)
856 358 1117 420 serpente
1152 369 1317 419 quem
1350 355 1639 405 interfecit

113 444 346 512 Apollo,
379 443 580 493 scribit
600 441 904 492 Psalmista
940 437 1147 490 ‘Draco
1182 440 1291 490 iste
1328 454 1491 504 quem
1526 441 1635 491 for-

113 531 282 584 masti
316 528 389 579 ad
423 526 764 578 illudendum
801 526 890 578 ei'.
957 525 1035 574 Et
1076 526 1279 576 iterum
1316 523 1513 590 ‘Super
1548 541 1637 576 as-

111 617 295 684 pidem
343 617 400 666 et
443 611 768 663 basiliscum
824 609 1203 662 ambulabis'.‘
1262 611 1349 661 De
1398 610 1637 662 Saturno

111 703 208 766 qui
253 699 586 766 supponitur
627 696 786 747 homo
831 711 1031 760 senex,
1088 699 1145 747 et
1200 699 1364 761 pater
1414 695 1639 747 deorum

117 786 412 838 comedens
447 783 591 834 filios
628 797 757 833 suos
791 781 1055 832 scribitur
1093 781 1164 831 ab
1190 781 1490 832 Ezechiele
1516 780 1639 833 ‘Co-

109 871 334 922 medent
368 872 558 934 patres
593 867 738 918 filios
773 867 832 916 in
867 865 1046 916 medio
1081 867 1202 915 tui.’
1258 866 1446 917 Diana
1470 867 1641 932 signi-

110 957 248 1006 ficat
298 953 681 1004 beatissimam
731 951 1003 1015 virginem
1056 951 1295 1001 Mariam
1348 952 1643 1003 ambulans

117 1055 240 1090 eum
275 1036 464 1088 multis
497 1035 808 1101 virginibus
843 1034 1121 1088 hincinde.
1190 1036 1267 1085 Et
1302 1051 1449 1102 ergo·
1466 1035 1535 1088 de
1572 1053 1641 1088 ea

113 1124 378 1176 scribitur
421 1123 479 1173 in
520 1120 731 1172 Psalm.
804 1119 1183 1172 ‘Adducentur
1222 1121 1471 1187 virgines
1514 1126 1642 1188 post

113 1212 275 1272 eam',
321 1212 380 1258 et
425 1208 564 1257 alibi
599 1207 802 1256 ‘Trahe
837 1222 923 1257 me
957 1211 1085 1271 post
1128 1211 1213 1272 te,
1261 1221 1539 1258 curremus
1582 1209 1641 1258 in

129 1295 284 1344 ›dore
307 1295 670 1358 ungentorum
693 1293 946 1342 tuorum'.
1003 1291 1143 1342 Item
1168 1291 1236 1342 de
1260 1293 1393 1344 Iove
1421 1293 1640 1356 quando

111 1377 411 1444 ..lefloravjit
447 1375 792 1428 calistenem
825 1377 1130 1442 virginem,
1170 1381 1226 1430 et
1259 1392 1519 1430 reversus
1556 1381 1644 1428 est

117 1464 190 1516 ad
229 1461 427 1531 celum,
469 1462 668 1513 scribit
701 1461 824 1512 Mat
850 1475 974 1511 .x11.
1036 1459 1321 1514 ‘Revertar
1344 1464 1403 1512 in
1424 1463 1642 1514 domum

105 1563 294 1602 meam
329 1547 474 1598 unde
511 1548 697 1600 exivi’.
756 1547 900 1598 Item
923 1546 992 1597 de
1017 1545 1261 1612 Aglauro
1286 1547 1641 1614 pedissequa,

105 1649 282 1700 quam
315 1633 624 1683 Mercurius
659 1633 832 1684 vertit
865 1633 924 1681 in
957 1630 1228 1695 lapidem,
1267 1632 1369 1683 illa
1406 1633 1639 1698 lapidifl-

37 1744 41 1753 ·
105 1719 264 1770 catio
298 1719 550 1781 tangitur
583 1717 905 1767 Iob.-.XL11.
966 1714 1096 1766 ‘Gor
1142 1716 1261 1766 eius
1297 1717 1645 1768 indurabitur

105 1808 178 1854 ut
236 1799 422 1863 lapis'.
515 1801 658 1850 Item
715 1795 987 1863 quo'modo
1046 1799 1298 1864 Iuppiter
1354 1804 1646 1866 supposuit

103 1888 396 1946 Europam
429 1885 730 1948 virginem,
770 1885 941 1934 ctiam
978 1884 1215 1936 habetur
1237 1886 1296 1935 in
1319 1901 1484 1937 sacra
1507 1889 1641 1937 scri-

105 1975 311 2040 ptura,
357 1965 503 2030 quod
539 1981 642 2032 ego
677 1967 935 2032 ignoravi
967 1969 1156 2032 prius,
1206 1970 1341 2032 quia
1384 1971 1468 2018 sie
1502 1969 1645 2020 dixit

107 2055 186 2108 ad
233 2067 384 2104 eam:
445 2050 610 2102 ‘Audi
653 2049 774 2100 filia
823 2054 878 2100 et
919 2051 1048 2102 vide
1097 2055 1153 2102 et
1194 2052 1407 2102 inclina
1456 2069 1643 2104 aurem

12 2149 13 2152 ’
105 2147 300 2201 tuam,
338 2136 472 2200 quia
509 2135 830 2201 concupivit
865 2151 962 2186 rex
998 2136 1241 2202 speciem
1262 2139 1453 2187 tuam’.
1504 2137 1643 2188 Item

12 2251 19 2257 -
107 2221 358 2275 Cadmus
395 2235 631 2288 querens
667 2237 908 2273 sororem
946 2237 1131 2286 suam,
1168 2223 1315 2288 gerit
1349 2237 1643 2290 personam

109 2307 354 2370 Christi,
395 2307 490 2370 qui
515 2308 700 2374 querit
721 2323 878 2358 suam
901 2322 1174 2372 ‘soro-rem,
1210 2307 1267 2358 id
1292 2311 1379 2359 est
1402 2309 1641 2359 animam

12 2385 14 2402 ἶ
105 2397 411 2447 humanam
428 2428 441 2455 ‚
469 2395 526 2442 et
549 2389 774 2458 edificat
793 2393 1106 2458 civitatem,
1130 2391 1189 2442 id
1214 2395 1301 2442 est
1326 2392 1639 2444 ecclesiam.

12 2475 14 2482 ’
103 2481 202 2531 De
237 2476 487 2546 Acteone
523 2491 656 2528 vero
693 2478 788 2541 qui
823 2477 965 2528 vidit
986 2479 1230 2528 Dianam
1264 2476 1482 2542 nudam,
1520 2493 1641 2544 pro-

103 2563 428 2631 phetizavit
461 2561 728 2614 Ezechiel
765 2579 888 2629 cap.
926 2578 1044 2614 xvr.
1072 2563 1263 2614 dicens
1300 2561 1459 2614 ‘Eras
1492 2563 1641 2616 nuda

105 2653 174 2701 et
213 2648 533 2699 confusione
568 2647 766 2715 plena,
813 2653 872 2700 et
915 2649 1153 2701 transivi
1199 2664 1299 2715 per
1340 2652 1399 2700 te
1436 2652 1493 2700 et
1525 2650 1644 2700 vidi

103 2733 212 2789 te’.
273 2730 417 2782 Item
441 2747 552 2786 non
575 2737 661 2788 est
683 2735 891 2790 frustra
917 2750 952 2786 a
974 2735 1159 2805 poetis
1194 2734 1461 2803 scriptum
1494 2734 1641 2801 quod
