1942 3109
234 235 300 285 38
490 246 781 282 131²1s1=0123
818 244 1188 281 oBscvnenvM
1224 244 1497 279 vmonvn.

238 355 439 416 ctione,
479 353 642 415 quasi
676 350 817 401 nihil
852 349 1126 414 despiciet
1163 351 1320 399 eam’.
1393 347 1500 397 Sed
1535 349 1756 413 permit-

235 443 413 487 tamus
460 438 599 499 ista,
654 440 711 486 et
743 432 1032 485 veniamus
1069 433 1138 484 ad
1175 433 1307 483 alia.
1377 433 1638 497 Rogastis
1674 448 1760 482 me

237 522 381 585 quod
414 523 525 571 iam
558 522 619 571 in
654 520 1022 585 carnisprivio
1057 520 1168 568 fuit
1199 518 1291 567 hic
1326 533 1528 582 magna
1554 518 1760 584 letitia.

235 607 311 655 Et
332 607 441 655 fuit
465 604 841 656 hastiludium.
882 608 939 655 et
972 604 1231 668 princeps
1265 607 1377 652 met
1404 602 1678 665 equitavit
1703 603 1765 651 in

235 692 383 754 som,
430 695 487 741 et
530 690 726 740 habuit
768 689 1056 754 pulchrum
1101 702 1327 750 equum,
1376 691 1432 737 et
1474 686 1767 752 pulchrum

238 774 520 825 andallum
532 774 785 839 desuper,
805 774 863 823 in
882 788 988 837 quo
1013 772 1123 823 fuit
1145 773 1298 835 picta
1309 787 1419 821 una
1431 771 1628 821 mulier
1642 786 1767 820 cum

236 874 435 923 magno
462 862 659 907 ornatu
674 895 688 921 ‚
726 862 785 908 et
806 859 963 907 iuxta
987 858 1167 921 ipsam
1193 856 1338 905 sedit
1363 854 1586 919 quidam
1609 856 1768 905 iuve-

236 944 322 992 nis
349 944 407 991 in
432 944 631 1007 crispis
670 944 944 1005 crinibus,
983 942 1080 1004 qui
1114 942 1466 1005 organizavit
1489 942 1542 991 ei
1567 956 1768 991 secun-

211 1026 364 1076 dum
389 1028 764 1091 psalmistam:
802 1026 1056 1077 ‘Iuvenes
1083 1028 1138 1075 et
1160 1026 1426 1090 virgineS,
1453 1040 1614 1076 senes
1643 1041 1772 1075 cum

237 1111 544 1161 iunioribus
590 1110 821 1162 laudent
862 1126 1062 1160 nomen
1107 1108 1346 1173 domini'.
1428 1110 1502 1159 Et
1547 1110 1771 1173 quando

239 1196 497 1260 princeps
534 1197 689 1245 venit
723 1198 780 1244 in
820 1196 1126 1260 civitatem,
1163 1198 1296 1242 tunc
1319 1195 1660 1245 universitas
1684 1196 1772 1243 in-

238 1280 537 1330 tronisavit
574 1294 696 1329 eum
734 1294 856 1328 cum
890 1294 1093 1343 mag-na
1119 1280 1494 1343 processione,
1535 1282 1590 1328 et
1616 1280 1774 1329 cives

238 1365 615 1414 braxaverunt
659 1363 888 1413 multam
936 1364 1290 1425 cerevisiam,
1339 1367 1396 1414 et
1437 1364 1774 1428 propinave-

242 1452 370 1497 runt
404 1447 593 1497 dulcia
632 1448 877 1509 cibaria,
928 1450 986 1496 et
1019 1448 1160 1497 bene
1197 1447 1530 1512 dapiverunt
1563 1449 1774 1511 princi-

243 1546 366 1595 pem
402 1535 459 1580 et
494 1546 680 1581 omnes
719 1530 976 1580 curiales.
1026 1536 1082 1581 et
1104 1536 1300 1596 postea
1327 1532 1778 1599 chorizaverunt,

246 1619 303 1665 et
338 1630 439 1679 ego
476 1616 609 1665 steti
630 1616 688 1664 in
712 1632 820 1666 uno
848 1615 1188 1680 conspicello
1215 1615 1361 1679 quod
1384 1616 1540 1679 potui
1562 1616 1776 1669 videre,

244 1700 367 1748 Non
412 1700 527 1749 scio
572 1699 761 1763 plura,
808 1714 972 1762 quam
1019 1699 1181 1763 quod⁴
1208 1704 1336 1764 opto
1380 1701 1540 1750 vobis
1586 1702 1779 1751 omnia

244 1783 421 1832 bona:
458 1788 517 1834 et
547 1783 750 1833 Valete
784 1785 841 1833 in
876 1784 1094 1834 nomine
1129 1782 1348 1833 domini.
1389 1800 1457 1833 ex
1490 1785 1778 1849 Liptzick.

966 2066 1060 2123 14.

360 2167 759 2251 Magister
814 2168 1156 2233 Ioannes
1201 2169 1657 2236 Krabacius

798 2286 1047 2339 Salutem
1081 2290 1216 2338 dicit
1299 2342 1306 2355 ¹

528 2360 865 2453 Magistro
904 2390 1192 2440 Ortvino
1230 2390 1484 2442 Gratio.

352 2524 649 2575 Excellens
685 2526 797 2589 vir,
834 2525 1136 2575 secundum
1171 2526 1316 2589 quod
1350 2528 1435 2577 fui
1471 2532 1600 2579 ante
1637 2531 1782 2584 duos

254 2624 426 2659 annos
461 2610 840 2677 vobiscum-in
878 2608 1130 2672 Colonia,
1169 2614 1226 2659 et
1258 2626 1358 2661 vos
1393 2612 1616 2663 dixistis
1641 2618 1784 2667 mihi

254 2693 397 2758 quod
442 2710 655 2761 semper
698 2693 953 2747 deberem
987 2694 1146 2745 vobis
1180 2696 1423 2747 seribere
1459 2698 1782 2767 ubicunque
