1942 3109
245 219 316 262 63.
337 211 422 270 [6.]
445 223 563 260 10n.
589 221 880 258 rsxroms.
919 215 985 257 69.
1012 209 1097 266 [7.]
1118 219 1287 262 usae.
1312 223 1601 258 seni-nri.
1640 208 1740 260 377

212 329 518 386 Civitatem
553 330 610 377 et
644 327 834 376 iacent
865 325 1264 376 miserabiliter
1297 326 1357 376 in
1380 328 1739 378 scaminibus.

207 414 406 479 Aliqui
447 412 666 475 dicunt,
716 409 860 474 quod
905 409 1099 462 doctor
1142 410 1369 460 Murner
1414 411 1585 462 habet
1625 427 1741 463 rem

213 514 336 550 cum
382 498 553 564 ipsis:
601 495 698 548 sed
742 494 846 546 hoc
889 511 1002 548 non
1047 499 1135 547 est
1178 511 1397 548 verum:
1443 496 1575 560 quia
1621 497 1741 561 ipse

211 589 298 636 est
331 583 594 633 Enuchus
642 583 940 631 castratus.
1013 579 1122 632 Sed
1168 579 1235 632 de
1282 581 1415 631 aliis
1460 580 1741 644 religiosis

210 685 314 734 ego
349 683 462 718 non
494 668 638 718 bene
677 663 872 730 cred0,
911 663 1133 730 quando
1166 666 1252 716 sic
1277 669 1507 716 currunt
1528 664 1602 715 ad
1626 680 1741 715 eas.

209 754 314 804 Est
361 755 612 802 mortuus
662 751 724 800 in
778 751 1013 802 civitate
1066 767 1209 802 unus
1265 750 1593 802 Curtisanus
1647 750 1743 815 qui

208 838 409 889 habuit
446 837 548 886 22.
586 834 862 886 beneficia
885 837 1147 901 pinguia,
1186 841 1243 887 et
1276 839 1444 905 poete
1480 837 1577 900 qui
1609 839 1743 886 sunt

206 923 318 986 ibi,
373 921 596 972 faciunt
637 920 816 971 multa
859 924 1040 970 metra
1089 925 1282 970 contra
1327 921 1503 971 illum.
1581 920 1743 970 Alias

209 1005 388 1057 nichil
441 1007 557 1056 scio
601 1006 714 1056 nisi
763 1003 907 1070 quod
953 1003 1207 1054 dominus
1252 1008 1367 1054 tam
1412 1004 1505 1054 diu
1550 1007 1747 1054 teneat

206 1107 308 1144 vos
341 1106 540 1142 sanum
575 1089 838 1154 quamdiu
871 1092 1025 1154 lepus
1058 1089 1403 1154 supercurrit
1433 1103 1599 1138 unum
1637 1087 1742 1138 Ca-

206 1193 352 1236 nem.
412 1175 613 1228 Valete
651 1191 720 1226 ex
754 1173 1084 1239 Arg-entius..

684 1363 768 1412 69.
809 1339 1173 1426 [appendicis
1196 1356 1275 1426 7.]

507 1476 1028 1562 Marcolphus
1075 1475 1432 1543 Sculteti

488 1582 741 1634 Ioanni
774 1581 1469 1650 Bimperlenbumpun

797 1682 866 1716 ex
898 1666 1157 1718 Rorbach

208 1787 438 1840 Salutes
462 1785 710 1836 infinitas
747 1788 804 1835 et
834 1785 1197 1836 immortales.
1250 1785 1455 1837 dilecte
1479 1787 1741 1852 Ioannes,

205 1887 310 1924 vos
333 1871 640 1934 scripsistis
663 1870 799 1920 mihi
820 1885 997 1936 nuper
1022 1871 1245 1936 aliquas
1270 1873 1573 1936 novitate8‚
1602 1887 1740 1936 quas

147 1979 152 1982 ·
207 1971 320 2006 non
355 1954 598 2005 libenter
633 1953 846 2019 audivi,
883 1954 1153 2006 videlicet
1186 1956 1255 2006 de
1290 1955 1499 2007 Ioanne
1523 1957 1740 2007 Reueh-

206 2042 290 2091 lin
327 2039 476 2104 quod
513 2041 858 2104 comparavit
893 2041 1003 2090 sibi
1036 2055 1295 2105 magnam
1330 2039 1563 2106 gloriam
1590 2041 1739 2105 apud

209 2140 342 2175 suos
388 2127 612 2189 poetas,
660 2126 794 2188 quia
838 2125 979 2176 fecit
1024 2140 1191 2175 unum
1239 2124 1437 2175 librum
1478 2125 1573 2188 qui
1608 2126 1739 2175 inti-

211 2207 428 2258 tulatur
464 2206 860 2260 ‘Gabellistica
891 2209 984 2261 vel
1021 2209 1280 2275 Gabala',
1318 2213 1376 2260 et
1412 2215 1501 2261 est
1532 2212 1645 2262 iam
1680 2212 1741 2260 in

207 2293 394 2360 gratia
428 2294 601 2360 Papo.
671 2294 889 2346 Vellem
923 2296 1113 2345 tamen
1147 2294 1392 2344 libenter
1427 2296 1571 2346 scire
1608 2295 1740 2360 quid

208 2383 295 2430 est
331 2377 582 2428 Gabala:
631 2392 734 2442 ego
773 2379 991 2443 quesivi
1024 2377 1121 2429 diu
1156 2380 1212 2429 in
1248 2395 1369 2429 meo
1407 2379 1741 2431 Catholieon

207 2467 266 2514 et
310 2462 542 2513 Gemma
594 2466 929 2526 geminarum
983 2467 1041 2513 et
1090 2464 1149 2512 in
1201 2464 1427 2514 Briton:
1481 2464 1577 2516 sed
1629 2481 1740 2516 non

206 2562 431 2613 possum
456 2547 701 2610 reperire
727 2546 860 2612 quid
883 2547 1184 2612 sig-nificat.
1230 2549 1356 2599 misi
1380 2549 1551 2600 etiam
1574 2565 1741 2600 unam

209 2631 432 2681 literam
478 2631 550 2681 ad
596 2632 924 2697 magistrum
969 2636 1221 2682 nostrum
1266 2633 1585 2684 Ortvinum:
1644 2633 1741 2682 sed

207 2717 332 2780 ipse
371 2715 538 2766 etiam
573 2716 716 2766 nihil
763 2715 1042 2766 rescribit.
1114 2715 1221 2764 Sed
1266 2715 1525 2780 magistri
1568 2715 1743 2763 nostri
