<?xml version="1.0" encoding="UTF-8"?>
<!DOCTYPE html PUBLIC "-//W3C//DTD XHTML 1.0 Transitional//EN"
    "http://www.w3.org/TR/xhtml1/DTD/xhtml1-transitional.dtd">
<html xmlns="http://www.w3.org/1999/xhtml" xml:lang="en" lang="en">
 <head>
  <title>
</title>
<meta http-equiv="Content-Type" content="text/html;charset=utf-8" />
  <meta name='ocr-system' content='tesseract 3.04.00' />
  <meta name='ocr-capabilities' content='ocr_page ocr_carea ocr_par ocr_line ocrx_word'/>
</head>
<body>
  <div class='ocr_page' id='page_1' title='image "./epistolaeobscur00huttgoog_0545.png"; bbox 0 0 1942 3109; ppageno 0'>
   <div class='ocr_carea' id='block_1_1' title="bbox 251 177 1765 238">
    <p class='ocr_par' dir='ltr' id='par_1_1' title="bbox 251 177 1765 238">
     <span class='ocr_line' id='line_1_1' title="bbox 251 177 1765 238; baseline 0.003 -10"><span class='ocrx_word' id='word_1_1' title='bbox 251 177 318 228; x_wconf 77' lang='grc'><strong>84</strong></span> <span class='ocrx_word' id='word_1_2' title='bbox 387 193 768 230; x_wconf 72' lang='grc' dir='ltr'><strong>ΡΕΡΕΒῙὈΟΒΝῘ</strong></span> <span class='ocrx_word' id='word_1_3' title='bbox 787 193 1027 231; x_wconf 62' lang='lat' dir='ltr'><strong>Burnus.</strong></span> <span class='ocrx_word' id='word_1_4' title='bbox 1040 195 1259 232; x_wconf 59' lang='lat' dir='ltr'>CONTRA</span> <span class='ocrx_word' id='word_1_5' title='bbox 1284 195 1488 230; x_wconf 72' lang='lat' dir='ltr'><strong>FAMOS.</strong></span> <span class='ocrx_word' id='word_1_6' title='bbox 1504 197 1555 231; x_wconf 90' lang='lat'><strong>0.</strong></span> <span class='ocrx_word' id='word_1_7' title='bbox 1572 197 1765 238; x_wconf 63' lang='lat' dir='ltr'>VAEPP.</span> 
     </span>
    </p>
   </div>
   <div class='ocr_carea' id='block_1_2' title="bbox 169 299 1789 2736">
    <p class='ocr_par' dir='ltr' id='par_1_2' title="bbox 244 299 1768 1636">
     <span class='ocr_line' id='line_1_2' title="bbox 249 299 1765 368; baseline 0.005 -21"><span class='ocrx_word' id='word_1_8' title='bbox 249 303 379 348; x_wconf 71' lang='lat' dir='ltr'><strong>ante</strong></span> <span class='ocrx_word' id='word_1_9' title='bbox 416 299 552 350; x_wconf 85' lang='lat' dir='ltr'><strong>duos</strong></span> <span class='ocrx_word' id='word_1_10' title='bbox 589 315 766 352; x_wconf 79' lang='lat' dir='ltr'><strong>annos</strong></span> <span class='ocrx_word' id='word_1_11' title='bbox 799 301 1063 368; x_wconf 78' lang='lat' dir='ltr'><strong>legisset:</strong></span> <span class='ocrx_word' id='word_1_12' title='bbox 1099 299 1461 368; x_wconf 85' lang='lat' dir='ltr'><strong>proculdubio</strong></span> <span class='ocrx_word' id='word_1_13' title='bbox 1496 303 1679 367; x_wconf 85' lang='lat' dir='ltr'><strong>ipsum</strong></span> <span class='ocrx_word' id='word_1_14' title='bbox 1702 305 1765 354; x_wconf 85' lang='lat' dir='ltr'><strong>in</strong></span> 
     </span>
     <span class='ocr_line' id='line_1_3' title="bbox 247 386 1759 452; baseline 0.004 -18"><span class='ocrx_word' id='word_1_15' title='bbox 247 387 530 450; x_wconf 76' lang='lat' dir='ltr'><strong>gemonias</strong></span> <span class='ocrx_word' id='word_1_16' title='bbox 579 386 764 437; x_wconf 76' lang='lat' dir='ltr'><strong>scalas</strong></span> <span class='ocrx_word' id='word_1_17' title='bbox 815 388 1178 451; x_wconf 87' lang='lat' dir='ltr'><strong>coniecisset,</strong></span> <span class='ocrx_word' id='word_1_18' title='bbox 1226 393 1493 452; x_wconf 71' lang='lat' dir='ltr'><strong>tanquam</strong></span> <span class='ocrx_word' id='word_1_19' title='bbox 1541 387 1611 439; x_wconf 79' lang='lat' dir='ltr'><strong>de</strong></span> <span class='ocrx_word' id='word_1_20' title='bbox 1660 391 1759 439; x_wconf 82' lang='lat' dir='ltr'><strong>cri-</strong></span> 
     </span>
     <span class='ocr_line' id='line_1_4' title="bbox 246 469 1765 538; baseline 0.006 -19"><span class='ocrx_word' id='word_1_21' title='bbox 246 469 393 520; x_wconf 89' lang='lat' dir='ltr'><strong>mine</strong></span> <span class='ocrx_word' id='word_1_22' title='bbox 417 471 533 538; x_wconf 75' lang='lat' dir='ltr'><strong>lese</strong></span> <span class='ocrx_word' id='word_1_23' title='bbox 558 471 870 522; x_wconf 78' lang='lat' dir='ltr'><strong>maiestatis</strong></span> <span class='ocrx_word' id='word_1_24' title='bbox 897 473 1245 537; x_wconf 76' lang='lat' dir='ltr'><strong>apertissime</strong></span> <span class='ocrx_word' id='word_1_25' title='bbox 1274 473 1605 524; x_wconf 81' lang='lat' dir='ltr'><strong>convictum.</strong></span> <span class='ocrx_word' id='word_1_26' title='bbox 1655 475 1765 527; x_wconf 80' lang='lat' dir='ltr'><strong>Nc-</strong></span> 
     </span>
     <span class='ocr_line' id='line_1_5' title="bbox 247 555 1759 622; baseline 0.004 -19"><span class='ocrx_word' id='word_1_27' title='bbox 247 555 383 604; x_wconf 86' lang='lat' dir='ltr'><strong>mini</strong></span> <span class='ocrx_word' id='word_1_28' title='bbox 416 556 586 620; x_wconf 80' lang='lat' dir='ltr'><strong>igitnr</strong></span> <span class='ocrx_word' id='word_1_29' title='bbox 617 557 814 606; x_wconf 82' lang='lat' dir='ltr'><strong>mirum</strong></span> <span class='ocrx_word' id='word_1_30' title='bbox 849 557 898 606; x_wconf 88' lang='lat' dir='ltr'><strong>si</strong></span> <span class='ocrx_word' id='word_1_31' title='bbox 933 556 1001 608; x_wconf 88' lang='lat' dir='ltr'><strong>de</strong></span> <span class='ocrx_word' id='word_1_32' title='bbox 1036 571 1159 622; x_wconf 77' lang='lat' dir='ltr'><strong>me,</strong></span> <span class='ocrx_word' id='word_1_33' title='bbox 1199 558 1250 606; x_wconf 88' lang='lat' dir='ltr'><strong>si</strong></span> <span class='ocrx_word' id='word_1_34' title='bbox 1294 556 1361 608; x_wconf 86' lang='lat' dir='ltr'><strong>dc</strong></span> <span class='ocrx_word' id='word_1_35' title='bbox 1398 556 1625 609; x_wconf 85' lang='lat' dir='ltr'><strong>doctore</strong></span> <span class='ocrx_word' id='word_1_36' title='bbox 1660 559 1759 609; x_wconf 84' lang='lat' dir='ltr'><strong>Ar-</strong></span> 
     </span>
     <span class='ocr_line' id='line_1_6' title="bbox 245 639 1761 708; baseline 0.005 -20"><span class='ocrx_word' id='word_1_37' title='bbox 245 639 436 705; x_wconf 81' lang='lat' dir='ltr'><strong>noldo,</strong></span> <span class='ocrx_word' id='word_1_38' title='bbox 483 642 533 692; x_wconf 77' lang='lat' dir='ltr'><strong>si</strong></span> <span class='ocrx_word' id='word_1_39' title='bbox 575 641 642 692; x_wconf 88' lang='lat' dir='ltr'><strong>de</strong></span> <span class='ocrx_word' id='word_1_40' title='bbox 688 643 952 708; x_wconf 78' lang='lat' dir='ltr'><strong>magistro</strong></span> <span class='ocrx_word' id='word_1_41' title='bbox 992 641 1267 706; x_wconf 79' lang='lat' dir='ltr'><strong>Ortwino,</strong></span> <span class='ocrx_word' id='word_1_42' title='bbox 1315 642 1367 693; x_wconf 88' lang='lat' dir='ltr'><strong>si</strong></span> <span class='ocrx_word' id='word_1_43' title='bbox 1413 641 1645 708; x_wconf 83' lang='lat' dir='ltr'><strong>denique</strong></span> <span class='ocrx_word' id='word_1_44' title='bbox 1692 645 1761 695; x_wconf 88' lang='lat' dir='ltr'><strong>de</strong></span> 
     </span>
     <span class='ocr_line' id='line_1_7' title="bbox 248 724 1762 793; baseline 0.002 -19"><span class='ocrx_word' id='word_1_45' title='bbox 248 724 377 775; x_wconf 75' lang='lat' dir='ltr'><strong>aliis</strong></span> <span class='ocrx_word' id='word_1_46' title='bbox 413 725 558 790; x_wconf 68' lang='lat' dir='ltr'><strong>[viris</strong></span> <span class='ocrx_word' id='word_1_47' title='bbox 603 726 768 777; x_wconf 89' lang='lat' dir='ltr'><strong>simul</strong></span> <span class='ocrx_word' id='word_1_48' title='bbox 813 727 1198 793; x_wconf 80' lang='lat' dir='ltr'><strong>prestantibus</strong></span> <span class='ocrx_word' id='word_1_49' title='bbox 1250 729 1307 775; x_wconf 89' lang='lat' dir='ltr'><strong>et</strong></span> <span class='ocrx_word' id='word_1_50' title='bbox 1339 727 1507 777; x_wconf 84' lang='lat' dir='ltr'><strong>bonis</strong></span> <span class='ocrx_word' id='word_1_51' title='bbox 1540 728 1762 777; x_wconf 87' lang='lat' dir='ltr'><strong>mentiri</strong></span> 
     </span>
     <span class='ocr_line' id='line_1_8' title="bbox 244 809 1759 876; baseline 0.003 -18"><span class='ocrx_word' id='word_1_52' title='bbox 244 809 478 873; x_wconf 60' lang='lat' dir='ltr'><strong>audeat,</strong></span> <span class='ocrx_word' id='word_1_53' title='bbox 527 825 650 858; x_wconf 89' lang='lat' dir='ltr'><strong>cum</strong></span> <span class='ocrx_word' id='word_1_54' title='bbox 696 809 764 860; x_wconf 87' lang='lat' dir='ltr'><strong>de</strong></span> <span class='ocrx_word' id='word_1_55' title='bbox 801 811 1155 862; x_wconf 87' lang='lat' dir='ltr'><strong>serenissimo</strong></span> <span class='ocrx_word' id='word_1_56' title='bbox 1192 813 1383 861; x_wconf 82' lang='lat' dir='ltr'><strong>nostro</strong></span> <span class='ocrx_word' id='word_1_57' title='bbox 1428 815 1759 876; x_wconf 75' lang='lat' dir='ltr'><strong>imperatore</strong></span> 
     </span>
     <span class='ocr_line' id='line_1_9' title="bbox 247 892 1759 962; baseline 0.002 -19"><span class='ocrx_word' id='word_1_58' title='bbox 247 897 304 943; x_wconf 89' lang='lat' dir='ltr'><strong>et</strong></span> <span class='ocrx_word' id='word_1_59' title='bbox 337 892 734 961; x_wconf 77' lang='lat' dir='ltr'><strong>Archipresule</strong></span> <span class='ocrx_word' id='word_1_60' title='bbox 769 894 1097 960; x_wconf 87' lang='lat' dir='ltr'><strong>Moguntino</strong></span> <span class='ocrx_word' id='word_1_61' title='bbox 1132 896 1297 948; x_wconf 83' lang='lat' dir='ltr'><strong>istius</strong></span> <span class='ocrx_word' id='word_1_62' title='bbox 1345 896 1566 961; x_wconf 81' lang='lat' dir='ltr'><strong>negocii</strong></span> <span class='ocrx_word' id='word_1_63' title='bbox 1614 899 1759 962; x_wconf 85' lang='lat' dir='ltr'><strong>prin-</strong></span> 
     </span>
     <span class='ocr_line' id='line_1_10' title="bbox 249 979 1763 1046; baseline 0.001 -18"><span class='ocrx_word' id='word_1_64' title='bbox 249 979 370 1044; x_wconf 82' lang='lat' dir='ltr'><strong>cipe</strong></span> <span class='ocrx_word' id='word_1_65' title='bbox 419 983 534 1029; x_wconf 87' lang='lat' dir='ltr'><strong>tam</strong></span> <span class='ocrx_word' id='word_1_66' title='bbox 578 980 937 1032; x_wconf 80' lang='lat' dir='ltr'><strong>incredibilia</strong></span> <span class='ocrx_word' id='word_1_67' title='bbox 980 981 1040 1030; x_wconf 89' lang='lat' dir='ltr'><strong>in</strong></span> <span class='ocrx_word' id='word_1_68' title='bbox 1086 981 1339 1032; x_wconf 83' lang='lat' dir='ltr'><strong>omnibus</strong></span> <span class='ocrx_word' id='word_1_69' title='bbox 1386 981 1503 1031; x_wconf 89' lang='lat' dir='ltr'><strong>suis</strong></span> <span class='ocrx_word' id='word_1_70' title='bbox 1538 983 1763 1046; x_wconf 82' lang='lat' dir='ltr'><strong>scriptis</strong></span> 
     </span>
     <span class='ocr_line' id='line_1_11' title="bbox 245 1065 1767 1130; baseline 0.003 -17"><span class='ocrx_word' id='word_1_71' title='bbox 245 1065 560 1115; x_wconf 71' lang='lat' dir='ltr'><strong>mentiatur.</strong></span> <span class='ocrx_word' id='word_1_72' title='bbox 631 1065 707 1113; x_wconf 86' lang='lat' dir='ltr'><strong>Et</strong></span> <span class='ocrx_word' id='word_1_73' title='bbox 749 1066 872 1116; x_wconf 86' lang='lat' dir='ltr'><strong>ideo</strong></span> <span class='ocrx_word' id='word_1_74' title='bbox 919 1080 1031 1116; x_wconf 89' lang='lat' dir='ltr'><strong>non</strong></span> <span class='ocrx_word' id='word_1_75' title='bbox 1085 1067 1442 1130; x_wconf 79' lang='lat' dir='ltr'><strong>impugnatur</strong></span> <span class='ocrx_word' id='word_1_76' title='bbox 1496 1081 1528 1116; x_wconf 81' lang='lat' dir='ltr'>a</span> <span class='ocrx_word' id='word_1_77' title='bbox 1572 1066 1767 1118; x_wconf 81' lang='lat' dir='ltr'><strong>docto-</strong></span> 
     </span>
     <span class='ocr_line' id='line_1_12' title="bbox 244 1148 1761 1216; baseline 0.001 -18"><span class='ocrx_word' id='word_1_78' title='bbox 244 1150 396 1198; x_wconf 86' lang='lat' dir='ltr'><strong>ribus</strong></span> <span class='ocrx_word' id='word_1_79' title='bbox 457 1148 603 1213; x_wconf 87' lang='lat' dir='ltr'><strong>quod</strong></span> <span class='ocrx_word' id='word_1_80' title='bbox 660 1148 920 1200; x_wconf 81' lang='lat' dir='ltr'><strong>mandato</strong></span> <span class='ocrx_word' id='word_1_81' title='bbox 976 1149 1325 1214; x_wconf 76' lang='lat' dir='ltr'><strong>imperatoris</strong></span> <span class='ocrx_word' id='word_1_82' title='bbox 1387 1153 1444 1198; x_wconf 91' lang='lat' dir='ltr'><strong>et</strong></span> <span class='ocrx_word' id='word_1_83' title='bbox 1500 1153 1761 1216; x_wconf 70' lang='lat' dir='ltr'><strong>precepto</strong></span> 
     </span>
     <span class='ocr_line' id='line_1_13' title="bbox 244 1233 1767 1300; baseline 0.001 -18"><span class='ocrx_word' id='word_1_84' title='bbox 244 1233 668 1300; x_wconf 81' lang='lat' dir='ltr'><strong>Archiepiscopi</strong></span> <span class='ocrx_word' id='word_1_85' title='bbox 701 1235 1019 1300; x_wconf 77' lang='lat' dir='ltr'><strong>scripserit,</strong></span> <span class='ocrx_word' id='word_1_86' title='bbox 1066 1234 1213 1285; x_wconf 89' lang='lat' dir='ltr'><strong>sicut</strong></span> <span class='ocrx_word' id='word_1_87' title='bbox 1258 1234 1427 1285; x_wconf 82' lang='lat' dir='ltr'><strong>etiam</strong></span> <span class='ocrx_word' id='word_1_88' title='bbox 1471 1235 1579 1298; x_wconf 83' lang='lat' dir='ltr'><strong>ipsi</strong></span> <span class='ocrx_word' id='word_1_89' title='bbox 1625 1236 1767 1284; x_wconf 87' lang='lat' dir='ltr'><strong>scri-</strong></span> 
     </span>
     <span class='ocr_line' id='line_1_14' title="bbox 244 1318 1768 1384; baseline 0 -14"><span class='ocrx_word' id='word_1_90' title='bbox 244 1324 500 1383; x_wconf 83' lang='lat' dir='ltr'><strong>pserunt,</strong></span> <span class='ocrx_word' id='word_1_91' title='bbox 549 1319 646 1369; x_wconf 87' lang='lat' dir='ltr'><strong>sed</strong></span> <span class='ocrx_word' id='word_1_92' title='bbox 680 1319 827 1383; x_wconf 83' lang='lat' dir='ltr'><strong>quod</strong></span> <span class='ocrx_word' id='word_1_93' title='bbox 861 1320 1029 1384; x_wconf 85' lang='lat' dir='ltr'><strong>longe</strong></span> <span class='ocrx_word' id='word_1_94' title='bbox 1064 1319 1237 1368; x_wconf 77' lang='lat' dir='ltr'><strong>latius</strong></span> <span class='ocrx_word' id='word_1_95' title='bbox 1274 1333 1437 1382; x_wconf 87' lang='lat' dir='ltr'><strong>quam</strong></span> <span class='ocrx_word' id='word_1_96' title='bbox 1468 1318 1577 1367; x_wconf 87' lang='lat' dir='ltr'><strong>sibi</strong></span> <span class='ocrx_word' id='word_1_97' title='bbox 1616 1333 1768 1369; x_wconf 81' lang='lat' dir='ltr'><strong>coln-</strong></span> 
     </span>
     <span class='ocr_line' id='line_1_15' title="bbox 245 1401 1767 1468; baseline 0.001 -16"><span class='ocrx_word' id='word_1_98' title='bbox 245 1405 466 1455; x_wconf 83' lang='lat' dir='ltr'><strong>missum</strong></span> <span class='ocrx_word' id='word_1_99' title='bbox 503 1404 642 1468; x_wconf 81' lang='lat' dir='ltr'><strong>fuit,</strong></span> <span class='ocrx_word' id='word_1_100' title='bbox 687 1419 794 1453; x_wconf 81' lang='lat' dir='ltr'><strong>sua</strong></span> <span class='ocrx_word' id='word_1_101' title='bbox 829 1405 1145 1454; x_wconf 80' lang='lat' dir='ltr'><strong>temeritate</strong></span> <span class='ocrx_word' id='word_1_102' title='bbox 1182 1407 1453 1468; x_wconf 77' lang='lat' dir='ltr'><strong>evagatus</strong></span> <span class='ocrx_word' id='word_1_103' title='bbox 1490 1401 1567 1452; x_wconf 83' lang='lat' dir='ltr'><strong>sit</strong></span> <span class='ocrx_word' id='word_1_104' title='bbox 1603 1407 1663 1452; x_wconf 86' lang='lat' dir='ltr'><strong>et</strong></span> <span class='ocrx_word' id='word_1_105' title='bbox 1701 1421 1767 1454; x_wconf 80' lang='lat' dir='ltr'><strong>ea</strong></span> 
     </span>
     <span class='ocr_line' id='line_1_16' title="bbox 245 1486 1755 1555; baseline -0.001 -18"><span class='ocrx_word' id='word_1_106' title='bbox 245 1488 534 1552; x_wconf 75' lang='lat' dir='ltr'><strong>scripserit</strong></span> <span class='ocrx_word' id='word_1_107' title='bbox 577 1489 636 1536; x_wconf 90' lang='lat' dir='ltr'><strong>in</strong></span> <span class='ocrx_word' id='word_1_108' title='bbox 679 1488 927 1537; x_wconf 80' lang='lat' dir='ltr'><strong>favorem</strong></span> <span class='ocrx_word' id='word_1_109' title='bbox 962 1486 1255 1552; x_wconf 75' lang='lat' dir='ltr'><strong>Iudeorum</strong></span> <span class='ocrx_word' id='word_1_110' title='bbox 1302 1502 1409 1555; x_wconf 71' lang='lat' dir='ltr'><strong>que</strong></span> <span class='ocrx_word' id='word_1_111' title='bbox 1458 1487 1572 1538; x_wconf 84' lang='lat' dir='ltr'><strong>sibi</strong></span> <span class='ocrx_word' id='word_1_112' title='bbox 1618 1503 1755 1537; x_wconf 86' lang='lat' dir='ltr'><strong>com-</strong></span> 
     </span>
     <span class='ocr_line' id='line_1_17' title="bbox 244 1569 1047 1636; baseline -0.001 -16"><span class='ocrx_word' id='word_1_113' title='bbox 244 1572 412 1621; x_wconf 79' lang='lat' dir='ltr'><strong>missa</strong></span> <span class='ocrx_word' id='word_1_114' title='bbox 447 1586 558 1620; x_wconf 89' lang='lat' dir='ltr'><strong>non</strong></span> <span class='ocrx_word' id='word_1_115' title='bbox 594 1572 821 1621; x_wconf 76' lang='lat' dir='ltr'><strong>fuerunt</strong></span> <span class='ocrx_word' id='word_1_116' title='bbox 857 1574 932 1620; x_wconf 76' lang='lat' dir='ltr'><strong>‚et</strong></span> <span class='ocrx_word' id='word_1_117' title='bbox 958 1587 1006 1620; x_wconf 91' lang='lat' dir='ltr'><strong>c.</strong></span> <span class='ocrx_word' id='word_1_118' title='bbox 1038 1569 1047 1636; x_wconf 76' lang='grc' dir='ltr'>Ι</span> 
     </span>
    </p>

    <p class='ocr_par' dir='ltr' id='par_1_3' title="bbox 169 1647 1789 2736">
     <span class='ocr_line' id='line_1_18' title="bbox 169 1647 1769 1722; baseline 0 -14"><span class='ocrx_word' id='word_1_119' title='bbox 169 1656 221 1708; x_wconf 58' lang='grc' dir='ltr'>ὦ</span> <span class='ocrx_word' id='word_1_120' title='bbox 351 1647 402 1706; x_wconf 75' lang='lat'><strong>(1</strong></span> <span class='ocrx_word' id='word_1_121' title='bbox 440 1655 640 1720; x_wconf 83' lang='lat' dir='ltr'><strong>Sexto,</strong></span> <span class='ocrx_word' id='word_1_122' title='bbox 675 1659 740 1706; x_wconf 86' lang='lat' dir='ltr'><strong>ut</strong></span> <span class='ocrx_word' id='word_1_123' title='bbox 775 1655 846 1705; x_wconf 80' lang='lat' dir='ltr'><strong>ad</strong></span> <span class='ocrx_word' id='word_1_124' title='bbox 881 1656 997 1706; x_wconf 78' lang='lat' dir='ltr'><strong>alia</strong></span> <span class='ocrx_word' id='word_1_125' title='bbox 1042 1671 1396 1722; x_wconf 77' lang='lat' dir='ltr'><strong>properemus</strong></span> <span class='ocrx_word' id='word_1_126' title='bbox 1444 1657 1661 1710; x_wconf 80' lang='lat' dir='ltr'><strong>Scribit</strong></span> <span class='ocrx_word' id='word_1_127' title='bbox 1708 1675 1769 1708; x_wconf 82' lang='lat' dir='ltr'><strong>se</strong></span> 
     </span>
     <span class='ocr_line' id='line_1_19' title="bbox 247 1740 1761 1809; baseline -0.001 -17"><span class='ocrx_word' id='word_1_128' title='bbox 247 1743 428 1794; x_wconf 85' lang='lat' dir='ltr'><strong>celere</strong></span> <span class='ocrx_word' id='word_1_129' title='bbox 465 1741 598 1806; x_wconf 87' lang='lat' dir='ltr'><strong>quid</strong></span> <span class='ocrx_word' id='word_1_130' title='bbox 633 1740 699 1792; x_wconf 87' lang='lat' dir='ltr'><strong>de</strong></span> <span class='ocrx_word' id='word_1_131' title='bbox 750 1741 1059 1791; x_wconf 83' lang='lat' dir='ltr'><strong>cremandis</strong></span> <span class='ocrx_word' id='word_1_132' title='bbox 1095 1742 1386 1809; x_wconf 77' lang='lat' dir='ltr'><strong>Iudeorum</strong></span> <span class='ocrx_word' id='word_1_133' title='bbox 1432 1742 1593 1792; x_wconf 89' lang='lat' dir='ltr'><strong>libris</strong></span> <span class='ocrx_word' id='word_1_134' title='bbox 1642 1759 1761 1794; x_wconf 82' lang='lat' dir='ltr'><strong>sen-</strong></span> 
     </span>
     <span class='ocr_line' id='line_1_20' title="bbox 245 1825 1773 1890; baseline 0 -14"><span class='ocrx_word' id='word_1_135' title='bbox 245 1828 416 1880; x_wconf 78' lang='lat' dir='ltr'><strong>sisset</strong></span> <span class='ocrx_word' id='word_1_136' title='bbox 451 1831 666 1877; x_wconf 86' lang='lat' dir='ltr'><strong>secreto</strong></span> <span class='ocrx_word' id='word_1_137' title='bbox 691 1827 1032 1890; x_wconf 70' lang='lat' dir='ltr'><strong>patefecisse</strong></span> <span class='ocrx_word' id='word_1_138' title='bbox 1060 1829 1135 1874; x_wconf 87' lang='lat' dir='ltr'><strong>.et</strong></span> <span class='ocrx_word' id='word_1_139' title='bbox 1162 1840 1208 1874; x_wconf 90' lang='lat' dir='ltr'><strong>c.</strong></span> <span class='ocrx_word' id='word_1_140' title='bbox 1267 1827 1390 1876; x_wconf 87' lang='lat' dir='ltr'><strong>Non</strong></span> <span class='ocrx_word' id='word_1_141' title='bbox 1413 1825 1665 1878; x_wconf 83' lang='lat' dir='ltr'><strong>debebat</strong></span> <span class='ocrx_word' id='word_1_142' title='bbox 1688 1831 1773 1878; x_wconf 87' lang='lat' dir='ltr'><strong>in-</strong></span> 
     </span>
     <span class='ocr_line' id='line_1_21' title="bbox 246 1910 1775 1976; baseline -0.001 -15"><span class='ocrx_word' id='word_1_143' title='bbox 246 1927 410 1976; x_wconf 85' lang='lat' dir='ltr'><strong>quam</strong></span> <span class='ocrx_word' id='word_1_144' title='bbox 445 1915 560 1962; x_wconf 81' lang='lat' dir='ltr'><strong>tam</strong></span> <span class='ocrx_word' id='word_1_145' title='bbox 599 1910 780 1962; x_wconf 84' lang='lat' dir='ltr'><strong>celere</strong></span> <span class='ocrx_word' id='word_1_146' title='bbox 817 1911 1130 1976; x_wconf 85' lang='lat' dir='ltr'><strong>scripsisse,</strong></span> <span class='ocrx_word' id='word_1_147' title='bbox 1166 1911 1364 1961; x_wconf 83' lang='lat' dir='ltr'><strong>utiam</strong></span> <span class='ocrx_word' id='word_1_148' title='bbox 1386 1911 1643 1962; x_wconf 78' lang='lat' dir='ltr'><strong>mandati</strong></span> <span class='ocrx_word' id='word_1_149' title='bbox 1667 1914 1775 1962; x_wconf 84' lang='lat' dir='ltr'><strong>im-</strong></span> 
     </span>
     <span class='ocr_line' id='line_1_22' title="bbox 243 1995 1781 2065; baseline -0.003 -16"><span class='ocrx_word' id='word_1_150' title='bbox 243 1997 472 2064; x_wconf 75' lang='lat' dir='ltr'><strong>perialis</strong></span> <span class='ocrx_word' id='word_1_151' title='bbox 497 1997 706 2050; x_wconf 75' lang='lat' dir='ltr'><strong>oblitus</strong></span> <span class='ocrx_word' id='word_1_152' title='bbox 739 1997 800 2047; x_wconf 89' lang='lat' dir='ltr'><strong>in</strong></span> <span class='ocrx_word' id='word_1_153' title='bbox 831 1997 1186 2065; x_wconf 66' lang='lat' dir='ltr'><strong>precipitium</strong></span> <span class='ocrx_word' id='word_1_154' title='bbox 1220 1999 1420 2045; x_wconf 87' lang='lat' dir='ltr'><strong>rueret.</strong></span> <span class='ocrx_word' id='word_1_155' title='bbox 1496 1998 1639 2060; x_wconf 75' lang='lat' dir='ltr'><strong>Quia</strong></span> <span class='ocrx_word' id='word_1_156' title='bbox 1684 1995 1781 2058; x_wconf 82' lang='lat' dir='ltr'><strong>(ut</strong></span> 
     </span>
     <span class='ocr_line' id='line_1_23' title="bbox 245 2078 1774 2150; baseline -0.003 -16"><span class='ocrx_word' id='word_1_157' title='bbox 245 2086 316 2135; x_wconf 83' lang='lat' dir='ltr'><strong>ab</strong></span> <span class='ocrx_word' id='word_1_158' title='bbox 368 2085 497 2136; x_wconf 83' lang='lat' dir='ltr'><strong>aliis</strong></span> <span class='ocrx_word' id='word_1_159' title='bbox 545 2088 676 2135; x_wconf 77' lang='lat' dir='ltr'><strong>ante</strong></span> <span class='ocrx_word' id='word_1_160' title='bbox 709 2087 960 2150; x_wconf 85' lang='lat' dir='ltr'><strong>tempora</strong></span> <span class='ocrx_word' id='word_1_161' title='bbox 998 2079 1209 2147; x_wconf 80' lang='lat' dir='ltr'><strong>audivi)</strong></span> <span class='ocrx_word' id='word_1_162' title='bbox 1258 2079 1541 2146; x_wconf 80' lang='lat' dir='ltr'><strong>Aug-ustus</strong></span> <span class='ocrx_word' id='word_1_163' title='bbox 1576 2078 1774 2129; x_wconf 77' lang='lat' dir='ltr'><strong>dicere</strong></span> 
     </span>
     <span class='ocr_line' id='line_1_24' title="bbox 247 2165 1781 2230; baseline -0.003 -10"><span class='ocrx_word' id='word_1_164' title='bbox 247 2169 470 2220; x_wconf 76' lang='lat' dir='ltr'><strong>solebat</strong></span> <span class='ocrx_word' id='word_1_165' title='bbox 503 2169 734 2218; x_wconf 82' lang='lat' dir='ltr'><strong>Festina</strong></span> <span class='ocrx_word' id='word_1_166' title='bbox 768 2167 946 2214; x_wconf 77' lang='lat' dir='ltr'><strong>tarde.</strong></span> <span class='ocrx_word' id='word_1_167' title='bbox 1010 2167 1169 2228; x_wconf 79' lang='lat' dir='ltr'><strong>Quod</strong></span> <span class='ocrx_word' id='word_1_168' title='bbox 1205 2167 1375 2230; x_wconf 83' lang='lat' dir='ltr'><strong>igitur</strong></span> <span class='ocrx_word' id='word_1_169' title='bbox 1400 2167 1595 2216; x_wconf 89' lang='lat' dir='ltr'><strong>cito·et</strong></span> <span class='ocrx_word' id='word_1_170' title='bbox 1614 2165 1781 2215; x_wconf 78' lang='lat' dir='ltr'><strong>male</strong></span> 
     </span>
     <span class='ocr_line' id='line_1_25' title="bbox 244 2247 1779 2313; baseline -0.003 -10"><span class='ocrx_word' id='word_1_171' title='bbox 244 2254 454 2304; x_wconf 80' lang='lat' dir='ltr'><strong>factum</strong></span> <span class='ocrx_word' id='word_1_172' title='bbox 503 2253 613 2313; x_wconf 83' lang='lat' dir='ltr'><strong>est,</strong></span> <span class='ocrx_word' id='word_1_173' title='bbox 663 2247 997 2312; x_wconf 77' lang='lat' dir='ltr'><strong>quandoque</strong></span> <span class='ocrx_word' id='word_1_174' title='bbox 1042 2253 1107 2296; x_wconf 82' lang='lat' dir='ltr'><strong>ut</strong></span> <span class='ocrx_word' id='word_1_175' title='bbox 1148 2252 1345 2313; x_wconf 79' lang='lat' dir='ltr'><strong>pereat</strong></span> <span class='ocrx_word' id='word_1_176' title='bbox 1389 2253 1475 2302; x_wconf 86' lang='lat' dir='ltr'><strong>est</strong></span> <span class='ocrx_word' id='word_1_177' title='bbox 1508 2263 1779 2300; x_wconf 84' lang='lat' dir='ltr'><strong>necesse.</strong></span> 
     </span>
     <span class='ocr_line' id='line_1_26' title="bbox 241 2333 1777 2404; baseline -0.005 -16"><span class='ocrx_word' id='word_1_178' title='bbox 241 2337 456 2388; x_wconf 84' lang='lat' dir='ltr'><strong>Deinde</strong></span> <span class='ocrx_word' id='word_1_179' title='bbox 495 2338 550 2385; x_wconf 91' lang='lat' dir='ltr'><strong>in</strong></span> <span class='ocrx_word' id='word_1_180' title='bbox 587 2333 855 2404; x_wconf 74' lang='lat' dir='ltr'><strong>predictis</strong></span> <span class='ocrx_word' id='word_1_181' title='bbox 886 2333 1073 2384; x_wconf 74' lang='lat' dir='ltr'><strong>verbis</strong></span> <span class='ocrx_word' id='word_1_182' title='bbox 1110 2333 1264 2383; x_wconf 80' lang='lat' dir='ltr'><strong>aliud</strong></span> <span class='ocrx_word' id='word_1_183' title='bbox 1299 2333 1647 2385; x_wconf 74' lang='lat' dir='ltr'><strong>mendacium</strong></span> <span class='ocrx_word' id='word_1_184' title='bbox 1684 2334 1777 2381; x_wconf 81' lang='lat' dir='ltr'><strong>in-</strong></span> 
     </span>
     <span class='ocr_line' id='line_1_27' title="bbox 246 2417 1783 2486; baseline -0.003 -16"><span class='ocrx_word' id='word_1_185' title='bbox 246 2422 434 2484; x_wconf 86' lang='lat' dir='ltr'><strong>currit,</strong></span> <span class='ocrx_word' id='word_1_186' title='bbox 475 2422 619 2484; x_wconf 86' lang='lat' dir='ltr'><strong>quod</strong></span> <span class='ocrx_word' id='word_1_187' title='bbox 653 2421 720 2471; x_wconf 83' lang='lat' dir='ltr'><strong>de</strong></span> <span class='ocrx_word' id='word_1_188' title='bbox 759 2418 1067 2470; x_wconf 82' lang='lat' dir='ltr'><strong>cremandis</strong></span> <span class='ocrx_word' id='word_1_189' title='bbox 1104 2419 1395 2486; x_wconf 76' lang='lat' dir='ltr'><strong>I-udeorum</strong></span> <span class='ocrx_word' id='word_1_190' title='bbox 1429 2417 1595 2468; x_wconf 82' lang='lat' dir='ltr'><strong>libris</strong></span> <span class='ocrx_word' id='word_1_191' title='bbox 1635 2431 1783 2467; x_wconf 87' lang='lat' dir='ltr'><strong>con·</strong></span> 
     </span>
     <span class='ocr_line' id='line_1_28' title="bbox 243 2502 1783 2567; baseline -0.001 -13"><span class='ocrx_word' id='word_1_192' title='bbox 243 2505 600 2554; x_wconf 72' lang='lat' dir='ltr'><strong>saltationem</strong></span> <span class='ocrx_word' id='word_1_193' title='bbox 635 2505 945 2556; x_wconf 82' lang='lat' dir='ltr'><strong>habendam</strong></span> <span class='ocrx_word' id='word_1_194' title='bbox 984 2505 1263 2567; x_wconf 81' lang='lat' dir='ltr'><strong>insinuat,</strong></span> <span class='ocrx_word' id='word_1_195' title='bbox 1311 2519 1433 2552; x_wconf 86' lang='lat' dir='ltr'><strong>cum</strong></span> <span class='ocrx_word' id='word_1_196' title='bbox 1466 2502 1571 2552; x_wconf 88' lang='lat' dir='ltr'><strong>hoc</strong></span> <span class='ocrx_word' id='word_1_197' title='bbox 1608 2516 1783 2552; x_wconf 84' lang='lat' dir='ltr'><strong>sere-</strong></span> 
     </span>
     <span class='ocr_line' id='line_1_29' title="bbox 241 2587 1785 2653; baseline -0.001 -17"><span class='ocrx_word' id='word_1_198' title='bbox 241 2588 500 2636; x_wconf 84' lang='lat' dir='ltr'><strong>nissimus</strong></span> <span class='ocrx_word' id='word_1_199' title='bbox 537 2592 726 2638; x_wconf 87' lang='lat' dir='ltr'><strong>noster</strong></span> <span class='ocrx_word' id='word_1_200' title='bbox 759 2590 1061 2653; x_wconf 81' lang='lat' dir='ltr'><strong>imperator</strong></span> <span class='ocrx_word' id='word_1_201' title='bbox 1094 2587 1237 2637; x_wconf 88' lang='lat' dir='ltr'><strong>nulli</strong></span> <span class='ocrx_word' id='word_1_202' title='bbox 1272 2601 1513 2650; x_wconf 62' lang='lat' dir='ltr'><strong>unquam</strong></span> <span class='ocrx_word' id='word_1_203' title='bbox 1540 2587 1785 2636; x_wconf 85' lang='lat' dir='ltr'><strong>commi-</strong></span> 
     </span>
     <span class='ocr_line' id='line_1_30' title="bbox 243 2671 1789 2736; baseline -0.001 -15"><span class='ocrx_word' id='word_1_204' title='bbox 243 2672 396 2721; x_wconf 85' lang='lat' dir='ltr'><strong>serit.</strong></span> <span class='ocrx_word' id='word_1_205' title='bbox 470 2672 628 2734; x_wconf 75' lang='lat' dir='ltr'><strong>Quod</strong></span> <span class='ocrx_word' id='word_1_206' title='bbox 665 2674 759 2735; x_wconf 86' lang='lat' dir='ltr'><strong>qui</strong></span> <span class='ocrx_word' id='word_1_207' title='bbox 807 2673 1031 2724; x_wconf 83' lang='lat' dir='ltr'><strong>credere</strong></span> <span class='ocrx_word' id='word_1_208' title='bbox 1076 2671 1345 2734; x_wconf 87' lang='lat' dir='ltr'><strong>noluerit,</strong></span> <span class='ocrx_word' id='word_1_209' title='bbox 1391 2672 1789 2736; x_wconf 78' lang='lat' dir='ltr'><strong>Imperatoria</strong></span> 
     </span>
    </p>
   </div>
  </div>
 </body>
</html>
