1942 3109
60 276 81 313 f
130 249 609 291 »susurremus
644 249 951 289 onsovnon.
977 250 1170 289 vrnon.
1195 234 1514 303 [vn-rantum]
1557 235 1660 287 217

56 402 72 415 ,
134 372 259 421 eos,
302 370 441 421 quos
482 354 641 407 illam
682 355 986 407 incurrisse
1031 354 1378 420 constiterit,
1421 355 1660 409 inviola-

52 425 75 527 ζ,
131 442 329 494 biliter
353 440 657 506 observari,
682 444 741 491 et
762 444 877 491 tam
902 438 1112 492 eisdem
1135 438 1468 507 Ordinariis,
1491 455 1660 506 quam

53 580 65 611 ι
132 525 571 593 parrochialium
616 528 675 577 et
716 524 953 577 aliarum
998 524 1361 579 ecclesiarum
1403 524 1656 579 Rectori-

51 664 67 685 ⁸
130 613 267 674 bus,
314 614 377 662 ut
423 611 675 675 quotiens
720 624 886 675 super
928 610 1034 663 hoc
1078 626 1178 677 pro
1220 615 1382 677 parte
1415 611 1660 663 alicuius

49 715 109 787 5
130 682 545 766 predicatorum
584 696 678 747 vel
731 695 963 747 alterius
1019 694 1226 747 ordinis
1280 696 1516 746 fratrum
1560 699 1660 747 aut

127 781 475 849 generalium
502 780 815 833 Studiorum
851 781 1244 847 magistrorum
1267 780 1326 831 in
1350 778 1658 846 Theologia

50 930 52 934 ι
125 866 340 918 fuerint
375 866 661 929 requisiti,
706 870 997 934 presentes
1042 864 1266 917 litteras
1298 864 1394 917 vel
1431 865 1658 932 aliquod

128 966 202 1002 ex
251 964 440 1001 earum
488 950 789 1005 autenticis
818 951 1256 1016 ·transsumptis,
1309 951 1507 1013 quibus
1554 966 1653 1016 pu·

45 1024 55 1095 s
120 1034 270 1085 blici
314 1033 533 1084 Notarii
576 1033 1010 1099 subscriptione,
1059 1039 1116 1085 et
1164 1034 1405 1085 alicuius
1449 1035 1684 1102 prelati1

45 1106 107 1177 ἰο
128 1119 225 1171 vel
260 1118 427 1189 Curie
464 1118 853 1186 ecclesiastice
898 1117 1086 1185 Sigilli
1127 1120 1490 1184 impressione
1537 1135 1653 1170 mu-

122 1205 265 1257 nitis
306 1204 469 1254 fidem
512 1204 718 1267 ubique
764 1202 1108 1256 decernimus
1154 1202 1545 1268 adhibendam,
1591 1206 1652 1255 in

126 1303 319 1340 eorum
365 1286 619 1338 ecclesiis
676 1287 807 1340 dum
860 1286 1056 1355 populi
1106 1286 1402 1339 multitudo
1459 1304 1524 1339 eo
1581 1288 1652 1339 ad

40 1427 43 1442 ι
121 1373 318 1422 divina
356 1371 694 1438 convenerit,
730 1372 943 1425 duobus
979 1378 1080 1425 aut
1111 1372 1292 1424 tribus
1327 1372 1520 1424 diebus
1556 1372 1651 1425 do-

40 1445 44 1460 '
120 1458 347 1511 minicis
380 1457 473 1509 vel
508 1456 730 1509 festivis
774 1458 1056 1523 publicari
1101 1458 1349 1523 faciant,
1395 1462 1566 1509 etiam
1599 1460 1650 1509 si

48 1559 101 1599 15
124 1542 415 1608 expediat,
472 1558 722 1595 sermone
776 1542 1026 1613 vulgari,
1095 1547 1160 1594 ut
1212 1547 1422 1608 quanto
1481 1544 1647 1596 citius

121 1628 245 1679 fieri
277 1628 479 1692 possit,
517 1628 633 1679 tale
670 1627 971 1681 nefandum
1008 1629 1193 1683 scelus
1230 1628 1374 1692 quod
1405 1630 1647 1698 heresim

38 1773 41 1782 Ι
120 1712 301 1775 sapit,
359 1725 430 1760 ne
474 1711 709 1762 ulterius
764 1717 990 1778 serpat,
1047 1714 1271 1778 penitus
1318 1716 1643 1781 extirpetur.

38 1787 46 1866 ⁴.
116 1794 245 1842 Non
282 1793 633 1844 obstantibus
671 1795 1162 1847 constitutionibus
1199 1800 1257 1846 et
1279 1796 1642 1849 ordinationi-

40 1867 43 1882 ¹
116 1878 226 1928 bus
285 1876 609 1940 apostolicis
671 1876 997 1943 ceterisque
1058 1882 1354 1931 contrariis
1413 1882 1644 1946 quibus-

38 1965 95 2020 :20
116 1973 357 2022 cunque.
436 1960 644 2013 Datum
686 1960 857 2013 Rome
913 1964 1060 2030 apud
1115 1968 1368 2014 sanctum
1414 1966 1640 2017 Petrum

114 2044 232 2097 Sub
247 2044 753 2097 anuloPiscatoris.
768 2046 856 2096 die
871 2063 981 2097 ..xv
998 2048 1294 2099 ,Μαι-ιίἰΜ.
1300 2063 1485 2101 ccccc,
1490 2064 1634 2099 xvir.

108 2126 475 2200 pontificatus
509 2131 685 2180 nostri
718 2130 876 2182 Anno
913 2136 1131 2196 quarto.

1144 2216 1225 2268 Ia.
1253 2214 1564 2270 Sadoletus.

180 2418 227 2451 ²⁰
261 2417 409 2484 apud
434 2421 483 2471 1.
510 2417 579 2467 ad
603 2420 655 2470 2.
