1942 3109
752 219 815 261 35.
842 223 1142 260 wrnnznm
1169 223 1335 260 mur.
1648 211 1750 264 275

211 329 396 378 habet
430 327 661 390 primam
699 326 992 390 syllabam.
1051 328 1355 392 Respondi:
1394 329 1516 395 ‘ego
1551 329 1749 380 distin-

212 429 348 478 guo,
422 412 567 474 Quia
612 415 780 476 prout
824 415 909 462 est
948 413 1258 478 proprium,
1305 414 1477 464 habet
1519 415 1747 480 primam

210 495 632 546 indifferentem
668 495 965 546 secundum
1002 495 1400 548 Alexandrum:

276 579 403 644 „Ad
428 579 701 642 placitum
726 580 856 644 poni
877 581 1220 644 propriorum
1246 581 1422 630 nrulta
1447 583 1692 632 notavi''.

214 663 316 714 sed
361 666 526 727 prout
573 662 825 728 queritur
874 668 1142 726 quantum
1179 663 1350 714 habet
1383 666 1612 728 primam
1649 682 1746 714 na-

214 747 482 798 turaliter
515 745 869 816 respiciendo
908 747 979 796 ad
1003 753 1234 798 naturas
1259 747 1747 813 appellativorum,

212 837 352 881 tune
396 831 573 881 habet
614 830 846 894 primam
887 832 1113 884 brevem
1158 832 1456 883 seeundum
1503 831 1748 883 Alexan—

212 916 371 965 drum
398 914 675 964 dicentem
703 915 847 977 quod
874 931 907 965 a
932 919 1063 966 ante
1097 917 1132 966 b
1171 918 1229 965 in
1263 917 1453 980 primis
1489 917 1747 981 syllabis,

215 999 471 1064 exeeptis
506 997 880 1062 excipiendis,
918 1003 1005 1050 est
1039 1000 1263 1050 brevis'.
1324 1001 1479 1049 Tune
1514 1000 1614 1049 ille
1651 1000 1747 1048 ad-

214 1085 327 1134 huc
361 1083 543 1148 magis
579 1082 776 1132 derisit
810 1099 897 1132 me
928 1086 984 1132 et
1005 1081 1145 1132 dixit
1169 1081 1340 1134 ‘Vade
1367 1087 1427 1133 tu
1453 1081 1747 1133 Colonien·
1777 1114 1784 1119 ·

214 1171 296 1218 sia
344 1166 729 1230 Copulatista,
788 1181 911 1215 eum
956 1171 1052 1217 tuo
1097 1165 1442 1231 Alexandro,
1501 1168 1595 1231 qui
1640 1169 1776 1217 fuit·

214 1252 413 1301 asinus
446 1250 877 1314 ParrhisiensiS,
926 1251 1074 1302 sieut
1121 1251 1299 1300 adhuc
1346 1255 1476 1302 sunt
1518 1251 1743 1317 plures'.

214 1337 293 1385 Et
314 1338 401 1385 sie
424 1335 657 1383 multum
684 1335 1076 1385 scandalizans
1099 1335 1254 1386 illum
1279 1337 1482 1386 bonum
1501 1334 1740 1385 Alexan·

216 1419 377 1469 drum
412 1419 611 1468 abivit.
671 1419 745 1466 Et
782 1417 897 1466 dixi
934 1435 1066 1483 ego:
1105 1417 1261 1469 ‘Cras
1297 1418 1602 1469 videbitis’.
1671 1416 1746 1466 Et

215 1503 285 1553 de
322 1517 489 1552 mane
524 1503 746 1566 portavi
780 1517 946 1552 unum
985 1517 1205 1553 carmen
1254 1501 1399 1566 quod
1446 1501 1772 1572 compilavi·

213 1602 317 1652 per
351 1589 569 1635 noctem
608 1585 665 1633 in
699 1585 917 1636 laudem
942 1586 1272 1650 Alexandri,
1312 1591 1368 1638 et
1399 1587 1559 1636 mitto
1581 1586 1743 1636 vobis

214 1669 545 1733 exemplum.
606 1669 679 1718 Et
704 1669 923 1732 quando
956 1670 1206 1720 dominus
1241 1685 1394 1720 meus
1429 1669 1572 1720 vidit
1605 1668 1743 1716 illud

218 1753 482 1816 Car-men,
529 1757 665 1802 tune
707 1753 963 1804 laudavit
998 1770 1085 1804 me
1122 1757 1179 1804 et
1213 1753 1353 1802 dixit
1389 1753 1520 1802 ‘Iste
1557 1751 1744 1802 socius

224 1841 308 1886 est
354 1853 451 1901 pro
503 1839 626 1886 me'.
706 1839 780 1888 Et
825 1836 966 1886 dixit
1011 1837 1078 1888 ‘O
1124 1837 1450 1900 Wilhelme,
1505 1834 1616 1885 scis
1659 1835 1743 1883 ita

224 1921 518 1986 compilare
564 1922 774 1970 metra?
820 1921 939 1988 Ego
985 1922 1256 1986 ignoravi.
1327 1923 1401 1970 Et
1447 1921 1742 1986 propterea

215 2003 340 2068 plus
374 2005 504 2055 volo
542 2009 596 2055 te
634 2005 869 2070 diligere
907 2005 965 2054 in
1002 2005 1318 2068 posterum'.
1377 2003 1452 2050 Et
1476 2003 1556 2051 sic
1581 2016 1741 2065 spero

214 2089 361 2152 quod
394 2089 523 2139 volo
558 2089 703 2139 bene
740 2092 909 2138 stare.
969 2089 1046 2136 Et
1081 2085 1301 2150 quando
1335 2085 1459 2137 vult
1493 2084 1741 2134 dominus

212 2171 347 2222 deus
386 2172 535 2236 quod
574 2173 803 2236 acquiro
841 2171 1084 2236 aliquid,
1121 2175 1256 2221 tnnc
1279 2157 1478 2222 iter-{im
1501 2169 1630 2220 volo
1654 2185 1739 2219 me

213 2258 468 2307 conferre
508 2255 579 2304 ad
616 2260 833 2320 parteS,
870 2255 1049 2306 fiendo
1086 2256 1377 2320 presbiter.
1431 2256 1632 2307 Valete
1659 2257 1740 2304 iu-

210 2341 373 2404 giter.
444 2341 652 2389 Datum
689 2341 931 2406 Romane
970 2339 1153 2407 Curie.

1339 2736 1441 2782 18*
