1942 3109
276 239 378 289 286
455 253 745 288 anemonae
771 254 1137 289 onscvnoavu
1160 253 1413 290 vmonvn
1438 255 1617 290 novae.

311 358 584 422 Tempora
607 358 872 408 labuntur
895 359 1199 422 tacitisque
1224 356 1563 408 senescimus
1582 359 1766 408 annis.

275 441 424 505 Ergo
481 441 700 504 quando
753 441 925 491 semel
980 440 1160 492 habeo
1212 443 1414 492 bonum
1467 441 1803 507 Apollinem,

276 528 410 573 tunc
445 524 574 574 volo
611 524 824 574 dictare
859 540 1025 574 unum
1054 528 1110 574 et
1134 526 1353 576 mittere
1377 526 1552 576 vobis.
1614 527 1803 576 Etiam

278 608 526 658 scribitis
561 607 697 657 mihi
733 607 880 670 quod
914 607 1089 658 debeo
1112 609 1271 660 vobis
1297 610 1551 672 intimare
1579 609 1805 673 aliquas

277 693 583 752 novitates3
623 691 720 741 sed
756 691 896 741 nihil
933 693 1051 741 scio
1087 693 1198 741 nisi
1236 691 1381 755 quod
1416 696 1547 742 sunt
1568 693 1663 742 hic
1688 696 1805 743 tres

279 775 620 826 excellentes
657 775 927 839 Theologi
965 777 1060 839 qui
1095 777 1307 826 habent
1340 791 1543 842 magna
1578 780 1805 828 nomina

276 861 421 908 inter
455 859 718 908 Almanos
763 859 837 907 Et
879 860 1101 909 faciunt
1144 861 1305 910 nobis
1350 861 1551 910 bonam
1596 861 1805 910 famam

281 947 338 992 et
383 941 724 992 laudabilem
769 958 868 1007 per
913 946 1089 992 totam
1138 943 1379 993 Curiam.
1458 945 1612 993 Duos
1658 944 1833 1010 forte,

279 1029 421 1077 bene
445 1027 681 1076 novistis
697 1065 710 1089 ,
744 1027 1124 1078 Reverendum
1150 1030 1362 1090 patrem
1387 1027 1661 1076 dominum
1684 1027 1810 1077 Ma-

279 1112 511 1175 gistrum
535 1114 782 1160 nostrum
804 1110 1069 1161 Iacobum
1094 1110 1160 1161 de
1184 1111 1589 1174 Hochstraten,
1628 1108 1807 1162 latine

280 1194 348 1244 de
373 1193 506 1243 Alta
531 1194 752 1258 platea,
795 1198 852 1244 et
886 1194 1161 1244 dominum
1196 1194 1519 1258 magistrum
1555 1199 1809 1245 nostrum

279 1277 502 1326 Petrum
527 1277 718 1341 Meyer
740 1279 1037 1341 plebanum
1056 1276 1634 1328 Franckfordiensem.
1674 1279 1810 1330 Ter—

279 1360 394 1410 tius
430 1362 518 1409 est
539 1359 812 1410 Dominus
838 1360 1053 1425 Caspar
1075 1360 1393 1428 predicator
1418 1379 1485 1412 ex
1510 1363 1809 1428 Kempten‚

281 1458 441 1509 sacre
465 1443 770 1510 Theologie
795 1445 1145 1494 Licentiatus
1169 1444 1488 1509 propediem
1506 1445 1806 1512 Magister-

280 1526 635 1576 nostrandus.
707 1527 824 1590 Ipsi
857 1527 1071 1577 habent
1105 1528 1199 1577 hic
1237 1543 1401 1592 agere
1436 1533 1551 1579 tres
1589 1528 1807 1580 Causas

281 1609 580 1660 notabiles.
651 1610 807 1660 Unus
853 1611 1077 1660 scilicet
1110 1611 1382 1676 Magister
1426 1617 1613 1663 noster
1647 1614 1807 1664 Iaco—

278 1695 382 1743 bus
414 1694 589 1743 habet
625 1709 850 1744 causam
885 1694 1013 1746 fidei
1050 1699 1243 1744 contra
1266 1695 1569 1756 Iohannem
1591 1696 1807 1747 Reueh-

279 1778 361 1826 lin
408 1778 504 1840 qui
547 1777 754 1827 dicitur
800 1793 922 1829 esse
969 1778 1267 1844 hereticus.
1348 1780 1421 1828 Et
1463 1781 1625 1830 bene.
1704 1781 1809 1830 Est

281 1863 504 1911 etenim.
579 1859 862 1912 Secundus
907 1861 1082 1912 habet
1129 1861 1367 1914 Causam
1416 1867 1807 1933 competentie,

279 1945 505 1995 scilicet
537 1943 816 2009 Magister
857 1949 1051 1996 noster
1083 1947 1285 1996 Petrus
1334 1951 1528 1996 contra
1566 1947 1809 1998 Canoni-

282 2043 376 2079 cos
421 2027 960 2079 Franckfordienses
1008 2030 1103 2093 qui
1155 2044 1265 2080 non
1318 2031 1516 2081 volunt
1568 2031 1621 2081 ei
1672 2032 1808 2083 dare

270 2110 723 2176 -Gompetentiam
769 2127 952 2162 suam=
1001 2116 1059 2163 et
1104 2129 1233 2179 ergo
1268 2116 1425 2164 venit
1460 2114 1569 2163 huc
1602 2115 1663 2164 in
1701 2114 1808 2166 Cu·

279 2196 419 2244 riam
455 2193 731 2244 tribulans
772 2210 866 2246 eos
901 2197 1247 2248 terribiliter.
1320 2198 1543 2249 Tertius
1580 2198 1809 2249 scilicet

280 2278 531 2328 dominus
557 2276 772 2341 Caspai·
806 2279 980 2330 habet
1016 2295 1241 2330 causam
1280 2283 1429 2331 sacri
1464 2282 1577 2332 olei
1614 2285 1809 2332 contra

281 2361 548 2425 quosdam
593 2361 898 2412 Monachos
945 2363 1042 2426 qui
1075 2364 1355 2414 habitant
1410 2369 1568 2414 extra
1624 2381 1807 2427 muros

282 2445 586 2509 Kempten,
625 2448 682 2495 et
715 2445 926 2496 habent
959 2461 1179 2497 sacrum
1212 2446 1396 2498 oleum
1431 2449 1489 2497 in
1523 2448 1806 2500 Monaste-

281 2529 392 2578 rio:
429 2533 486 2578 et
522 2528 742 2592 quando
777 2530 1027 2580 homines
1062 2531 1267 2580 debent
1292 2531 1498 2594 oleari,
1534 2535 1670 2582 tunc
1695 2549 1805 2583 non

282 2612 519 2663 habetur
554 2626 772 2662 sacrum
807 2614 1008 2664 oleum.
1068 2615 1145 2664 Et
1178 2629 1308 2678 ergo
1343 2616 1596 2682 prefatus
1632 2616 1806 2667 licen·

281 2697 460 2746 tiatus
504 2697 628 2746 vult
660 2697 810 2762 ipsos
845 2697 1149 2748 Monachos
1183 2697 1495 2751 rectificare
1532 2700 1679 2765 quod
1714 2700 1803 2751 de-
