1942 3109
96 254 363 303 onrvnu
395 256 593 294 anun
616 252 891 291 nrrs‘rom
918 254 970 291 n.
999 254 1052 291 n.
1079 242 1262 295 Locr.
1288 254 1342 292 a·
1362 242 1512 297 1518.
1548 240 1649 294 373

91 362 323 430 tamur)
349 363 515 414 rebus
548 374 671 413 sese
706 360 1017 411 immiscere
1053 358 1276 421 divinis,
1312 374 1544 425 quarum
1579 378 1650 415 ne

92 446 399 507 vocabula
435 448 495 498 in
529 446 736 497 scholis
761 445 986 496 illorum
1009 446 1378 511 pronunciare
1403 452 1645 512 possent,

95 546 281 591 taceo
307 532 618 585 remotioris
644 531 1144 619 discipline-sensa
1165 531 1503 597 intelligere.
1543 530 1651 584 Sed

93 628 163 676 in
209 621 363 671 hanc
398 617 780 683 insipientiam
816 615 1023 666 cadunt
1060 614 1220 681 (dicit
1240 617 1360 667 Leo
1393 631 1557 683 papa,
1596 621 1653 668 et

63 708 72 759 ’.
98 706 367 763 habetur
393 716 606 755 ‚xxurn
632 716 685 765 q.
712 716 803 751 111.
834 716 880 752 c.
908 700 1056 764 Quid
1091 700 1298 767 autem)
1337 701 1652 766 quicunque

90 794 178 846 ad
227 787 672 854 cognoscendam
704 787 1007 838 veritatem
1043 784 1234 851 aliquo
1280 786 1654 852 impediuntur

96 882 386 933 obscuro,
441 885 547 922 nec
582 870 653 921 ad
687 870 1046 938 propheticas
1080 885 1273 930 voces,
1311 872 1654 937 apostolicas

96 964 365 1019 litteras,
404 957 765 1023 evangelicas
792 956 1175 1025 auctoritates,
1212 955 1310 1007 sed
1345 957 1416 1007 ad
1453 961 1651 1009 semet-

63 1038 278 1115 'ipsos
324 1042 479 1111 (ceco
528 1046 723 1107 captos
766 1040 986 1104 favore)
1031 1044 1348 1104 recurrunt,
1409 1041 1484 1093 Et
1527 1042 1651 1094 ideo

68 1156 76 1183 ι
98 1128 377 1195 magistri
413 1128 613 1180 erroris
640 1128 907 1191 existunt,
945 1126 1080 1189 quia
1103 1125 1360 1179 veritatis
1385 1124 1652 1193 discipuli

96 1230 233 1269 non
268 1213 508 1265 fuerunt.
574 1213 698 1279 Hee
732 1212 849 1263 ille.
886 1210 1212 1278 Resecande
1239 1210 1408 1276 igitur
1432 1212 1652 1280 putride

102 1312 324 1354 carnes
372 1296 455 1362 (ut
502 1295 695 1349 eodem
737 1298 801 1348 in
852 1295 980 1347 loco
1024 1296 1392 1360 Hieronymus
1443 1296 1548 1361 ait)
1597 1301 1655 1347 et

100 1383 385 1441 scabiosa
423 1382 543 1434 ovis
582 1398 617 1431 a
655 1378 833 1432 caulis
882 1380 1232 1447 repellenda,
1279 1396 1350 1431 ne
1395 1384 1518 1432 tota
1560 1380 1654 1432 do-

63 1466 274 1527 'mus,
321 1481 536 1529 massa,
586 1481 808 1532 corpuS,
859 1471 916 1517 et
950 1480 1180 1531 pecora,
1231 1464 1486 1527 ardeant,
1536 1482 1654 1517 cor-

63 1552 66 1579 ²
98 1555 472 1617 rumpantur,
522 1554 873 1617 putrescant,
925 1553 982 1601 et
1024 1550 1322 1602 intereant.
1395 1552 1554 1615 Quod
1587 1557 1653 1603 ut

64 1634 66 1663 ²
98 1639 433 1706 opportune
482 1639 651 1698 atque
694 1636 1091 1701 quamprimum
1135 1634 1259 1696 fiat,
1319 1638 1653 1689 reverendus

109 1716 385 1788 heretice
420 1717 717 1779 pravitatis
752 1720 1070 1784 inquisitor,
1107 1725 1268 1785 pater
1301 1720 1658 1786 proculdubio

119 1799 547 1875 pientissimus,
594 1800 896 1867 plenusque
942 1809 1000 1854 et
1043 1804 1216 1855 offleii
1263 1809 1320 1856 et
1353 1804 1658 1873 relig-ionis,

126 1884 445 1944 secundam
489 1885 596 1935 tibi
640 1886 863 1937 dedicat
902 1888 1257 1955 Apologiam,
1312 1896 1503 1957 utpote
1539 1893 1659 1943 viro

65 1970 574 2047 >prestantissimo
622 1974 678 2019 et
722 1971 925 2037 optimo
975 1988 1042 2023 ac
1079 1975 1393 2026 invincibili
1427 1977 1651 2027 tandem

104 2056 348 2124 iusticie
384 2059 643 2120 patrono,
684 2056 775 2105 cui
807 2071 1098 2121 perperam
1133 2059 1303 2109 reniti
1337 2062 1547 2127 nephas
1585 2063 1658 2113 sit

107 2143 312 2217 potius
360 2156 522 2206 quam
571 2140 875 2192 eonsilium.
957 2141 1106 2191 Huic
1153 2144 1372 2195 accedit
1413 2150 1512 2196 tua
1555 2146 1659 2197 illa

112 2225 474 2285 admirabilis
511 2230 675 2292 atque
715 2226 785 2277 ab
823 2225 1076 2277 omnibus
1112 2240 1328 2293 semper
1361 2229 1657 2293 laudanda,

111 2311 532 2370 ecelesiasticis
577 2312 870 2380 presertim
912 2312 971 2361 in
1017 2311 1182 2361 rebus
1229 2312 1398 2362 animi
1441 2318 1656 2381 magni·

64 2420 87 2460 5
115 2398 287 2456 tudo,
336 2397 634 2463 singularis
683 2397 817 2446 item
852 2395 1150 2456 modestia,
1201 2410 1410 2448 summa
1445 2413 1659 2467 quoque

108 2491 181 2539 in
222 2482 395 2533 bonos
433 2496 620 2532 omnes
655 2481 996 2549 benignitas,
1035 2487 1091 2532 et
1125 2482 1392 2549 precipua
1427 2486 1661 2553 quedam

110 2572 242 2635 vite
289 2582 357 2618 ac
411 2582 617 2617 morum
672 2568 819 2618 inter
875 2565 1114 2635 ecclesie
1169 2566 1414 2634 prelatos
1473 2570 1658 2622 obser-

112 2652 348 2711 vantia,
397 2652 592 2717 quibus
638 2652 891 2718 profecto
939 2668 1006 2703 ac
1054 2653 1257 2704 ceteris
1302 2652 1500 2704 deinde
1549 2656 1662 2707 vir-

114 2737 367 2800 tutibus,
407 2741 565 2795 extra
602 2747 815 2792 omnem
853 2736 1032 2791 aleam
1069 2738 1287 2809 positis,
1327 2743 1384 2789 et
1418 2739 1523 2795 tibi
1557 2756 1654 2799 na·
