1942 3109
279 213 374 264 114
531 228 822 262 Errs‘mLAE
859 227 1225 264 onscvnonvu
1260 227 1532 262 vmonvn.

273 335 422 384 infra
457 333 670 398 pascha
706 337 762 384 et
795 333 1204 398 penthecostes.
1273 332 1479 382 Iterum
1514 331 1707 382 valete
1746 334 1805 382 et

271 418 447 470 ridete
483 434 716 484 semper.

992 619 1089 678 39.

538 721 926 786 Nicolaus
969 721 1527 786 Luminatoris

534 845 811 896 Domino
857 844 1197 908 Magistro
1247 844 1535 895 Ortvino

761 949 846 997 tot
883 946 1097 996 salutes
1132 947 1326 1010 mittit,

277 1052 412 1114 quot
447 1051 505 1098 in
540 1065 649 1099 uno
688 1064 834 1098 anno
869 1051 1177 1100 nascuntur
1214 1049 1427 1099 culices
1468 1052 1523 1098 et
1560 1049 1802 1113 pulices.

379 1185 696 1238 Scientifice
739 1190 1034 1254 preceptor
1074 1187 1342 1251 magister
1388 1186 1651 1236 Ortvine:
1698 1203 1806 1252 ego

276 1269 528 1336 significo
563 1272 722 1322 vobis
759 1272 948 1335 plures
984 1275 1201 1336 grates,
1251 1287 1415 1336 quam
1464 1271 1645 1322 habeo
1695 1274 1807 1321 cri-

275 1371 376 1406 nes
411 1357 470 1405 in
507 1371 734 1420 corpore
769 1371 916 1420 mee,
965 1355 1112 1420 quod
1158 1355 1391 1406 dedistis
1438 1356 1572 1406 mihi
1620 1359 1805 1408 cousi-

275 1441 410 1492 lium
455 1441 601 1505 quod
647 1441 902 1492 deberem
939 1441 1225 1491 ambulare
1264 1441 1335 1492 ad
1372 1439 1663 1492 Coloniam
1698 1459 1803 1508 pro

275 1525 459 1574 studio
507 1526 578 1575 ad
620 1527 844 1576 bursam
886 1527 1197 1576 Laurentii.
1266 1527 1437 1577 Pater
1479 1541 1633 1578 meus
1692 1529 1805 1578 fuit

277 1610 482 1676 optime
521 1614 845 1675 contentus,
885 1613 940 1662 et
976 1610 1128 1661 dedit
1161 1611 1298 1661 mihi
1334 1627 1401 1661 .x.
1439 1598 1703 1678 florenos,
1744 1618 1803 1664 et

276 1696 408 1747 emit
441 1695 576 1745 mihi
611 1711 778 1746 unam
813 1711 1071 1762 magnam
1107 1711 1343 1762 cappam
1380 1711 1502 1746 cum
1546 1697 1797 1764 liripipio

271 1781 422 1846 nigri
469 1780 690 1831 coloris.
761 1781 828 1831 In
871 1782 1047 1846 primo
1105 1781 1195 1831 die
1256 1781 1475 1844 quando
1532 1783 1667 1832 veni
1726 1784 1797 1834 ad

271 1867 721 1930 universitatem,
766 1869 826 1916 et
871 1865 1104 1930 deposui
1148 1866 1411 1916 beanium
1446 1867 1505 1915 in
1538 1867 1797 1934 predicta

271 1953 458 2014 bursa,
495 1955 630 2000 tunc
664 1951 834 2001 didici
868 1967 1037 2002 unum
1060 1951 1329 2016 notabile,
1368 1949 1515 2014 quod
1538 1967 1651 2002 non
1674 1955 1793 2004 vel·

269 2036 380 2086 lem
425 2050 616 2086 carere
660 2051 759 2102 pro
807 2052 876 2086 .x.
923 2037 1089 2087 albia.
1163 2036 1398 2098 Quidam
1439 2040 1609 2100 poeta
1653 2038 1795 2088 Her-

270 2135 504 2172 mannus
546 2122 822 2172 Busohius
867 2122 1025 2173 venit
1071 2119 1141 2169 ad
1186 2121 1353 2170 istam
1396 2120 1623 2171 bursam
1670 2138 1793 2173 cum

270 2221 370 2256 suo
427 2206 654 2271 negotio
711 2205 782 2255 ad
839 2221 1009 2255 unum
1058 2207 1343 2270 regentem
1389 2205 1791 2259 collateralem.

271 2289 428 2341 Tunc
462 2281 560 2341 ille
595 2291 864 2356 magister
897 2289 1050 2363 dedit
1082 2289 1192 2340 sibi
1238 2305 1458 2340 manum
1502 2306 1689 2356 suam,
1738 2297 1795 2344 et

272 2376 496 2441 excepit
530 2391 653 2426 eum
689 2376 1137 2428 reverentialiter
1171 2374 1395 2426 dicensz
1444 2374 1623 2427 ‘Unde
1658 2379 1793 2428 mihi

269 2461 375 2511 hoc
420 2460 566 2525 quod
609 2465 788 2512 mater
831 2461 1039 2513 domini
1080 2462 1237 2511 venit
1272 2460 1345 2510 ad
1378 2463 1517 2512 me?
1566 2462 1645 2511 Et
1682 2463 1790 2513 Bu-

271 2545 460 2596 schius
492 2546 805 2612 respondit:
844 2545 925 2598 ‘Si
959 2545 1210 2598 dominus
1246 2549 1435 2598 noster
1456 2561 1567 2597 non
1591 2547 1794 2600 habuit

269 2631 639 2695 pulchriorem
672 2636 904 2682 matrem
941 2646 1108 2696 quam
1146 2645 1248 2696 ego
1286 2646 1435 2695 sum,
1474 2636 1626 2682 certe
1664 2634 1791 2699 ipsa

269 2731 381 2766 non
403 2717 512 2767 fuit
533 2716 763 2767 multum
784 2717 1061 2781 pulchra';
1102 2721 1159 2766 et
1192 2732 1301 2767 non
1324 2717 1606 2768 intellexit
1629 2717 1793 2771 illam
