1942 3109
106 237 597 278 anwu'rrouns
634 234 1154 278 onscvnon.vmon.
1185 218 1502 285 [vm-anns]
1541 220 1642 271 265

61 404 69 415 ⁸
106 346 335 395 Poetae
379 356 488 391 non
532 339 873 404 intelligunt.
946 337 1092 402 Quid
1149 354 1278 404 ergo
1333 341 1642 389 nostrarum

113 426 490 493 epistolarum
524 424 789 490 mysteria
824 422 1242 489 intelligerent?
1299 424 1492 488 Neque
1527 424 1644 473 Ari-

61 494 71 527 :
110 511 386 563 stotelem
419 510 478 559 in
516 524 623 562 απ.
659 508 1027 575 physicorum,
1064 522 1243 572 neque
1279 508 1644 573 Porphyrium

61 582 67 613 Ξ·
110 598 177 645 in
214 595 377 647 libris
414 594 481 645 de
518 594 731 659 anima,
777 607 955 657 neque
993 592 1234 660 Esopum
1279 594 1338 643 in
1373 592 1644 659 metaphi-

76 682 261 733 ‚sicis
307 682 562 747 legerunt
596 693 853 744 unquam.
924 676 1147 729 Abeant
1189 678 1387 743 igitur,
1435 691 1643 741 nosque

61 754 69 785 ³
109 780 271 817 more
318 769 505 818 nostro
540 766 749 830 vivere,
778 780 845 817 ac
881 764 1040 827 loqui
1073 764 1415 829 permittant.
1485 762 1656 814 Vale.-

840 934 925 986 44.

336 1018 387 1079 ([
430 1014 758 1079 Trullus
803 1013 1430 1081 Pomivendulus

409 1120 661 1172 Flacco
697 1119 1156 1185 Murilegiano
1196 1119 1268 1170 .S.
1293 1120 1362 1170 D.

67 1238 95 1279 ο
222 1222 403 1273 Audio
460 1220 660 1289 Iudeos
726 1221 957 1272 multum
1025 1221 1193 1288 letari
1257 1221 1323 1273 de
1381 1236 1644 1287 prospero

61 1348 62 1353 ,
116 1322 344 1359 suarum
388 1322 570 1358 rerum
624 1320 907 1357 successu.
979 1304 1200 1371 Legunt
1255 1306 1401 1357 enim
1444 1306 1644 1355 librum

118 1391 397 1455 quendam
442 1390 689 1457 [Ioannis
735 1389 1056 1457 Reuchlini]
1097 1390 1268 1441 talem
1313 1389 1538 1455 qualem
1574 1388 1644 1439 ad

114 1491 363 1527 mensam
416 1476 881 1528 discumbentium
935 1481 994 1526 -et
1050 1477 1108 1525 in
1167 1477 1468 1543 synagogis
1527 1475 1644 1526 suis

116 1561 443 1627 diabolicis,
488 1566 553 1613 ut
596 1561 775 1613 indies
823 1560 1174 1613 Christianos
1220 1560 1536 1625 derideant,
1587 1562 1644 1610 et

70 1658 95 1698 5
120 1647 467 1697 execrabiles
512 1662 639 1697 suos
682 1646 858 1697 libros
897 1644 1116 1698 Christo
1154 1644 1254 1697 deo
1287 1644 1642 1711 blasphemos

61 1786 63 1789 y
116 1731 323 1779 iniuste
368 1733 631 1780 tueantur
677 1745 745 1779 ac
792 1734 1139 1781 conservent.
1211 1731 1395 1791 Quare
1434 1730 1484 1778 si
1516 1742 1640 1794 per-

62 1860 64 1863 4
120 1811 381 1861 ditissimi
437 1812 619 1861 crucis
671 1810 879 1861 Christi
932 1811 1123 1887 hostes
1176 1811 1404 1877 indigne
1461 1814 1518 1863 et
1572 1828 1640 1862 ex

61 1942 65 1955 ,
119 1895 372 1961 ingenita
409 1899 575 1960 atque
611 1895 931 1947 inveterata
964 1896 1194 1947 malicia
1226 1896 1502 1964 letantur,
1539 1910 1638 1945 nos

61 1962 65 1975 ¹
120 1980 402 2045 perpetuis
446 1978 809 2030 lamentemur
850 1980 908 2028 in
953 1980 1198 2030 tenebris
1242 1977 1446 2044 [(modo
1494 1980 1641 2031 salvi

61 2075 106 2117 ιο
128 2080 247 2115 esse
280 2058 665 2129 voluerimus)]
704 2078 934 2113 necesse
984 2066 1086 2113 est.
1155 2063 1242 2113 Ex
1275 2061 1641 2114 Francfordia

126 2153 308 2199 autem
351 2146 628 2197 nundinis.
658 2162 805 2197 nunc
850 2146 1134 2214 Aprilibus
1189 2148 1404 2213 aliquot
1456 2151 1640 2199 tecum

126 2232 373 2285 ocularia
410 2233 616 2297 confer,
653 2236 717 2283 ut
751 2232 801 2282 si
835 2247 945 2283 non
980 2234 1199 2300 mentis,
1237 2233 1520 2285 oculorum
1553 2235 1638 2283 ta-

124 2333 247 2369 men
278 2318 455 2369 visum
491 2320 882 2369 restauremus,
950 2318 1117 2368 Hunc
1163 2318 1340 2369 solum
1374 2319 1640 2370 habemus

124 2405 404 2469 honorem,
476 2404 619 2469 quod
676 2402 834 2471 Iudei
892 2404 949 2453 in
1013 2401 1341 2453 scandalum
1400 2402 1637 2471 ecclesie

60 2499 108 2540 25
129 2490 491 2541 Obscurorum
525 2488 789 2555 epistolas
823 2488 881 2538 in
913 2488 1256 2539 teutonicum
1279 2488 1637 2539 transtulere.

127 2572 263 2625 Vale
295 2579 359 2626 ut
388 2578 564 2641 potes.
602 2591 670 2625 ex
692 2572 935 2624 Dulken.
974 2572 1132 2626 Anno
1165 2572 1636 2640 .M.cccco.xv111.'

194 2711 233 2743 ¹⁶
270 2726 334 2761 ac
359 2716 405 2762 1.
445 2716 613 2777 atque
638 2714 688 2762 2.
