1942 3109
215 238 318 291 388
349 255 422 290 ΕΣ
448 252 820 289 OBSCVBOBVX
843 251 1102 295 vumuvu
1132 249 1369 287 sAvas
1393 249 1705 287 cmBBArvs

83 366 176 416 §.8.
301 376 357 411 u.
399 374 698 413 onrvmvs.
747 358 840 409 Ita
875 373 999 423 quse
1024 360 1257 423 possunt
1282 371 1376 409 eos
1400 356 1739 421 importare?

313 462 372 499 u.
407 459 716 497 Lvronnvs.
777 442 942 494 Certe
986 446 1189 508 parc-at
1240 441 1373 492 mihi
1416 440 1741 507 altissimae,

211 516 272 581 si*
297 546 401 597 ego
436 545 637 597 peccot
683 528 782 580 sed
831 544 933 595 ego
968 528 1191 593 vellem,
1242 525 1385 592 quod
1418 526 1519 577 isti
1554 541 1741 577 omnes

209 617 598 668 latinizatores
645 618 834 667 essent
875 616 933 668 in
980 611 1253 679 profundo
1299 612 1535 677 inferni,
1594 611 1739 663 unde

203 712 490 766 nunquam
523 705 755 766 possent
787 699 1060 751 revenire.

309 802 367 836 n.
405 800 784 837 erneorrnvs.
857 782 1069 835 Sancta
1103 782 1313 845 Maria,
1364 783 1533 834 etiam
1568 782 1739 849 magi-

206 872 309 922 stri
342 871 518 922 nostri
553 869 620 920 de
656 868 938 933 Parisius,
977 868 1075 933 qui
1108 868 1336 933 sapiunt
1362 883 1595 933 arguere
1622 872 1735 918 tam

208 955 608 1021 artificialiter,
648 958 704 1006 et
740 955 837 1019 qui
871 956 1005 1004 sunt
1039 952 1177 1003 adeo
1213 952 1519 1004 illuminati
1556 957 1613 1004 et
1645 968 1733 1003 ze·
1796 942 1801 946 ⁹

203 1042 339 1108 losi,
396 1046 452 1092 et
505 1042 841 1093 renominati
886 1054 987 1105 per
1030 1053 1217 1089 omnes
1262 1038 1501 1104 angulos
1544 1043 1739 1100 terrae,

202 1128 424 1178 faciunt
465 1126 642 1191 male,
689 1124 834 1190 quod
879 1140 991 1175 non
1028 1121 1375 1175 confundunt
1408 1124 1547 1174 istos
1584 1123 1737 1173 ziza-

200 1216 467 1263 uiatores.

93 1303 185 1354 §.a
307 1312 364 1351 κ.
404 1312 700 1350 onrvmvs.
761 1296 920 1347 Iesus
942 1294 1155 1359 Maria,
1192 1309 1299 1345 non
1324 1296 1603 1359 oporteret
1625 1293 1738 1343 nisi

201 1383 393 1434 facere
429 1398 596 1433 unam
631 1396 890 1447 parvam,
936 1394 1169 1444 parvam
1205 1378 1567 1444 quoestionem
1604 1393 1735 1429 con-

201 1472 290 1518 tra
345 1467 515 1517 istum
572 1466 988 1517 latinizatorem
1034 1464 1353 1529 Erasmum,
1414 1463 1558 1528 quod
1610 1463 1734 1529 ipse

201 1555 350 1601 esset
386 1552 577 1601 statim
616 1550 686 1601 ad
720 1554 924 1601 metam
959 1565 1070 1601 non
1105 1549 1278 1615 loqui.

301 1652 362 1687 n.
397 1650 704 1687 nvronnvs.
765 1633 1028 1699 Creditis,
1067 1633 1213 1698 quod
1246 1636 1361 1700 ipsi
1406 1634 1590 1685 sciant
1627 1633 1734 1683 ali-

199 1721 332 1787 quid
365 1720 901 1772 fundamentaliter?

301 1822 358 1857 u.
384 1821 759 1857 amoonrnvs.
783 1803 1339 1857 Fundamentaliter?
1361 1804 1520 1856 Iesus
1531 1804 1732 1871 Maria,

209 1895 268 1942 in
302 1893 452 1944 bona
485 1892 726 1943 veritate
753 1906 855 1957 ego
881 1888 1141 1942 auderem
1165 1892 1309 1942 bene
1333 1905 1537 1955 ponere
1564 1893 1735 1955 caput

208 1994 414 2045 meum,
461 1976 608 2043 quod
637 1976 751 2043 ipsi
787 1992 898 2027 non
933 1977 1119 2027 sciunt
1150 1991 1279 2027 suos
1314 1975 1599 2039 terminos,
1633 1990 1733 2026 ne-

205 2079 314 2130 que
360 2079 490 2114 suas
535 2062 867 2127 summulas,
923 2066 981 2113 et
1034 2060 1303 2126 quomodo
1348 2063 1575 2126 possent
1619 2060 1731 2124 ipsi

196 2146 566 2215 respondere?

68 2238 196 2291 §.10.
299 2250 357 2287 u.
397 2246 698 2284 onrvmvs.
763 2230 1006 2283 Creditis
1054 2231 1199 2297 quod
1248 2232 1433 2282 sciant
1469 2230 1733 2296 syllogis-

195 2320 348 2371 mos?

296 2420 353 2455 u.
391 2416 701 2455 Lvronnvs.
752 2400 997 2453 Creditis
1036 2401 1181 2467 quod
1217 2403 1404 2453 sciant
1428 2400 1733 2452 elenchos?

299 2505 358 2539 n.
388 2504 768 2541 e1noonrnvs.
819 2486 1062 2539 Creditis
1088 2486 1233 2551 quod
1258 2489 1369 2553 ipsi
1392 2488 1580 2537 sciant
1602 2501 1731 2554 pre-

194 2572 509 2625 dicamenta
522 2611 535 2638 ,
574 2573 946 2642 predicabilis
956 2575 983 2623 ?

57 2665 178 2714 §.1¹.
333 2673 387 2709 u.
429 2673 729 2712 oum-VmVS.
792 2658 1035 2709 Creditis
1073 2656 1219 2721 quod
1242 2658 1353 2723 ipsi
1374 2670 1620 2721 unquam
1643 2656 1732 2707 vi-

194 2743 378 2795 derint
412 2742 628 2809 aliquid
652 2742 719 2794 de
758 2744 997 2794 ethicis?
