1942 3109
340 208 460 243 vot..
497 207 534 242 1.
605 201 674 241 κ.
713 201 963 241 Ali-roan
1002 198 1409 239 nuannsumz.
1582 183 1653 236 73

829 373 908 434 26

343 478 754 544 Antonius
798 476 1425 541 Rubenstadius

407 595 750 668 Magistro
779 599 1077 650 Ortvino
1103 591 1345 648 Gratio

119 739 372 790 Salutem
417 755 486 788 ex
533 736 772 788 cordiali
813 736 1027 786 affectu
1062 733 1439 786 amicabiliter
1472 737 1649 799 optat.

120 822 480 876 Venerabilis
511 821 732 873 domine
765 822 1069 887 magister,
1106 819 1305 870 sciatis
1340 819 1490 884 quod
1523 835 1651 886 pro-

117 923 274 960 mmo
303 923 416 958 non
449 907 632 958 habeo
665 910 880 971 tempus
925 905 999 956 ad
1034 904 1385 956 scribendum
1418 906 1485 956 de
1521 905 1651 957 aliis

119 996 288 1044 rebus
311 1006 420 1043 non
439 991 606 1044 vaide
642 991 1003 1056 necessariis,
1040 989 1141 1041 sed
1174 989 1387 1041 tantum
1420 1005 1649 1056 respon-

127 1078 316 1128 deatis
348 1077 480 1124 mihi
514 1077 582 1126 ad
611 1089 786 1126 unam
823 1073 1174 1143 questionem
1209 1089 1375 1139 quam
1408 1077 1493 1125 sie
1526 1091 1653 1141 pro·

119 1177 302 1228 pono.-
340 1161 528 1212 Utrum
561 1159 758 1212 doctor
791 1159 854 1210 in
887 1161 1013 1211 iure
1046 1163 1305 1210 teneatur
1338 1159 1527 1212 faeere
1562 1175 1651 1211 re-

120 1247 430 1298 verentiam
485 1246 758 1311 magistro
803 1248 995 1296 nostro
1041 1246 1143 1310 qui
1182 1259 1295 1296 non
1338 1246 1549 1297 incedit
1590 1248 1651 1297 in

121 1332 340 1382 habitu.
407 1331 518 1380 Eat
551 1334 736 1380 autem
771 1330 1001 1381 habitus
1022 1331 1409 1396 magistrorum
1430 1336 1651 1381 nostro-

121 1429 273 1479 rum,
317 1415 466 1465 sicut
495 1416 687 1478 scitis,
733 1415 1022 1480 caputium
1043 1430 1326 1481 .magnum
1373 1429 1497 1466 cum
1532 1415 1652 1466 liri-

124 1500 298 1566 pipio.
365 1500 472 1550 Est
503 1499 600 1550 hic
634 1514 776 1549 unus
811 1499 1009 1550 doctor
1043 1500 1141 1564 qui
1178 1503 1263 1550 est
1285 1505 1567 1566 promotus
1592 1502 1651 1551 in

121 1588 364 1648 utroque
397 1584 511 1636 iure
547 1589 606 1635 et
639 1584 814 1635 habet
845 1584 1203 1635 inimicitiam
1240 1601 1363 1636 eum
1386 1588 1655 1652 magistro

121 1673 316 1720 nostro
349 1669 518 1720 Petro
539 1669 717 1719 Meier
749 1669 1010 1734 plebano.
1078 1669 1157 1719 Et
1188 1673 1365 1736 nuper
1400 1671 1657 1723 obviavit

123 1754 238 1805 sibi
271 1755 332 1802 in
374 1755 596 1818 platea,
644 1753 867 1818 quando
913 1755 1185 1820 mag-ister
1226 1758 1419 1806 noster
1453 1757 1655 1806 Petrus

122 1853 236 1889 non
277 1838 384 1888 ivit
423 1839 480 1888 in
515 1838 744 1904 habitu,
791 1843 926 1889 tunc
969 1839 1069 1890 ille
1113 1839 1316 1890 iurista
1362 1854 1473 1891 non
1516 1841 1659 1892 feeit

127 1925 182 1974 ei
215 1924 602 1974 reverentiam.
673 1924 750 1974 Et
785 1928 985 1990 postea
1010 1925 1119 1976 fuit
1142 1924 1352 1976 dictum
1374 1925 1521 1990 quod
1544 1940 1657 1977 non

125 2009 268 2058 bene
305 2007 551 2072 fecisset,
591 2009 726 2074 quia
767 2009 938 2060 etiam
971 2009 1025 2060 si
1060 2013 1209 2060 esset
1230 2011 1487 2062 inimicus
1513 2013 1656 2075 eius,

125 2097 318 2142 tamen
363 2091 590 2144 deberet
635 2094 689 2144 ei
733 2095 928 2144 facere
971 2096 1373 2160 reverentiam,
1429 2101 1657 2164 propter

125 2176 384 2228 honorem
427 2193 589 2247 sacre
640 2178 968 2247 Theologie.
1041 2181 1187 2244 Quia
1245 2180 1471 2234 deberet
1530 2197 1654 2236 esse

123 2262 384 2312 inimicus
407 2277 642 2331 persone
669 2269 730 2314 et
751 2279 866 2314 non
899 2263 1158 2332 scientie.
1232 2267 1364 2330 quia
1398 2268 1656 2334 magistri

127 2351 254 2398 sunt
287 2347 346 2396 in
383 2347 510 2398 loco
545 2348 950 2414 apostolorum.
1018 2349 1105 2400 De
1144 2351 1346 2414 quibus
1382 2353 1652 2419 seriptum

131 2437 240 2482 est:
269 2431 470 2495 ‘Quam
495 2433 741 2498 speciosi
765 2431 936 2498 pedes
960 2434 1469 2500 evangelizantium
1486 2438 1655 2500 bona,

127 2517 536 2584 predicantium
593 2519 826 2582 pacem’.
911 2521 1248 2585 quapropter
1304 2521 1353 2570 si
1410 2521 1657 2586 speciosi

127 2605 262 2650 sunt
293 2601 463 2666 pedes
499 2617 714 2667 eorum,
747 2601 974 2667 ‘quanto
1008 2604 1185 2668 magis
1223 2605 1414 2666 capita
1450 2608 1507 2653 et
1540 2619 1656 2652 ma-

126 2701 230 2736 nus
288 2685 498 2736 debent
555 2701 684 2742 esse
738 2687 1016 2750 speciosa.
1107 2685 1185 2731 Et
1239 2684 1459 2732 videtur
1516 2675 1669 2740 quod
1701 2719 1709 2726 .
