1942 3109
317 239 418 295 174
452 251 832 295 rnrnnrconm
854 251 1092 292 narnus.
1115 250 1333 291 com-na
1355 251 1565 290 nuos.
1591 253 1853 293 exam».

320 364 530 429 scelus,
579 367 676 413 aut
719 363 788 414 de
823 363 1021 426 quovis
1058 361 1229 412 etiam
1264 359 1493 409 crimine
1530 373 1637 424 pro
1678 363 1849 412 tribu—

203 435 436 504 ‘lii’nali
465 453 473 514 Ι
505 449 845 501 convictum.
883 445 1029 511 quod
1054 446 1151 510 qui
1175 443 1395 496 credere
1419 443 1698 511 noluerit,
1737 449 1847 511 qui·

320 551 426 600 que
469 534 563 586 vel
608 549 775 599 super
817 533 1045 582 minima
1090 531 1324 580 infamia
1374 528 1601 593 aliquid
1660 534 1845 582 conari

323 622 514 671 eontra
555 635 644 670 me
687 619 951 681 voluerit,
1000 615 1135 665 mihi
1180 629 1367 666 coram
1410 616 1645 667 notario
1684 623 1741 668 et
1770 623 1841 666 te-

319 707 497 757 stibus
533 707 784 770 imponat
821 707 918 754 aut
955 716 1141 753 coram
1178 713 1509 765 quocunqne
1550 701 1735 752 iudice
1754 717 1837 750 me

318 791 484 841 citari
517 790 725 854 faciat,
773 793 830 840 et
875 803 979 855 ego
1022 802 1107 836 me
1156 786 1227 836 ab
1274 785 1422 836 omni
1468 785 1835 837 mediusfidius

315 875 548 941 infamie
593 877 728 922 nota
771 875 1009 924 liberum
1052 870 1297 922 reddam.
1364 871 1635 923 Naturali
1682 872 1839 938 igitur

316 962 434 1011 iure
469 958 675 1025 probus
713 959 929 1009 censeri
953 957 1131 1008 debeo
1156 956 1333 1007 donec
1360 959 1707 1006 contrarium
1728 972 1841 1022 pro-

316 1049 497 1098 betur.
573 1034 624 1093 ([
658 1043 804 1094 Item
849 1044 1045 1108 tertio,
1092 1057 1202 1092 non
1248 1045 1335 1092 est
1384 1041 1719 1092 credendum
1764 1043 1849 1092 illi

317 1132 411 1184 vel
445 1131 588 1192 illis,
627 1131 725 1193 qui
763 1143 866 1178 sua
901 1130 1126 1178 nomina
1161 1142 1272 1177 non
1310 1125 1667 1178 confitentur.-
1713 1144 1849 1192 pos·

320 1219 446 1268 sent
481 1215 626 1266 enim
661 1212 768 1263 tali
801 1212 960 1264 modo
1010 1215 1067 1262 et
1110 1213 1169 1262 in
1216 1227 1485 1262 summum
1528 1211 1850 1278 pontificem

323 1307 379 1354 et
437 1304 494 1350 in
555 1298 855 1367 cesaream
910 1299 1269 1350 Maiestatem
1329 1311 1631 1361 omnesque
1710 1299 1849 1350 alios

319 1385 507 1437 mundi
549 1385 832 1450 principes
877 1384 1221 1448 nequissima
1268 1383 1454 1448 expui.
1540 1373 1593 1433 (I
1642 1385 1847 1448 Quarto

319 1487 430 1522 non
475 1473 561 1520 est
603 1471 797 1518 mirum
843 1470 892 1518 si
934 1468 1094 1535 Iudei
1127 1483 1213 1518 me
1248 1468 1528 1519 infamare
1568 1475 1849 1531 conentur,

323 1569 444 1605 cum
481 1568 584 1619 ego
620 1566 834 1602 omnem
871 1567 1056 1602 eorum
1092 1552 1378 1603 maliciam
1416 1549 1497 1616 (id
1524 1555 1671 1619 quod
1696 1553 1853 1603 Chri-

319 1639 521 1690 stianis
566 1636 704 1703 proh
749 1636 905 1688 dolor
949 1637 1283 1701 quibusdam
1326 1638 1609 1690 immerito
1666 1639 1855 1706 displi—

323 1723 460 1791 cuit)
516 1724 575 1775 in
627 1723 766 1774 meis
817 1722 1103 1787 opusculis
1158 1727 1217 1774 et
1274 1723 1501 1788 scriptis
1564 1727 1857 1777 verissime

321 1811 701 1878 patefecerim.
779 1799 832 1858 (I
867 1809 1094 1873 Quinto,
1130 1801 1361 1858 fuerunt
1396 1806 1505 1859 duo
1542 1808 1742 1880 Iudei,
1780 1815 1859 1876 qui

321 1898 456 1946 mihi
500 1896 638 1945 furti
691 1894 980 1945 infamiam
1026 1894 1309 1958 imponere
1362 1892 1711 1961 voluerunt,
1769 1913 1860 1948 non

322 1986 508 2034 tamen
546 1997 611 2033 eo
646 1979 803 2032 modo
840 1981 902 2030 ut
937 1979 1161 2029 obscuri
1196 1981 1392 2028 contra
1428 1993 1663 2030 omnem
1702 1983 1859 2034 hone-

324 2071 526 2118 statem
571 2066 914 2132 cogitarunt,
962 2063 1059 2114 sed
1104 2078 1172 2113 ex
1216 2061 1431 2114 invidia
1466 2060 1787 2118 dumtaxat
1816 2070 1863 2114 et
1901 2089 1902 2106 2

325 2151 634 2204 execrabili
667 2150 914 2200 malicia.
987 2148 1219 2199 Nomine
1255 2148 1425 2212 igitur
1468 2162 1600 2200 meo
1660 2153 1744 2203 ad
1790 2168 1861 2202 ca·
1901 2173 1902 2176 ¹

322 2249 530 2286 meram
573 2233 919 2298 imperialem
965 2227 1129 2282 citati
1170 2233 1405 2299 triginta
1460 2233 1606 2285 mihi
1672 2251 1863 2290 aureos
1901 2235 1902 2244 ³

323 2320 547 2372 florenos
603 2333 700 2384 pro
747 2316 1007 2382 expensis
1062 2311 1195 2369 dare
1242 2317 1427 2370 coacti
1454 2324 1615 2369 'sunt
1666 2322 1763 2374 ρι’
1785 2337 1861 2389 pu·

322 2407 532 2460 blicam
553 2406 750 2456 facere
776 2403 1213 2468 revocationem,
1252 2403 1421 2454 sicuti
1444 2418 1546 2468 per
1584 2406 1765 2470 ipsos
1798 2411 1861 2457 iu·

325 2491 478 2540 dices
499 2501 716 2556 camere
734 2487 1045 2554 imperialis
1064 2489 1299 2552 probare
1314 2502 1560 2554 possum.
1604 2483 1673 2542 CI
1684 2493 1861 2549 Sexto,

324 2587 411 2621 me
447 2575 640 2622 natum
662 2571 921 2637 profiteor
945 2588 1013 2622 ex
1038 2572 1249 2637 optima
1270 2569 1565 2640 Iudeorilm
1588 2577 1861 2645 progenie

327 2659 384 2704 et
419 2657 490 2705 ab
515 2657 656 2719 ipsis
679 2661 794 2706 tum
817 2656 1004 2724 Iudeis
1028 2655 1193 2709 valde
1224 2662 1469 2708 amatum
1491 2659 1689 2714 fuisse
1706 2703 1722 2728 ,
1760 2662 1859 2713 vel·

326 2741 408 2786 uti
441 2736 692 2790 'testibus
737 2739 953 2792 idoneis
1000 2755 1215 2805 semper
1258 2743 1495 2806 probare
1530 2760 1785 2810 possum
1820 2751 1863 2793 et
