1942 3109
215 203 282 246 63.
297 195 380 252 [1.]
394 207 472 244 10.
485 206 556 242 nn·
571 207 854 244 scnwmn.
866 195 1363 251 64.[2.]v01,wm.n13
1378 209 1625 244 nom-mv.
1646 192 1749 244 359

676 394 761 446 64.
815 393 1175 461 [Appendicis
1210 393 1287 462 2.]

290 512 687 576 Dominus
732 511 1182 576 Volwinius
1228 513 1321 576 de
1364 511 1663 577 Monte-

826 629 1148 696 flascon

173 759 187 772 ·
250 750 653 802 Reverendo
705 750 1041 817 Magistro
1102 751 1365 802 domino
1421 751 1714 803 Ortvino

816 852 1149 904 Gratiano

709 953 974 1016 Eternam
993 922 1278 1002 Salutem.

329 1074 680 1137 Quamquam
702 1087 802 1123 vos
826 1069 1002 1120 nichil
1026 1071 1250 1134 sciatis,
1288 1070 1610 1124 Reverende
1636 1087 1752 1122 ma-

221 1159 425 1224 gister,
462 1161 521 1206 in
556 1157 844 1207 latinitate
881 1155 1129 1223 seculari
1166 1152 1251 1219 (ut
1284 1172 1429 1208 unus
1464 1156 1634 1206 michi
1669 1157 1751 1206 di-

221 1240 362 1307 xit),
407 1247 630 1307 propter
677 1239 824 1305 quod
869 1239 1101 1290 multum
1146 1238 1319 1305 diligo
1364 1257 1495 1306 vos,
1543 1245 1602 1290 et
1645 1257 1755 1292 non

225 1328 436 1376 curatis
471 1341 738 1390 pomposa
773 1325 945 1376 verba
981 1324 1130 1374 sicut
1162 1325 1386 1375 faciunt
1428 1329 1621 1394 poete:
1668 1329 1754 1375 ta-

222 1427 352 1461 men
387 1410 531 1460 alias
569 1410 728 1459 scitis
753 1409 851 1459 ubi
875 1408 1093 1459 debetis
1120 1409 1187 1460 de
1211 1414 1376 1461 nocte
1400 1412 1587 1462 iacere
1614 1409 1751 1475 (sic-

221 1500 290 1544 ut
323 1494 461 1544 dicit
487 1493 722 1559 Sapiens
755 1495 813 1543 in
845 1493 1179 1561 proverbiis)
1216 1495 1293 1545 Et
1325 1510 1435 1547 non
1472 1499 1559 1547 est
1592 1498 1752 1548 nobis

223 1595 434 1644 magna
471 1594 606 1628 cura
643 1578 773 1642 quid
819 1578 1043 1628 faciant
1085 1580 1172 1630 illi
1216 1585 1515 1632 novatores
1560 1581 1750 1632 latini-

226 1663 399 1726 tatis,
437 1662 658 1712 scilicet
691 1663 954 1713 Erasmus
990 1663 1387 1714 Roterodamus
1424 1669 1481 1714 et
1513 1657 1753 1715 Ioannes

225 1746 532 1798 Reuchlin:
578 1747 694 1798 Nec
741 1763 843 1814 ego
891 1763 1025 1798 curo
1069 1765 1192 1812 eos,
1241 1750 1374 1813 quia
1416 1764 1527 1800 non
1564 1753 1651 1800 est
1684 1749 1753 1800 de

233 1833 480 1881 essentia
515 1847 673 1900 sacre
709 1832 1015 1900 scripture,
1036 1833 1187 1883 ‘licet
1221 1834 1341 1899 ipse
1380 1837 1435 1884 et
1460 1834 1630 1884 etiam
1655 1834 1758 1884 alii

230 1929 449 1980 semper
481 1916 675 1969 volunt
709 1916 1024 1982 Theologos
1062 1918 1325 1982 antiquos
1358 1917 1593 1983 plagaro
1632 1933 1755 1968 cum

226 2001 342 2050 ista
387 2000 708 2066 literatura,
759 2005 815 2052 et
861 2002 1051 2053 nescio
1099 2001 1367 2065 quomodo
1412 2002 1522 2067 ipsi
1556 2017 1755 2067 suppo-

226 2089 370 2136 nunt
415 2101 538 2136 cum
583 2101 732 2137 novo
777 2089 1114 2136 testamento
1162 2090 1220 2136 et
1267 2086 1529 2152 operibus
1574 2087 1757 2136 sancti

224 2170 551 2234 Hieronymi
587 2171 734 2236 quod
769 2187 986 2238 semper
1020 2170 1217 2223 volunt
1250 2170 1409 2223 illam
1451 2171 1756 2240 hereticam

225 2255 585 2306 literaturam
619 2257 958 2320 immiscere,
1000 2271 1122 2307 cum
1155 2261 1344 2307 tamen
1368 2256 1525 2307 dicat
1546 2256 1757 2310 Paulus

228 2338 376 2403 quod
413 2339 582 2404 Greci
617 2355 832 2404 semper
867 2342 983 2391 sint
1026 2340 1349 2392 mendacesz
1396 2345 1453 2391 et
1498 2356 1631 2406 ergo
1674 2341 1759 2391 vi-

228 2421 392 2473 detur
429 2437 553 2472 cum
578 2426 1000 2489 supportatione
1026 2426 1348 2476 eximiorum
1371 2425 1759 2490 magistrorum

229 2511 570 2572 nostrorum,
619 2507 766 2573 quod
799 2509 902 2560 illa
939 2509 1235 2559 literatura
1272 2508 1447 2558 nichil
1482 2509 1555 2559 sit
1594 2523 1759 2574 quam

230 2591 600 2642 mendatium}
636 2608 786 2643 nunc
821 2595 1111 2644 subsumo:
1149 2592 1261 2643 Sed
1296 2595 1613 2658 quicunque
1637 2593 1763 2644 vult

237 2675 575 2728 confundere
625 2692 848 2728 sacram
897 2676 1230 2740 scripturam
1272 2675 1607 2736 mendaciis,
1662 2671 1763 2722 ille
