1942 3109
262 209 363 262 202
440 224 729 262 Brutone}
754 225 1120 262 OBSOVBORVB
1143 223 1397 262 VIBOBVH
1423 224 1596 260 ROVAE.

261 331 320 380 in
352 329 448 381 via
482 345 598 382 sua.
660 329 766 382 Sed
799 344 909 380 uon
942 329 1156 380 debetis
1191 328 1324 378 mihi
1357 344 1454 393 pro
1489 328 1636 378 malo
1671 329 1744 378 ha

262 415 393 465 bere
430 415 573 479 quod
606 415 771 467 laudo
798 415 1154 478 Albertistas,
1193 429 1312 464 cum
1347 429 1446 464 voa
1471 415 1606 465 estis
1628 413 1770 464 Tho-

262 500 457 564 mista,
494 501 625 565 quia
660 517 769 551 non
806 504 890 551 est
923 515 1124 564 magna
1157 498 1497 563 differentia,
1543 502 1600 548 et
1633 498 1770 548 mul·

263 587 379 635 tum
418 585 753 638 concordant
785 586 845 636 in
890 584 1188 649 aliquibus.
1259 582 1367 635 Sed
1411 583 1602 634 docto-r
1643 599 1772 634 san-

266 673 389 722 ctus
434 660 527 722 est
563 669 907 737 profundior,
964 673 1024 720 et
1064 670 1170 720 hoc
1213 669 1383 720 habet
1427 685 1495 718 ex
1538 669 1774 733 speciali

262 756 627 821 inspiratione
664 755 1112 822 Spiritussancti:
1147 757 1482 820 quapropter
1503 755 1670 804 etiam
1691 753 1776 804 di-

265 842 625 892 citurDoctor
646 843 891 903 sanctus,
916 840 1168 903 quamvis
1183 839 1458 890 Reuchlin
1480 853 1590 888 non
1609 842 1778 890 vocat

266 941 388 976 eum
424 926 507 976 sic
540 931 600 976 in
634 926 748 976 suis
782 925 1102 990 scripturis,
1139 928 1196 974 et
1228 927 1524 989 propterea
1559 930 1643 972 est
1676 923 1773 989 he-

263 1012 471 1062 reticus
508 1015 565 1062 et
598 1013 823 1062 maneat
845 1011 903 1060 in
925 1011 1142 1061 nomine
1168 1009 1398 1060 diaboli.
1455 1009 1577 1073 Ego
1600 1022 1773 1072 nuper

266 1097 351 1146 fui
383 1097 560 1148 iratus
584 1111 749 1162 super
770 1110 937 1146 unum
958 1094 1220 1146 Iuristam
1246 1093 1341 1158 qui
1363 1092 1612 1144 defendit
1633 1107 1775 1156 eum,

269 1181 343 1230 Et
376 1183 575 1247 scripsi
608 1196 773 1231 unum
811 1194 1031 1231 carmen
1063 1179 1350 1230 metricum
1397 1182 1588 1230 contra
1635 1193 1777 1228 eum.

266 1265 488 1316 Etenim
510 1266 665 1317 soleo
688 1267 971 1331 poeticare
999 1265 1194 1328 etiam,
1221 1262 1438 1327 quando
1461 1279 1580 1313 sum
1604 1262 1778 1327 solus,

268 1366 337 1400 ex
381 1350 513 1402 Arte
566 1349 931 1401 metrificandi
983 1349 1199 1400 Bebelii
1253 1363 1358 1416 que
1411 1352 1496 1400 est
1545 1348 1776 1398 multum

268 1436 507 1487 subtilis.
576 1435 679 1486 Est
714 1438 895 1485 autem
929 1434 1036 1484 hoc
1071 1432 1322 1484 Carmen.

368 1520 734 1584 Astripotenti
768 1519 858 1570 dei
956 1519 1140 1570 Mater
1177 1518 1514 1571 venerabilis
1553 1517 1780 1584 Christi,

471 1605 563 1656 Da
596 1605 854 1670 precibus
890 1604 1087 1654 famuli
1190 1619 1350 1656 aures
1374 1605 1646 1669 benignas
1667 1606 1781 1654 tui:

372 1691 481 1754 Qui
516 1694 571 1740 te
606 1688 756 1754 orat',
792 1689 1000 1753 Maria,
1103 1705 1201 1756 pro
1235 1694 1432 1742 sancta
1455 1689 1779 1755 Theologia,

474 1774 679 1827 Contra
734 1789 901 1840 quam
956 1774 1154 1826 scribit
1252 1775 1523 1826 Reuchlin
1574 1774 1780 1826 Iurista

1069 1859 1275 1925 malus,

372 1947 495 1998 Nou
530 1944 866 1997 clarificatus
966 1960 1070 1996 nec
1105 1944 1338 2011 desuper
1371 1946 1747 2008 illuminatae,

476 2032 730 2095 Qualiter
786 2043 909 2081 esse
964 2029 1132 2082 debet
1233 2032 1328 2096 qui
1381 2031 1504 2083 vult
1557 2031 1786 2096 placere

1073 2117 1193 2166 tibi.

372 2204 519 2270 Ergo
542 2206 695 2252 tuum
712 2205 900 2276 natum
1002 2205 1268 2252 memento
1287 2201 1491 2254 habere
1509 2207 1786 2268 rogatum,

476 2289 555 2340 Ut
588 2287 881 2338 subvenire
983 2286 1122 2337 velit
1155 2286 1284 2337 huic
1319 2288 1582 2338 facultati
1617 2303 1737 2353 sue.

274 2377 348 2425 Et
382 2379 469 2426 est
490 2373 815 2438 Elegiacum
852 2374 908 2421 et
941 2371 1228 2424 scanditur
1251 2373 1396 2423 sicut
1418 2375 1650 2439 primum
1671 2389 1788 2423 me-

277 2470 419 2512 trum
440 2461 499 2510 in
522 2458 719 2510 Boetio
755 2457 1028 2521 incipiens
1065 2455 1342 2508 ‘Carmina
1378 2460 1474 2522 qui
1507 2457 1790 2523 quondam

281 2543 481 2612 [studio
508 2541 679 2610 etc.].’
740 2543 849 2594 Sed
882 2545 1115 2594 nuncius
1149 2559 1260 2594 non
1293 2543 1435 2593 dixit
1469 2543 1603 2594 mihi
1638 2541 1794 2606 quod

276 2631 401 2684 vult
431 2632 515 2681 ita
550 2631 660 2680 cito
695 2629 980 2694 recedere,
1019 2629 1162 2678 alias
1197 2628 1350 2679 volui
1382 2630 1540 2680 vobis
1561 2629 1788 2678 micinae

277 2718 438 2784 plura
473 2719 648 2766 metra
684 2729 789 2781 que
826 2715 1026 2779 scripsi
1059 2729 1157 2777 pro
1192 2713 1514 2765 defensione
1537 2714 1788 2780 ecclesie
