1942 3109
577 263 846 306 mensim
856 265 908 301 rs
936 265 1009 300 nn
1038 263 1297 302 wmtmu.
1606 253 1705 304 177

167 373 600 438 experientiam,
637 371 786 435 quod
823 386 936 422 non
974 373 1063 420 est
1086 371 1384 435 possibile,
1422 373 1569 438 quod
1594 375 1702 423 Pa·

163 475 237 524 pa
263 462 452 523 potest
475 457 827 520 Sententiam
861 455 997 506 dare
1036 459 1232 506 contra
1266 472 1395 520 vos,
1432 459 1567 522 quia
1600 459 1703 510 ha·

159 543 314 594 betis
339 543 611 608 optimam
639 539 902 604 Causam,
942 543 1001 592 et
1026 542 1114 591 est
1138 556 1309 592 causa
1346 541 1493 594 fidei.
1553 543 1703 609 Ergo

163 631 346 678 estote
382 628 560 677 fortes
609 625 668 674 in
711 625 893 678 bello:
941 625 1075 688 quia
1122 623 1260 676 licet
1305 626 1403 675 isti
1448 627 1701 696 fantaste

162 713 360 762 dicunt
401 711 568 762 vobis
615 709 683 760 de
727 709 832 758 illa
875 708 1244 774 inhibitione,
1300 710 1442 760 nihil
1486 711 1703 763 debetis

164 797 302 847 dare
337 811 539 860 supra:
576 795 710 858 quia
745 809 854 844 non
889 794 1065 845 habet
1103 793 1375 845 effectum.
1452 795 1561 846 Sed
1599 813 1702 863 ego

165 897 332 946 spero
367 878 518 944 quod
553 879 742 928 statim
773 878 904 930 volo
935 879 1101 928 vobis
1136 879 1377 933 scribere
1402 879 1579 932 bonas
1604 899 1699 934 no-

162 967 407 1028 vitates,
455 965 590 1027 qnia
635 961 888 1013 dominus
921 963 1199 1028 Magister
1242 969 1430 1015 noster·
1459 966 1703 1018 Iacobus

167 1050 238 1100 de
271 1049 652 1098 Hochstraten
697 1047 842 1098 facit
884 1062 1147 1113 magnam
1190 1047 1557 1115 diligentiam.
1626 1052 1704 1103 Et

178 1147 357 1197 napea·
390 1132 584 1182 habuit
616 1132 928 1183 convivium
965 1136 1027 1182 et
1050 1132 1315 1184 invitavit
1335 1133 1541 1184 multos
1568 1133 1703 1184 Cur-

175 1217 398 1267 tisanos
433 1215 686 1280 antiquos
718 1219 864 1268 bene
903 1217 1397 1283 experimentales,
1438 1222 1497 1269 et
1530 1235 1697 1270 unum

161 1303 500 1368 scriptorem
521 1300 932 1366 Apostolicum‚
974 1301 1069 1365 qui
1096 1306 1181 1352 est
1203 1304 1344 1354 bene
1370 1304 1525 1356 visus
1550 1306 1699 1372 apud

164 1387 620 1451 Sanctissimum,
680 1390 739 1436 et
785 1387 1009 1451 aliquos
1059 1387 1341 1438 auditores
1384 1388 1544 1453 Rotq.
1624 1389 1701 1439 Et

159 1471 322 1523 dedit
355 1471 440 1522 eis
476 1470 760 1522 comedere
797 1469 1079 1536 perdices,
1126 1475 1185 1523 et
1224 1472 1479 1523 fasianos
1526 1477 1585 1524 et
1620 1473 1699 1524 le-

155 1570 324 1623 pores
363 1560 421 1606 et
442 1556 628 1622 pisces
653 1559 906 1607 recentes
921 1595 934 1620 ‚
976 1559 1033 1606 et
1056 1557 1321 1622 optimum
1344 1559 1533 1609 vinum
1560 1559 1694 1610 Cur-

156 1643 338 1692 sicum
375 1657 595 1693 necnon
630 1655 884 1708 grecum,
929 1645 989 1691 et
1030 1640 1289 1692 dixerunt
1326 1657 1514 1693 omnes
1552 1643 1697 1706 quod

153 1727 436 1777 tractavit
483 1741 580 1776 eos
625 1741 751 1775 cum
795 1740 1009 1776 summa
1051 1728 1396 1791 reverentia,
1442 1731 1499 1778 et
1544 1727 1697 1778 dixe-

155 1815 320 1862 runt:
363 1810 496 1862 ‘Per
537 1810 724 1874 deum,
769 1811 880 1860 iste
921 1813 1017 1861 ‘est
1058 1811 1325 1862 notabilis
1360 1812 1697 1876 Theologus.

159 1897 430 1949 Volumus
465 1911 592 1946 esse
638 1910 740 1961 pro
783 1898 946 1961 parte
988 1894 1202 1961 ipsius’.
1274 1895 1351 1945 Et
1396 1895 1479 1946 sic
1525 1897 1702 1947 habet

151 1984 361 2033 bonam
385 1980 750 2047 sperantiam.
801 1979 914 2033 Sed
938 1984 1156 2044 oportet
1180 1980 1533 2046 concludere,
1560 1983 1697 2047 quia

151 2068 394 2118 nuncius
429 2081 544 2118 non
576 2066 702 2117 vult
739 2067 1063 2129 expectare.
1135 2064 1393 2115 Valentis
1441 2069 1497 2116 et
1544 2067 1693 2118 salu-

151 2151 290 2202 tetis
324 2151 458 2202 mihi
495 2167 685 2202 omnes
710 2149 1021 2222 Magistros
1038 2149 1269 2200 Nostros
1306 2153 1365 2200 et
1394 2149 1695 2217 Magistros

154 2241 216 2288 et
247 2236 549 2289 Iohannem
583 2233 967 2289 Pfcfferkorn.
1025 2235 1231 2286 Datum
1265 2235 1453 2306 Rome.

1238 2800 1301 2846 12
