<?xml version="1.0" encoding="UTF-8"?>
<!DOCTYPE html PUBLIC "-//W3C//DTD XHTML 1.0 Transitional//EN"
    "http://www.w3.org/TR/xhtml1/DTD/xhtml1-transitional.dtd">
<html xmlns="http://www.w3.org/1999/xhtml" xml:lang="en" lang="en">
 <head>
  <title>
</title>
<meta http-equiv="Content-Type" content="text/html;charset=utf-8" />
  <meta name='ocr-system' content='tesseract 3.04.00' />
  <meta name='ocr-capabilities' content='ocr_page ocr_carea ocr_par ocr_line ocrx_word'/>
</head>
<body>
  <div class='ocr_page' id='page_1' title='image "./epistolaeobscur00huttgoog_0765.png"; bbox 0 0 1942 3109; ppageno 0'>
   <div class='ocr_carea' id='block_1_1' title="bbox 349 235 1847 290">
    <p class='ocr_par' dir='ltr' id='par_1_1' title="bbox 349 235 1847 290">
     <span class='ocr_line' id='line_1_1' title="bbox 349 235 1847 290; baseline -0.013 -1"><span class='ocrx_word' id='word_1_1' title='bbox 349 235 449 290; x_wconf 80' lang='lat'><strong>304</strong></span> <span class='ocrx_word' id='word_1_2' title='bbox 517 241 987 284; x_wconf 70' lang='lat' dir='ltr'><strong>LAuaurA‘nonns</strong></span> <span class='ocrx_word' id='word_1_3' title='bbox 1024 239 1336 275; x_wconf 66' lang='lat' dir='ltr'><strong>onscvnott.</strong></span> <span class='ocrx_word' id='word_1_4' title='bbox 1366 240 1705 278; x_wconf 59' lang='lat' dir='ltr'><strong>usvenans.</strong></span> <span class='ocrx_word' id='word_1_5' title='bbox 1730 239 1847 275; x_wconf 69' lang='lat' dir='ltr'><strong>nou.</strong></span> 
     </span>
    </p>
   </div>
   <div class='ocr_carea' id='block_1_2' title="bbox 351 343 1849 2782">
    <p class='ocr_par' dir='ltr' id='par_1_2' title="bbox 351 343 1849 2782">
     <span class='ocr_line' id='line_1_2' title="bbox 351 343 1841 414; baseline -0.013 -6"><span class='ocrx_word' id='word_1_6' title='bbox 351 353 781 414; x_wconf 82' lang='lat' dir='ltr'><strong>falsissimisque</strong></span> <span class='ocrx_word' id='word_1_7' title='bbox 851 343 1180 412; x_wconf 82' lang='lat' dir='ltr'><strong>quibusdam</strong></span> <span class='ocrx_word' id='word_1_8' title='bbox 1251 344 1616 410; x_wconf 74' lang='lat' dir='ltr'><strong>invectiviS,</strong></span> <span class='ocrx_word' id='word_1_9' title='bbox 1679 346 1841 396; x_wconf 61' lang='lat' dir='ltr'><strong>extimus</strong></span> 
     </span>
     <span class='ocr_line' id='line_1_3' title="bbox 353 427 1842 511; baseline -0.013 -18"><span class='ocrx_word' id='word_1_10' title='bbox 353 457 495 511; x_wconf 79' lang='lat' dir='ltr'><strong>pene</strong></span> <span class='ocrx_word' id='word_1_11' title='bbox 531 439 715 490; x_wconf 80' lang='lat' dir='ltr'><strong>factus</strong></span> <span class='ocrx_word' id='word_1_12' title='bbox 751 437 872 486; x_wconf 85' lang='lat' dir='ltr'><strong>sum</strong></span> <span class='ocrx_word' id='word_1_13' title='bbox 910 432 980 482; x_wconf 88' lang='lat' dir='ltr'><strong>ab</strong></span> <span class='ocrx_word' id='word_1_14' title='bbox 1016 429 1153 481; x_wconf 86' lang='lat' dir='ltr'><strong>ovili</strong></span> <span class='ocrx_word' id='word_1_15' title='bbox 1186 432 1284 478; x_wconf 88' lang='lat' dir='ltr'><strong>tuo</strong></span> <span class='ocrx_word' id='word_1_16' title='bbox 1310 427 1550 480; x_wconf 78' lang='lat' dir='ltr'><strong>Christi</strong></span> <span class='ocrx_word' id='word_1_17' title='bbox 1584 430 1842 482; x_wconf 65' lang='lat' dir='ltr'><strong>vulneribus</strong></span> 
     </span>
     <span class='ocr_line' id='line_1_4' title="bbox 357 513 1841 595; baseline -0.015 -17"><span class='ocrx_word' id='word_1_18' title='bbox 357 529 546 595; x_wconf 77' lang='lat' dir='ltr'><strong>septo,</strong></span> <span class='ocrx_word' id='word_1_19' title='bbox 589 537 700 572; x_wconf 90' lang='lat' dir='ltr'><strong>non</strong></span> <span class='ocrx_word' id='word_1_20' title='bbox 742 533 966 584; x_wconf 82' lang='lat' dir='ltr'><strong>possum</strong></span> <span class='ocrx_word' id='word_1_21' title='bbox 1000 530 1111 564; x_wconf 89' lang='lat' dir='ltr'><strong>non</strong></span> <span class='ocrx_word' id='word_1_22' title='bbox 1147 527 1379 578; x_wconf 81' lang='lat' dir='ltr'><strong>sperare</strong></span> <span class='ocrx_word' id='word_1_23' title='bbox 1418 517 1487 562; x_wconf 84' lang='lat' dir='ltr'><strong>et</strong></span> <span class='ocrx_word' id='word_1_24' title='bbox 1524 513 1754 566; x_wconf 72' lang='lat' dir='ltr'><strong>firmiter</strong></span> <span class='ocrx_word' id='word_1_25' title='bbox 1780 529 1841 561; x_wconf 55' lang='lat' dir='ltr'><strong>ere»</strong></span> 
     </span>
     <span class='ocr_line' id='line_1_5' title="bbox 357 598 1841 675; baseline -0.011 -13"><span class='ocrx_word' id='word_1_26' title='bbox 357 613 519 675; x_wconf 86' lang='lat' dir='ltr'><strong>dere,</strong></span> <span class='ocrx_word' id='word_1_27' title='bbox 567 607 698 671; x_wconf 86' lang='lat' dir='ltr'><strong>quin</strong></span> <span class='ocrx_word' id='word_1_28' title='bbox 740 605 790 654; x_wconf 85' lang='lat' dir='ltr'><strong>si</strong></span> <span class='ocrx_word' id='word_1_29' title='bbox 823 599 1129 666; x_wconf 84' lang='lat' dir='ltr'><strong>Neophitus</strong></span> <span class='ocrx_word' id='word_1_30' title='bbox 1173 598 1295 664; x_wconf 85' lang='lat' dir='ltr'><strong>ipse</strong></span> <span class='ocrx_word' id='word_1_31' title='bbox 1342 599 1675 651; x_wconf 86' lang='lat' dir='ltr'><strong>veritatem</strong></span> <span class='ocrx_word' id='word_1_32' title='bbox 1716 612 1841 666; x_wconf 73' lang='lat' dir='ltr'><strong>propo-</strong></span> 
     </span>
     <span class='ocr_line' id='line_1_6' title="bbox 358 683 1848 759; baseline -0.012 -12"><span class='ocrx_word' id='word_1_33' title='bbox 358 711 544 759; x_wconf 82' lang='lat' dir='ltr'><strong>suero,</strong></span> <span class='ocrx_word' id='word_1_34' title='bbox 606 695 663 742; x_wconf 87' lang='lat' dir='ltr'><strong>et</strong></span> <span class='ocrx_word' id='word_1_35' title='bbox 711 703 812 755; x_wconf 83' lang='lat' dir='ltr'><strong>per</strong></span> <span class='ocrx_word' id='word_1_36' title='bbox 853 687 1005 737; x_wconf 85' lang='lat' dir='ltr'><strong>viam</strong></span> <span class='ocrx_word' id='word_1_37' title='bbox 1058 683 1271 748; x_wconf 82' lang='lat' dir='ltr'><strong>regiam</strong></span> <span class='ocrx_word' id='word_1_38' title='bbox 1316 683 1686 736; x_wconf 83' lang='lat' dir='ltr'><strong>ambulando</strong></span> <span class='ocrx_word' id='word_1_39' title='bbox 1726 687 1848 734; x_wconf 56' lang='lat' dir='ltr'><strong>instas}</strong></span> 
     </span>
     <span class='ocr_line' id='line_1_7' title="bbox 360 767 1838 838; baseline -0.013 -6"><span class='ocrx_word' id='word_1_40' title='bbox 360 781 476 832; x_wconf 89' lang='lat' dir='ltr'><strong>divi</strong></span> <span class='ocrx_word' id='word_1_41' title='bbox 517 775 683 828; x_wconf 85' lang='lat' dir='ltr'><strong>Pauli</strong></span> <span class='ocrx_word' id='word_1_42' title='bbox 727 783 1069 838; x_wconf 81' lang='lat' dir='ltr'><strong>synagogam</strong></span> <span class='ocrx_word' id='word_1_43' title='bbox 1112 767 1351 833; x_wconf 56' lang='lat' dir='ltr'><strong>sathane</strong></span> <span class='ocrx_word' id='word_1_44' title='bbox 1412 770 1479 817; x_wconf 82' lang='lat' dir='ltr'><strong>et</strong></span> <span class='ocrx_word' id='word_1_45' title='bbox 1532 771 1838 822; x_wconf 73' lang='lat' dir='ltr'>colluvionem</span> 
     </span>
     <span class='ocr_line' id='line_1_8' title="bbox 358 853 1837 932; baseline -0.014 -16"><span class='ocrx_word' id='word_1_46' title='bbox 358 865 646 932; x_wconf 81' lang='lat' dir='ltr'><strong>Iudeorum</strong></span> <span class='ocrx_word' id='word_1_47' title='bbox 672 856 1048 910; x_wconf 80' lang='lat' dir='ltr'>execrabilem</span> <span class='ocrx_word' id='word_1_48' title='bbox 1068 854 1507 915; x_wconf 79' lang='lat' dir='ltr'><strong>tortuosumque</strong></span> <span class='ocrx_word' id='word_1_49' title='bbox 1528 853 1837 919; x_wconf 68' lang='lat' dir='ltr'><strong>labyrinthus:</strong></span> 
     </span>
     <span class='ocr_line' id='line_1_9' title="bbox 361 937 1841 1016; baseline -0.013 -17"><span class='ocrx_word' id='word_1_50' title='bbox 361 966 459 1016; x_wconf 86' lang='lat' dir='ltr'><strong>pro</strong></span> <span class='ocrx_word' id='word_1_51' title='bbox 503 962 628 998; x_wconf 87' lang='lat' dir='ltr'><strong>mea</strong></span> <span class='ocrx_word' id='word_1_52' title='bbox 672 943 953 1011; x_wconf 83' lang='lat' dir='ltr'><strong>parvitate</strong></span> <span class='ocrx_word' id='word_1_53' title='bbox 1000 949 1387 1002; x_wconf 69' lang='lat' dir='ltr'>suppressam,</span> <span class='ocrx_word' id='word_1_54' title='bbox 1440 937 1755 990; x_wconf 78' lang='lat' dir='ltr'><strong>immortale</strong></span> <span class='ocrx_word' id='word_1_55' title='bbox 1782 937 1841 984; x_wconf 74' lang='lat' dir='ltr'><strong>sim</strong></span> 
     </span>
     <span class='ocr_line' id='line_1_10' title="bbox 364 1021 1843 1094; baseline -0.014 -8"><span class='ocrx_word' id='word_1_56' title='bbox 364 1049 487 1085; x_wconf 90' lang='lat' dir='ltr'><strong>cum</strong></span> <span class='ocrx_word' id='word_1_57' title='bbox 529 1030 712 1083; x_wconf 86' lang='lat' dir='ltr'><strong>beatis</strong></span> <span class='ocrx_word' id='word_1_58' title='bbox 767 1027 1035 1094; x_wconf 77' lang='lat' dir='ltr'><strong>premium</strong></span> <span class='ocrx_word' id='word_1_59' title='bbox 1090 1021 1417 1084; x_wconf 80' lang='lat' dir='ltr'><strong>habiturus,</strong></span> <span class='ocrx_word' id='word_1_60' title='bbox 1489 1039 1601 1074; x_wconf 84' lang='lat' dir='ltr'><strong>nec</strong></span> <span class='ocrx_word' id='word_1_61' title='bbox 1642 1026 1843 1074; x_wconf 82' lang='lat' dir='ltr'><strong>minorem</strong></span> 
     </span>
     <span class='ocr_line' id='line_1_11' title="bbox 367 1092 1848 1181; baseline -0.016 -11"><span class='ocrx_word' id='word_1_62' title='bbox 367 1121 536 1171; x_wconf 86' lang='lat' dir='ltr'><strong>etiam</strong></span> <span class='ocrx_word' id='word_1_63' title='bbox 571 1115 810 1181; x_wconf 81' lang='lat' dir='ltr'><strong>gratiam</strong></span> <span class='ocrx_word' id='word_1_64' title='bbox 845 1112 903 1160; x_wconf 90' lang='lat' dir='ltr'><strong>in</strong></span> <span class='ocrx_word' id='word_1_65' title='bbox 938 1105 1115 1159; x_wconf 84' lang='lat' dir='ltr'><strong>oculis</strong></span> <span class='ocrx_word' id='word_1_66' title='bbox 1150 1092 1495 1158; x_wconf 75' lang='lat' dir='ltr'><strong>sanctitatis</strong></span> <span class='ocrx_word' id='word_1_67' title='bbox 1534 1112 1643 1174; x_wconf 71' lang='lat' dir='ltr'><strong>tue.</strong></span> <span class='ocrx_word' id='word_1_68' title='bbox 1694 1108 1848 1156; x_wconf 84' lang='lat' dir='ltr'><strong>Verum</strong></span> 
     </span>
     <span class='ocr_line' id='line_1_12' title="bbox 367 1189 1849 1253; baseline -0.014 0"><span class='ocrx_word' id='word_1_69' title='bbox 367 1203 643 1253; x_wconf 87' lang='lat' dir='ltr'><strong>enimvero</strong></span> <span class='ocrx_word' id='word_1_70' title='bbox 669 1213 790 1248; x_wconf 89' lang='lat' dir='ltr'><strong>cum</strong></span> <span class='ocrx_word' id='word_1_71' title='bbox 827 1195 926 1246; x_wconf 86' lang='lat' dir='ltr'><strong>sub</strong></span> <span class='ocrx_word' id='word_1_72' title='bbox 962 1192 1071 1242; x_wconf 88' lang='lat' dir='ltr'><strong>hoc</strong></span> <span class='ocrx_word' id='word_1_73' title='bbox 1105 1189 1235 1240; x_wconf 88' lang='lat' dir='ltr'><strong>orbe</strong></span> <span class='ocrx_word' id='word_1_74' title='bbox 1260 1189 1459 1240; x_wconf 84' lang='lat' dir='ltr'><strong>lunari</strong></span> <span class='ocrx_word' id='word_1_75' title='bbox 1490 1191 1687 1242; x_wconf 76' lang='lat' dir='ltr'><strong>Christi</strong></span> <span class='ocrx_word' id='word_1_76' title='bbox 1700 1189 1849 1238; x_wconf 69' lang='lat' dir='ltr'><strong>vicem</strong></span> 
     </span>
     <span class='ocr_line' id='line_1_13' title="bbox 366 1272 1843 1354; baseline -0.012 -17"><span class='ocrx_word' id='word_1_77' title='bbox 366 1288 630 1354; x_wconf 81' lang='lat' dir='ltr'><strong>per-beate</strong></span> <span class='ocrx_word' id='word_1_78' title='bbox 667 1283 724 1332; x_wconf 85' lang='lat' dir='ltr'><strong>in</strong></span> <span class='ocrx_word' id='word_1_79' title='bbox 760 1281 922 1332; x_wconf 84' lang='lat' dir='ltr'><strong>terris</strong></span> <span class='ocrx_word' id='word_1_80' title='bbox 958 1291 1140 1342; x_wconf 87' lang='lat' dir='ltr'><strong>geras,</strong></span> <span class='ocrx_word' id='word_1_81' title='bbox 1178 1277 1235 1325; x_wconf 86' lang='lat' dir='ltr'><strong>et</strong></span> <span class='ocrx_word' id='word_1_82' title='bbox 1269 1272 1528 1327; x_wconf 80' lang='lat' dir='ltr'><strong>alterum</strong></span> <span class='ocrx_word' id='word_1_83' title='bbox 1562 1276 1711 1328; x_wconf 81' lang='lat' dir='ltr'><strong>nobis</strong></span> <span class='ocrx_word' id='word_1_84' title='bbox 1730 1273 1843 1323; x_wconf 80' lang='lat' dir='ltr'><strong>deum</strong></span> 
     </span>
     <span class='ocr_line' id='line_1_14' title="bbox 364 1361 1841 1439; baseline -0.014 -17"><span class='ocrx_word' id='word_1_85' title='bbox 364 1370 727 1439; x_wconf 75' lang='lat' dir='ltr'><strong>representes,</strong></span> <span class='ocrx_word' id='word_1_86' title='bbox 752 1376 1110 1430; x_wconf 85' lang='lat' dir='ltr'><strong>personarum</strong></span> <span class='ocrx_word' id='word_1_87' title='bbox 1136 1361 1401 1423; x_wconf 87' lang='lat' dir='ltr'><strong>acceptor</strong></span> <span class='ocrx_word' id='word_1_88' title='bbox 1426 1375 1563 1416; x_wconf 80' lang='lat' dir='ltr'><strong>esse</strong></span> <span class='ocrx_word' id='word_1_89' title='bbox 1598 1377 1707 1413; x_wconf 83' lang='lat' dir='ltr'><strong>non</strong></span> <span class='ocrx_word' id='word_1_90' title='bbox 1724 1363 1841 1426; x_wconf 65' lang='lat' dir='ltr'><strong>potes.</strong></span> 
     </span>
     <span class='ocr_line' id='line_1_15' title="bbox 369 1441 1835 1518; baseline -0.014 -11"><span class='ocrx_word' id='word_1_91' title='bbox 369 1456 477 1508; x_wconf 88' lang='lat' dir='ltr'><strong>Sed</strong></span> <span class='ocrx_word' id='word_1_92' title='bbox 513 1469 620 1518; x_wconf 91' lang='lat' dir='ltr'><strong>quo</strong></span> <span class='ocrx_word' id='word_1_93' title='bbox 655 1467 741 1500; x_wconf 84' lang='lat' dir='ltr'><strong>me</strong></span> <span class='ocrx_word' id='word_1_94' title='bbox 775 1452 991 1500; x_wconf 84' lang='lat' dir='ltr'><strong>vertam</strong></span> <span class='ocrx_word' id='word_1_95' title='bbox 1025 1461 1123 1512; x_wconf 76' lang='lat' dir='ltr'><strong>pre</strong></span> <span class='ocrx_word' id='word_1_96' title='bbox 1158 1443 1393 1493; x_wconf 78' lang='lat' dir='ltr'><strong>dolore?</strong></span> <span class='ocrx_word' id='word_1_97' title='bbox 1432 1445 1671 1508; x_wconf 77' lang='lat' dir='ltr'><strong>Quibus</strong></span> <span class='ocrx_word' id='word_1_98' title='bbox 1704 1441 1835 1508; x_wconf 47' lang='lat' dir='ltr'><strong>suppl*</strong></span> 
     </span>
     <span class='ocr_line' id='line_1_16' title="bbox 370 1527 1848 1596; baseline -0.008 -8"><span class='ocrx_word' id='word_1_99' title='bbox 370 1539 541 1588; x_wconf 81' lang='lat' dir='ltr'><strong>cabo?</strong></span> <span class='ocrx_word' id='word_1_100' title='bbox 613 1536 762 1596; x_wconf 77' lang='lat' dir='ltr'><strong>Quos</strong></span> <span class='ocrx_word' id='word_1_101' title='bbox 797 1530 964 1580; x_wconf 87' lang='lat' dir='ltr'><strong>miser</strong></span> <span class='ocrx_word' id='word_1_102' title='bbox 998 1529 1117 1594; x_wconf 83' lang='lat' dir='ltr'><strong>ipse</strong></span> <span class='ocrx_word' id='word_1_103' title='bbox 1152 1527 1489 1593; x_wconf 79' lang='lat' dir='ltr'><strong>implorem?</strong></span> <span class='ocrx_word' id='word_1_104' title='bbox 1552 1532 1645 1582; x_wconf 85' lang='lat' dir='ltr'><strong>Te</strong></span> <span class='ocrx_word' id='word_1_105' title='bbox 1680 1529 1848 1582; x_wconf 55' lang='lat' dir='ltr'><strong>medius-³</strong></span> 
     </span>
     <span class='ocr_line' id='line_1_17' title="bbox 368 1613 1843 1684; baseline -0.005 -12"><span class='ocrx_word' id='word_1_106' title='bbox 368 1622 526 1672; x_wconf 87' lang='lat' dir='ltr'><strong>fidius</strong></span> <span class='ocrx_word' id='word_1_107' title='bbox 551 1623 766 1684; x_wconf 85' lang='lat' dir='ltr'><strong>patrem</strong></span> <span class='ocrx_word' id='word_1_108' title='bbox 788 1615 1193 1676; x_wconf 84' lang='lat' dir='ltr'><strong>beatissimum,</strong></span> <span class='ocrx_word' id='word_1_109' title='bbox 1230 1627 1395 1676; x_wconf 87' lang='lat' dir='ltr'><strong>quem</strong></span> <span class='ocrx_word' id='word_1_110' title='bbox 1419 1613 1757 1666; x_wconf 78' lang='lat' dir='ltr'><strong>admiranda</strong></span> <span class='ocrx_word' id='word_1_111' title='bbox 1770 1625 1843 1676; x_wconf 79' lang='lat' dir='ltr'><strong>pm·</strong></span> 
     </span>
     <span class='ocr_line' id='line_1_18' title="bbox 367 1698 1835 1764; baseline -0.014 -6"><span class='ocrx_word' id='word_1_112' title='bbox 367 1705 564 1758; x_wconf 84' lang='lat' dir='ltr'><strong>bitatis</strong></span> <span class='ocrx_word' id='word_1_113' title='bbox 600 1702 946 1764; x_wconf 87' lang='lat' dir='ltr'><strong>omniumque</strong></span> <span class='ocrx_word' id='word_1_114' title='bbox 971 1699 1240 1750; x_wconf 84' lang='lat' dir='ltr'><strong>virtutum</strong></span> <span class='ocrx_word' id='word_1_115' title='bbox 1263 1698 1469 1747; x_wconf 82' lang='lat' dir='ltr'><strong>merita.</strong></span> <span class='ocrx_word' id='word_1_116' title='bbox 1500 1703 1560 1750; x_wconf 85' lang='lat' dir='ltr'><strong>et</strong></span> <span class='ocrx_word' id='word_1_117' title='bbox 1586 1700 1835 1758; x_wconf 60' lang='lat' dir='ltr'><strong>incormqts</strong></span> 
     </span>
     <span class='ocr_line' id='line_1_19' title="bbox 368 1779 1849 1860; baseline -0.014 -16"><span class='ocrx_word' id='word_1_118' title='bbox 368 1793 483 1860; x_wconf 74' lang='lat' dir='ltr'><strong>vite</strong></span> <span class='ocrx_word' id='word_1_119' title='bbox 521 1790 836 1855; x_wconf 70' lang='lat' dir='ltr'><strong>integritaS,</strong></span> <span class='ocrx_word' id='word_1_120' title='bbox 873 1784 944 1836; x_wconf 87' lang='lat' dir='ltr'><strong>ad</strong></span> <span class='ocrx_word' id='word_1_121' title='bbox 979 1797 1290 1849; x_wconf 81' lang='lat' dir='ltr'><strong>supremam</strong></span> <span class='ocrx_word' id='word_1_122' title='bbox 1327 1785 1505 1846; x_wconf 79' lang='lat' dir='ltr'><strong>atque</strong></span> <span class='ocrx_word' id='word_1_123' title='bbox 1544 1779 1849 1836; x_wconf 76' lang='lat' dir='ltr'><strong>inaccessibi-</strong></span> 
     </span>
     <span class='ocr_line' id='line_1_20' title="bbox 370 1863 1849 1942; baseline -0.014 -14"><span class='ocrx_word' id='word_1_124' title='bbox 370 1878 478 1928; x_wconf 85' lang='lat' dir='ltr'><strong>lem</strong></span> <span class='ocrx_word' id='word_1_125' title='bbox 521 1890 662 1942; x_wconf 75' lang='lat' dir='ltr'><strong>pene</strong></span> <span class='ocrx_word' id='word_1_126' title='bbox 697 1863 888 1922; x_wconf 84' lang='lat' dir='ltr'><strong>mundi</strong></span> <span class='ocrx_word' id='word_1_127' title='bbox 921 1867 1263 1929; x_wconf 82' lang='lat' dir='ltr'><strong>cathedram,</strong></span> <span class='ocrx_word' id='word_1_128' title='bbox 1323 1866 1444 1917; x_wconf 88' lang='lat' dir='ltr'><strong>iure</strong></span> <span class='ocrx_word' id='word_1_129' title='bbox 1500 1870 1716 1934; x_wconf 83' lang='lat' dir='ltr'><strong>optimo</strong></span> <span class='ocrx_word' id='word_1_130' title='bbox 1750 1873 1849 1916; x_wconf 67' lang='lat' dir='ltr'><strong>extu·</strong></span> 
     </span>
     <span class='ocr_line' id='line_1_21' title="bbox 369 1945 1849 2024; baseline -0.009 -11"><span class='ocrx_word' id='word_1_131' title='bbox 369 1962 578 2024; x_wconf 88' lang='lat' dir='ltr'><strong>lerunt,</strong></span> <span class='ocrx_word' id='word_1_132' title='bbox 626 1956 722 2022; x_wconf 85' lang='lat' dir='ltr'><strong>qui</strong></span> <span class='ocrx_word' id='word_1_133' title='bbox 768 1961 823 2006; x_wconf 85' lang='lat' dir='ltr'><strong>ct</strong></span> <span class='ocrx_word' id='word_1_134' title='bbox 867 1950 1247 2003; x_wconf 82' lang='lat' dir='ltr'><strong>misericordia</strong></span> <span class='ocrx_word' id='word_1_135' title='bbox 1292 1949 1485 2015; x_wconf 80' lang='lat' dir='ltr'><strong>dignis</strong></span> <span class='ocrx_word' id='word_1_136' title='bbox 1524 1954 1792 2013; x_wconf 86' lang='lat' dir='ltr'><strong>misereri,</strong></span> <span class='ocrx_word' id='word_1_137' title='bbox 1823 1945 1849 1994; x_wconf 56' lang='grc' dir='ltr'><strong>εί</strong></span> 
     </span>
     <span class='ocr_line' id='line_1_22' title="bbox 372 2034 1849 2113; baseline -0.012 -15"><span class='ocrx_word' id='word_1_138' title='bbox 372 2045 635 2113; x_wconf 87' lang='lat' dir='ltr'><strong>superbos</strong></span> <span class='ocrx_word' id='word_1_139' title='bbox 680 2039 989 2100; x_wconf 88' lang='lat' dir='ltr'><strong>debellare,</strong></span> <span class='ocrx_word' id='word_1_140' title='bbox 1034 2053 1131 2102; x_wconf 89' lang='lat' dir='ltr'><strong>pro</strong></span> <span class='ocrx_word' id='word_1_141' title='bbox 1176 2039 1273 2084; x_wconf 88' lang='lat' dir='ltr'><strong>tua</strong></span> <span class='ocrx_word' id='word_1_142' title='bbox 1308 2034 1702 2089; x_wconf 84' lang='lat' dir='ltr'><strong>moderatione</strong></span> <span class='ocrx_word' id='word_1_143' title='bbox 1733 2041 1849 2096; x_wconf 70' lang='lat' dir='ltr'><strong>32un</strong></span> 
     </span>
     <span class='ocr_line' id='line_1_23' title="bbox 372 2117 1849 2190; baseline -0.013 -9"><span class='ocrx_word' id='word_1_144' title='bbox 372 2129 600 2181; x_wconf 85' lang='lat' dir='ltr'><strong>iusticia</strong></span> <span class='ocrx_word' id='word_1_145' title='bbox 637 2124 1011 2190; x_wconf 79' lang='lat' dir='ltr'><strong>quamoptime</strong></span> <span class='ocrx_word' id='word_1_146' title='bbox 1047 2119 1311 2170; x_wconf 72' lang='lat' dir='ltr'><strong>didicisti.</strong></span> <span class='ocrx_word' id='word_1_147' title='bbox 1366 2117 1667 2186; x_wconf 84' lang='lat' dir='ltr'><strong>Ceterum,</strong></span> <span class='ocrx_word' id='word_1_148' title='bbox 1700 2118 1849 2172; x_wconf 67' lang='lat' dir='ltr'><strong>beatis</strong></span> 
     </span>
     <span class='ocr_line' id='line_1_24' title="bbox 372 2203 1849 2276; baseline -0.011 -10"><span class='ocrx_word' id='word_1_149' title='bbox 372 2216 507 2266; x_wconf 83' lang='lat' dir='ltr'><strong>sime</strong></span> <span class='ocrx_word' id='word_1_150' title='bbox 543 2215 728 2276; x_wconf 85' lang='lat' dir='ltr'><strong>pater,</strong></span> <span class='ocrx_word' id='word_1_151' title='bbox 775 2211 838 2258; x_wconf 86' lang='lat' dir='ltr'><strong>ut</strong></span> <span class='ocrx_word' id='word_1_152' title='bbox 883 2207 953 2256; x_wconf 87' lang='lat' dir='ltr'><strong>ad</strong></span> <span class='ocrx_word' id='word_1_153' title='bbox 987 2222 1101 2256; x_wconf 89' lang='lat' dir='ltr'><strong>rem</strong></span> <span class='ocrx_word' id='word_1_154' title='bbox 1135 2205 1255 2268; x_wconf 86' lang='lat' dir='ltr'><strong>ipse</strong></span> <span class='ocrx_word' id='word_1_155' title='bbox 1290 2203 1577 2268; x_wconf 80' lang='lat' dir='ltr'><strong>paulatim</strong></span> <span class='ocrx_word' id='word_1_156' title='bbox 1620 2207 1849 2260; x_wconf 78' lang='lat' dir='ltr'><strong>dec-linem</strong></span> 
     </span>
     <span class='ocr_line' id='line_1_25' title="bbox 372 2287 1849 2361; baseline -0.006 -12"><span class='ocrx_word' id='word_1_157' title='bbox 372 2299 674 2361; x_wconf 86' lang='lat' dir='ltr'><strong>Postquam</strong></span> <span class='ocrx_word' id='word_1_158' title='bbox 697 2291 1083 2343; x_wconf 83' lang='lat' dir='ltr'><strong>serenissimus</strong></span> <span class='ocrx_word' id='word_1_159' title='bbox 1108 2287 1653 2357; x_wconf 85' lang='lat' dir='ltr'><strong>nosterImperator,</strong></span> <span class='ocrx_word' id='word_1_160' title='bbox 1679 2291 1849 2344; x_wconf 68' lang='lat' dir='ltr'><strong>omnim]</strong></span> 
     </span>
     <span class='ocr_line' id='line_1_26' title="bbox 372 2371 1849 2443; baseline -0.009 -9"><span class='ocrx_word' id='word_1_161' title='bbox 372 2381 578 2434; x_wconf 81' lang='lat' dir='ltr'><strong>litteris</strong></span> <span class='ocrx_word' id='word_1_162' title='bbox 605 2383 774 2443; x_wconf 87' lang='lat' dir='ltr'><strong>atque</strong></span> <span class='ocrx_word' id='word_1_163' title='bbox 799 2377 1005 2442; x_wconf 84' lang='lat' dir='ltr'><strong>linguis</strong></span> <span class='ocrx_word' id='word_1_164' title='bbox 1032 2371 1395 2435; x_wconf 76' lang='lat' dir='ltr'><strong>extollendus,</strong></span> <span class='ocrx_word' id='word_1_165' title='bbox 1432 2375 1849 2428; x_wconf 67' lang='lat' dir='ltr'><strong>universitatibu&#39;</strong></span> 
     </span>
     <span class='ocr_line' id='line_1_27' title="bbox 377 2457 1849 2530; baseline -0.004 -14"><span class='ocrx_word' id='word_1_166' title='bbox 377 2469 611 2530; x_wconf 84' lang='lat' dir='ltr'><strong>aliquot,</strong></span> <span class='ocrx_word' id='word_1_167' title='bbox 647 2459 1029 2528; x_wconf 74' lang='lat' dir='ltr'><strong>Archipresuli</strong></span> <span class='ocrx_word' id='word_1_168' title='bbox 1066 2459 1233 2508; x_wconf 85' lang='lat' dir='ltr'><strong>etiam</strong></span> <span class='ocrx_word' id='word_1_169' title='bbox 1266 2457 1633 2526; x_wconf 81' lang='lat' dir='ltr'><strong>Moguntino,</strong></span> <span class='ocrx_word' id='word_1_170' title='bbox 1672 2465 1849 2522; x_wconf 75' lang='lat' dir='ltr'><strong>itemqu</strong></span> 
     </span>
     <span class='ocr_line' id='line_1_28' title="bbox 377 2541 1849 2612; baseline -0.004 -15"><span class='ocrx_word' id='word_1_171' title='bbox 377 2553 435 2598; x_wconf 85' lang='lat' dir='ltr'><strong>ct</strong></span> <span class='ocrx_word' id='word_1_172' title='bbox 490 2546 734 2612; x_wconf 79' lang='lat' dir='ltr'><strong>heretice</strong></span> <span class='ocrx_word' id='word_1_173' title='bbox 794 2544 1093 2609; x_wconf 85' lang='lat' dir='ltr'><strong>pravitatis</strong></span> <span class='ocrx_word' id='word_1_174' title='bbox 1149 2541 1502 2605; x_wconf 85' lang='lat' dir='ltr'><strong>Inquisitori‚</strong></span> <span class='ocrx_word' id='word_1_175' title='bbox 1580 2561 1662 2598; x_wconf 77' lang='lat' dir='ltr'><strong>ac</strong></span> <span class='ocrx_word' id='word_1_176' title='bbox 1722 2548 1849 2596; x_wconf 72' lang='lat' dir='ltr'><strong>Ioanl</strong></span> 
     </span>
     <span class='ocr_line' id='line_1_29' title="bbox 376 2623 1849 2697; baseline -0.007 -19"><span class='ocrx_word' id='word_1_177' title='bbox 376 2629 612 2690; x_wconf 88' lang='lat' dir='ltr'><strong>denique</strong></span> <span class='ocrx_word' id='word_1_178' title='bbox 657 2625 958 2688; x_wconf 86' lang='lat' dir='ltr'><strong>Reuchlin‚</strong></span> <span class='ocrx_word' id='word_1_179' title='bbox 1017 2626 1200 2689; x_wconf 86' lang='lat' dir='ltr'><strong>legum</strong></span> <span class='ocrx_word' id='word_1_180' title='bbox 1236 2623 1473 2686; x_wconf 86' lang='lat' dir='ltr'><strong>doctori,</strong></span> <span class='ocrx_word' id='word_1_181' title='bbox 1542 2629 1675 2680; x_wconf 71' lang='lat' dir='ltr'><strong>iam</strong></span> <span class='ocrx_word' id='word_1_182' title='bbox 1710 2630 1849 2697; x_wconf 58' lang='lat' dir='ltr'><strong>pride]</strong></span> 
     </span>
     <span class='ocr_line' id='line_1_30' title="bbox 377 2705 1849 2782; baseline -0.005 -24"><span class='ocrx_word' id='word_1_183' title='bbox 377 2708 782 2771; x_wconf 82' lang='lat' dir='ltr'><strong>demandasset,</strong></span> <span class='ocrx_word' id='word_1_184' title='bbox 803 2711 868 2757; x_wconf 89' lang='lat' dir='ltr'><strong>ut</strong></span> <span class='ocrx_word' id='word_1_185' title='bbox 903 2707 1035 2770; x_wconf 89' lang='lat' dir='ltr'><strong>quid</strong></span> <span class='ocrx_word' id='word_1_186' title='bbox 1070 2707 1135 2758; x_wconf 87' lang='lat' dir='ltr'><strong>de</strong></span> <span class='ocrx_word' id='word_1_187' title='bbox 1170 2707 1328 2757; x_wconf 89' lang='lat' dir='ltr'><strong>libris</strong></span> <span class='ocrx_word' id='word_1_188' title='bbox 1350 2705 1669 2774; x_wconf 67' lang='lat' dir='ltr'><strong>Iudam-um</strong></span> <span class='ocrx_word' id='word_1_189' title='bbox 1698 2716 1849 2782; x_wconf 60' lang='lat' dir='ltr'><strong>quibus</strong></span> 
     </span>
    </p>
   </div>
  </div>
 </body>
</html>
