1942 3109
339 219 442 270 212
483 229 952 268 mannua-mnus
990 227 1297 268 osscvaon.
1320 227 1521 265 vncos.
1554 209 1877 282 [vn-rnna}

1077 439 1113 487 4

497 527 550 587 «1
592 521 1114 587 Bernhardus
1156 515 1735 605 Plumilegius

642 627 891 678 Ioanni
921 622 1250 676 Pellifici
1285 619 1359 673 .S.
1394 621 1460 672 P.
1488 621 1571 676 D.

442 731 595 794 Quas
627 729 764 779 mihi
796 727 998 778 misisti
1029 725 1280 788 litteras,
1304 725 1741 798 ingratissime
1767 730 1865 778 fue·

337 819 479 864 runt.
533 811 811 863 Addidisti
848 811 1090 863 dolorem
1125 809 1321 873 dolori,
1360 813 1420 859 et
1454 811 1865 866 semimortuum

336 915 477 967 pene
513 897 870 949 interfecisti.
905 897 1031 947 Non
1068 900 1157 947 est
1192 894 1509 960 astrologia
1535 912 1692 963 opus
1716 899 1863 949 intuo

337 985 548 1035 somnio
590 980 971 1046 discutiendo,
1018 997 1130 1032 non
1174 983 1232 1029 in
1278 981 1453 1030 astris
1492 996 1586 1032 res
1625 983 1741 1053 hec
1777 985 1863 1034 sita

338 1073 442 1134 est,
479 1067 576 1120 sed
610 1069 669 1119 in
704 1067 981 1118 hominum
1016 1063 1177 1116 nobis
1214 1063 1643 1117 adversantium
1684 1070 1865 1120 volun-

337 1158 474 1207 tate.
544 1153 704 1203 Sume
741 1153 894 1217 prius
932 1153 1202 1213 animum,
1246 1164 1316 1199 ne
1355 1149 1506 1214 quod
1538 1165 1689 1200 nunc
1726 1153 1868 1201 scri-

335 1243 530 1305 pturus
575 1249 722 1303 sum,
775 1239 832 1288 te
882 1236 944 1285 in
988 1239 1195 1286 terram
1238 1238 1585 1300 prosternat.
1646 1235 1865 1288 Intravi

335 1338 510 1388 nuper
555 1321 855 1373 ecclesiam
887 1319 1018 1388 dive
1052 1320 1318 1384 virginis,
1366 1323 1427 1369 et
1474 1333 1608 1370 ecce
1650 1321 1865 1387 quidam

337 1406 652 1458 cucullatus
711 1403 972 1458 sacerdos
990 1445 1003 1471 ‚
1072 1419 1232 1472 sacre
1302 1403 1596 1473 theologie
1662 1405 1863 1468 doctor,

335 1491 584 1541 omnibus
628 1489 752 1540 illic
787 1492 1173 1558 presentibus,
1210 1489 1380 1540 breve
1418 1488 1717 1553 quoddam
1753 1507 1862 1558 apo·

333 1573 590 1626 stolicum
625 1573 889 1640 ostendit,
925 1574 1191 1639 illiusque
1228 1574 1575 1625 sententiam
1598 1578 1867 1629 membra-

331 1660 432 1710 tim
477 1657 806 1711 declaravit
883 1659 1046 1710 Dixit
1090 1664 1276 1710 autem
1328 1659 1386 1709 in
1444 1673 1511 1711 eo
1572 1662 1867 1723 contineri,

337 1745 747 1797 sanctissimum
783 1744 1059 1796 dominum
1094 1748 1345 1794 nostrum
1379 1743 1625 1796 Leonem
1664 1761 1873 1811 papam

332 1831 620 1896 decimum,
656 1831 910 1892 omnibus
945 1830 1105 1881 nobis
1139 1828 1529 1892 maledixisse,
1578 1844 1811 1894 nosque
1846 1845 1868 1879 a

333 1916 486 1966 nullo
521 1917 581 1965 in
617 1916 780 1967 terris
817 1913 1109 1966 sacerdote
1148 1909 1411 1980 (excepta
1448 1920 1641 1965 tamen
1683 1918 1869 1968 mortis

331 2000 490 2068 hora)
539 2001 758 2054 absolvi
805 2013 1051 2066 unquam
1105 2013 1289 2066 posse.
1360 1997 1591 2048 Adiecit
1656 2015 1868 2066 quoque

329 2087 570 2152 idipsum
613 2086 682 2138 de
725 2085 1178 2152 impressoribus,
1236 2081 1631 2136 venditoribus
1700 2091 1755 2138 et
1794 2086 1878 2134 le*

333 2171 580 2222 ctoribus
614 2169 1055 2235 intelligendum.
1126 2168 1257 2220 Alia
1303 2169 1528 2232 insuper
1581 2167 1646 2218 in
1690 2170 1869 2222 eodem

330 2256 488 2306 brevi
545 2253 900 2304 continentur
951 2267 1059 2321 que
1104 2253 1285 2319 magis
1341 2249 1535 2303 auditu
1594 2253 1869 2308 horrenda

331 2343 478 2391 sunt.
515 2338 909 2391 Beatissimum
943 2337 1172 2389 scilicet
1205 2343 1419 2404 patrem
1441 2341 1715 2392 nostrum
1742 2341 1869 2394 Leo-

329 2441 456 2478 nem
493 2425 840 2490 decrevisse,
885 2423 1030 2488 quod
1074 2417 1313 2488 quilibet
1356 2419 1737 2478 Christianus
1784 2427 1869 2480 sub

329 2525 476 2574 pena
519 2509 1109 2560 excommunicationis
1144 2507 1263 2575 late
1299 2507 1607 2575 sententie,
1660 2510 1879 2566 debeat!

397 2657 420 2689 ⁷
451 2657 557 2706 hec
591 2673 678 2707 res
714 2663 763 2711 2.
903 2657 938 2690 ¹¹
980 2674 1154 2724 nuper
1197 2674 1412 2709 sacram
1455 2659 1584 2708 diue
1622 2665 1873 2732 virginis

329 2722 500 2774 edem.
524 2727 590 2810 20!
677 2722 724 2754 ³⁴
758 2737 828 2787 qo
853 2725 1113 2780 chzstiani
1134 2729 1224 2776 oes
1248 2732 1299 2776 2.
1318 2739 1363 2778 s.
1388 2742 1440 2791 p.
1467 2726 1503 2776 Ι.
1518 2734 1571 2776 e‘.
1590 2727 1877 2786 'debeant

1706 3003 1735 3018 Q
