1942 3109
236 171 305 225 88
372 186 749 225 ΡΕΡΕΒῙΟΟΒΝῙ
776 186 1250 223 ΒΕΕΕΝΒ.ΟΟΝΤΒΔ
1275 185 1482 225 unos.
1497 190 1560 225 0.
1577 192 1650 228 V.
1671 197 1814 235 FPP,

102 290 202 359 &ij
226 292 654 345 universitatum
688 295 865 357 patet,
902 293 1000 343 ubi
1029 289 1042 357 Ι
1068 293 1227 343 multi
1261 292 1692 351 iurisconsulti
1715 303 1800 353 al-

230 378 509 443 legantur,
547 377 642 442 qui
664 378 793 428 illos
830 376 1140 442 apostolico
1176 378 1398 429 decreto
1439 382 1798 439 combustos

235 462 532 527 affirmant,
570 463 719 513 sicut
754 462 923 513 etiam
946 461 1374 527 Parrhysienses
1415 463 1478 515 iu
1505 481 1628 519 sua
1659 486 1790 523 sen·

232 548 411 599 tentia
447 550 854 613 expresserunt.
926 546 990 597 Si
1031 548 1202 613 igitur
1245 562 1424 611 neque
1465 550 1786 622 theolog-us

236 648 325 696 ea,
361 637 425 682 ut
458 635 516 682 in
554 631 746 683 eadem
780 632 893 681 ista
928 631 1172 695 epistola
1205 632 1428 696 fateris,
1465 650 1672 702 neque
1695 642 1771 691 1⁶12-

232 717 613 779 recousultus,
670 732 735 768 eo
793 716 937 780 quod
983 715 1326 781 principales
1372 731 1487 769 non
1539 720 1755 789 leg-eris,

233 800 475 851 debebas
521 800 627 849 hoc
676 800 1034 851 consultandi
1083 815 1218 851 onus
1261 800 1600 871 reliquisse,
1651 823 1757 859 nec

230 883 337 935 tibi
372 887 698 951 arroganter
730 885 1062 937 vendicasse
1100 900 1328 949 quorum
1362 889 1636 952 peritiam
1661 908 1772 943 non

232 970 513 1034 habebas,
558 984 739 1035 neque
774 984 1018 1034 unquam
1056 986 1115 1021 es
1151 969 1460 1023 habiturus.
1534 975 1778 1027 Timen-

229 1053 355 1104 dum
404 1059 490 1104 est
536 1055 709 1117 igitur
758 1054 904 1118 quod
954 1058 1050 1103 tua
1103 1055 1370 1120 superbia
1411 1059 1462 1103 te
1515 1056 1775 1121 decepit

235 1141 293 1189 et
336 1136 480 1201 quod
537 1137 717 1203 magis
772 1136 1056 1188 studiosus
1113 1139 1191 1189 sis
1256 1144 1406 1189 circa
1458 1138 1778 1203 prophana

234 1226 291 1273 et
336 1222 479 1275 nihil
528 1222 600 1273 ad
649 1223 949 1275 ecclesiam
997 1224 1336 1289 pertinentia
1383 1238 1556 1287 quam
1607 1226 1778 1279 circa

237 1307 427 1358 divina
475 1311 573 1359 aut
618 1324 687 1357 ea
732 1322 841 1375 que
886 1322 1056 1373 supra
1101 1306 1310 1360 firmam
1351 1310 1580 1373 petram
1632 1319 1771 1364 sunt

236 1390 513 1461 edificata.

337 1466 388 1525 (I
435 1473 737 1525 Undecimo
788 1475 998 1526 Scribit
1040 1476 1099 1526 in
1143 1475 1467 1545 precedenti
1515 1481 1758 1545 epistola

234 1560 379 1626 quod
414 1573 769 1624 nequaquam
794 1560 1302 1626 splendidissimum
1325 1564 1588 1615 nostrum
1613 1582 1762 1631 gym-

232 1647 449 1698 nasium
494 1646 908 1710 contempserit.
980 1645 1037 1695 id
1081 1646 1227 1710 quod
1275 1646 1444 1697 etiam
1483 1650 1632 1701 satis
1670 1667 1764 1701 su-

228 1716 719 1799 perqueostendit
752 1731 813 1780 in
848 1731 964 1781 suis
1005 1730 1073 1779 ad
1107 1745 1208 1779 nos
1234 1731 1510 1797 epistolis,
1551 1736 1616 1785 in
1633 1734 1756 1797 qui-

232 1819 334 1868 bus
370 1831 539 1880 supra
574 1812 791 1863 modum
828 1815 885 1861 et
926 1812 986 1861 in
1033 1811 1216 1879 celum
1261 1810 1451 1877 (prout
1485 1820 1767 1885 oportuit)

234 1900 434 1951 extulit
477 1897 903 1951 universitatem
947 1901 1206 1950 nostram.
1281 1896 1390 1949 Sed
1440 1914 1618 1965 quare
1665 1905 1770 1955 ob-

232 1990 423 2039 secto?
470 1990 533 2039 ut
576 1985 693 2036 suis
736 1983 986 2049 vulpinis
1029 1982 1448 2035 adulationibus
1486 1988 1760 2037 sacratis-

231 2073 367 2139 sime
426 2070 705 2137 theologie
762 2070 1016 2121 doctores
1075 2085 1109 2119 a
1167 2068 1394 2119 iusticia
1453 2072 1766 2123 averteret.

231 2157 435 2207 Verum
470 2169 582 2204 non
619 2156 747 2201 sunt
792 2151 1042 2215 theologi
1085 2154 1194 2217 ipsi
1241 2158 1340 2203 aut
1383 2152 1774 2207 iureconsulti

236 2236 556 2304 (prudentes
594 2233 791 2285 saltem
825 2232 955 2299 viri)
995 2233 1115 2285 eius
1139 2240 1340 2305 nature
1369 2242 1428 2289 ut
1448 2252 1600 2289 more
1620 2255 1774 2300 por-

237 2338 422 2375 corum
458 2323 663 2372 fricent
698 2324 754 2371 et
788 2320 1084 2371 veritatem
1131 2320 1408 2372 deserant.
1477 2318 1604 2385 Ipse
1641 2320 1769 2386 igi-

233 2412 323 2458 tur
356 2409 417 2458 in
460 2422 563 2457 sua
608 2404 913 2457 offensione
964 2402 1310 2469 (defensione
1347 2405 1534 2457 dicere
1567 2404 1768 2473 volui)

235 2506 400 2554 quam
436 2491 607 2540 fuerit
628 2492 975 2553 inconsutam,
1013 2490 1154 2540 levis
1181 2492 1238 2539 et
1259 2491 1546 2552 reprobus,
1582 2494 1772 2553 pauci

235 2576 363 2622 sunt
397 2573 636 2621 omnium
672 2574 767 2634 qui
802 2574 1078 2638 ignorant.

339 2646 392 2705 (s
424 2654 780 2707 Duodecimo.
818 2657 1015 2706 scribit
1036 2654 1156 2707 fieri
1179 2656 1428 2719 potuisse
1454 2654 1608 2718 quod
1632 2661 1772 2710 uul-
