1942 3109
82 270 549 315 maturamus-s
588 266 893 307 onsovnon.
920 270 1111 307 unca.
1140 246 1454 320 [vanans]
1497 255 1594 307 241

80 383 323 440 nostroe,
378 376 474 439 qui
516 375 707 425 Iocum
749 372 851 441 dee
894 372 1128 426 Veneris
1175 370 1355 436 (cuius
1401 376 1458 423 et
1499 363 1598 424 flos

79 460 300 527 tanecle
336 458 543 525 sumus)
580 458 753 508 filium
788 472 911 507 esse
945 457 1190 509 voluere.
1252 456 1397 519 Quid
1430 458 1620 521 igitur·

78 552 195 599 ·isu
219 542 515 595 blandius?
553 541 683 607 quid
706 543 829 592 ioco
863 538 1193 591 iucundius?
1230 540 1361 605 quid
1384 542 1598 592 Venere

77 630 329 693 zuaviu3‚
366 643 473 696 que
497 628 707 693 prolem
730 642 885 677 suam
908 640 1018 676 non
1040 629 1221 691 potest
1244 640 1352 676 non
1378 628 1600 676 amare?

77 717 414 778 Loquautur
448 712 697 778 theologi
730 726 837 779 que
871 710 1077 773 velint,
1114 709 1272 758 nobis
1305 708 1601 759 vivendum

78 805 163 853 est
199 813 348 849 more
383 802 590 849 nostro·
649 797 791 849 Vale
814 797 900 846 Ex
933 798 1118 845 monte
1143 794 1415 843 Parnaso·
1458 792 1602 844 Vale

75 888 327 936 ›bsecrm
398 887 455 930 te
490 884 637 931 enim
674 881 836 931 anxie
882 878 1098 943 deperit
1135 876 1446 942 Calliopeia
1481 877 1600 927 Mu-

73 980 268 1017 sarum
328 965 568 1013 omnium
613 964 791 1012 Musa.
862 962 1070 1012 Iterum
1114 962 1262 1012 vale.
1331 961 1417 1010 Tu
1469 961 1601 1024 quid

72 1048 289 1111 sentis,
355 1048 515 1098 nobis
584 1046 980 1112 quamprimum
1040 1046 1284 1096 rescribe
1347 1042 1424 1109 [et
1483 1049 1602 1095 esto

70 1132 355 1199 Epicurus
388 1128 637 1197 subansJ.

803 1299 887 1351 27.

366 1384 420 1445 {t
462 1381 749 1447 Petrus
794 1380 1325 1446 Olfontianus

324 1484 611 1537 Nicolao
648 1482 1044 1537 Haversack
1084 1482 1157 1538 ,8.
1196 1482 1259 1533 P.
1295 1484 1364 1535 D.
1458 1536 1466 1541 ,

180 1584 346 1637 Multi
377 1604 475 1638 nos
514 1590 890 1650 contemnunt,
926 1586 1157 1650 Nicolae‚
1195 1590 1256 1635 at
1291 1601 1391 1636 nos
1428 1586 1602 1637 Thra-

67 1685 271 1725 sonem
304 1685 597 1734 sequamur
630 1671 929 1735 gloriosum
967 1674 1024 1721 et
1047 1670 1102 1719 id
1126 1686 1298 1735 genus
1322 1671 1600 1721 hominum

64 1760 235 1813 leve,
278 1752 423 1815 quod
457 1754 540 1801 rei
572 1753 782 1820 ludicre
817 1753 1126 1818 pallentem
1170 1753 1439 1817 impendit
1471 1770 1603 1818 ope-

66 1848 227 1895 ram,
276 1847 453 1898 eaque
499 1836 856 1898 gravissimas
904 1836 1086 1901 abigit
1121 1851 1150 1885 e
1185 1840 1368 1885 mente
1418 1851 1598 1887 curas.

69 1916 309 1970 Salibus
344 1916 591 1966 fruamur
626 1921 683 1967 et
715 1918 868 1981 ioco,
904 1920 1020 1969 risu
1057 1920 1243 1982 etiam,
1283 1920 1333 1969 si
1367 1935 1598 1971 necesse

71 2004 186 2055 est.
260 1996 555 2065 [Convitiis
600 2014 819 2065 quoque
866 2004 923 2051 et
954 2002 1320 2065 blasphemiis
1353 2007 1599 2059 nostrum

68 2086 281 2154 parcat
313 2082 511 2146 nemo]
585 2082 943 2134 comedamus
988 2084 1212 2149 insuper
1258 2089 1314 2134 et
1347 2086 1598 2137 bibamus

67 2174 137 2221 in
186 2164 459 2216 charitate
512 2181 623 2217 non
677 2166 824 2217 ficta.
895 2167 1140 2217 Patritos
1196 2168 1374 2218 adhuc
1417 2170 1600 2221 imitor

69 2263 287 2302 mores:
324 2249 481 2313 bibo,
516 2252 734 2317 rebibo,
769 2267 932 2316 voro,
968 2252 1196 2317 devoro,
1235 2252 1377 2317 quod
1412 2270 1598 2305 omues

71 2332 329 2387 assolent
366 2335 716 2398 cognomines
752 2335 873 2385 nati
906 2337 1044 2385 mein
1080 2337 1396 2387 maioribus.
1455 2338 1597 2388 -Plus

71 2418 282 2470 ceteris
328 2418 624 2483 ingurgito.
693 2418 904 2469 Heluor
947 2420 1141 2483 etiam,
1199 2433 1372 2482 quare
1415 2419 1598 2471 Heluo

71 2518 276 2554 nomen
321 2501 473 2553 mihi.
542 2501 686 2555 Vale
730 2502 977 2553 feliciter
1023 2518 1092 2553 ex
1135 2504 1267 2555 navi
1313 2503 1598 2555 stultifera

72 2588 323 2654 [,ubi‘tu
365 2588 599 2655 primum
635 2585 709 2651 (si
742 2585 920 2653 voles)
957 2586 1140 2637 locum
1176 2586 1492 2652 obtinebisl.
1517 2585 1541 2655 Η

144 2721 165 2753 ⁷
203 2720 489 2791 Calliopea
515 2726 565 2778 2.

1229 2809 1296 2864 16
