<?xml version="1.0" encoding="UTF-8"?>
<!DOCTYPE html PUBLIC "-//W3C//DTD XHTML 1.0 Transitional//EN"
    "http://www.w3.org/TR/xhtml1/DTD/xhtml1-transitional.dtd">
<html xmlns="http://www.w3.org/1999/xhtml" xml:lang="en" lang="en">
 <head>
  <title>
</title>
<meta http-equiv="Content-Type" content="text/html;charset=utf-8" />
  <meta name='ocr-system' content='tesseract 3.04.00' />
  <meta name='ocr-capabilities' content='ocr_page ocr_carea ocr_par ocr_line ocrx_word'/>
</head>
<body>
  <div class='ocr_page' id='page_1' title='image "./epistolaeobscur00huttgoog_0361.png"; bbox 0 0 1942 3109; ppageno 0'>
   <div class='ocr_carea' id='block_1_1' title="bbox 268 179 1597 268">
    <p class='ocr_par' dir='ltr' id='par_1_1' title="bbox 268 179 1597 268">
     <span class='ocr_line' id='line_1_1' title="bbox 1078 179 1087 196; baseline 0 0"><span class='ocrx_word' id='word_1_1' title='bbox 1078 179 1087 196; x_wconf 66' lang='grc' dir='ltr'>ι</span> 
     </span>
     <span class='ocr_line' id='line_1_2' title="bbox 268 213 1597 268; baseline -0.002 -1"><span class='ocrx_word' id='word_1_2' title='bbox 268 213 369 267; x_wconf 70' lang='grc'><strong>350</strong></span> <span class='ocrx_word' id='word_1_3' title='bbox 444 230 734 266; x_wconf 59' lang='lat' dir='ltr'><strong>amnonis</strong></span> <span class='ocrx_word' id='word_1_4' title='bbox 757 229 1121 268; x_wconf 66' lang='lat' dir='ltr'>OBSOVBOBVM</span> <span class='ocrx_word' id='word_1_5' title='bbox 1144 229 1397 266; x_wconf 72' lang='lat' dir='ltr'><strong>vmonvu</strong></span> <span class='ocrx_word' id='word_1_6' title='bbox 1420 229 1597 264; x_wconf 72' lang='lat' dir='ltr'>NOVAE.</span> 
     </span>
    </p>
   </div>
   <div class='ocr_carea' id='block_1_2' title="bbox 267 333 1775 537">
    <p class='ocr_par' dir='ltr' id='par_1_2' title="bbox 267 333 1775 537">
     <span class='ocr_line' id='line_1_3' title="bbox 369 333 1775 402; baseline 0 -16"><span class='ocrx_word' id='word_1_7' title='bbox 369 333 467 402; x_wconf 80' lang='lat' dir='ltr'><strong>[In</strong></span> <span class='ocrx_word' id='word_1_8' title='bbox 499 338 724 388; x_wconf 68' lang='lat' dir='ltr'><strong>secunda</strong></span> <span class='ocrx_word' id='word_1_9' title='bbox 757 337 899 386; x_wconf 69' lang='lat' dir='ltr'><strong>leuius</strong></span> <span class='ocrx_word' id='word_1_10' title='bbox 931 337 1143 385; x_wconf 66' lang='lat' dir='ltr'><strong>alterius</strong></span> <span class='ocrx_word' id='word_1_11' title='bbox 1164 336 1420 386; x_wconf 74' lang='lat' dir='ltr'><strong>voluminis</strong></span> <span class='ocrx_word' id='word_1_12' title='bbox 1444 335 1665 386; x_wconf 72' lang='lat' dir='ltr'><strong>editione</strong></span> <span class='ocrx_word' id='word_1_13' title='bbox 1688 351 1775 386; x_wconf 76' lang='lat' dir='ltr'><strong>no·</strong></span> 
     </span>
     <span class='ocr_line' id='line_1_4' title="bbox 267 402 1771 470; baseline 0.001 -18"><span class='ocrx_word' id='word_1_14' title='bbox 267 420 372 454; x_wconf 86' lang='lat' dir='ltr'><strong>vem</strong></span> <span class='ocrx_word' id='word_1_15' title='bbox 407 407 660 470; x_wconf 76' lang='lat' dir='ltr'><strong>epistoloe,</strong></span> <span class='ocrx_word' id='word_1_16' title='bbox 699 420 824 470; x_wconf 77' lang='lat' dir='ltr'><strong>quas</strong></span> <span class='ocrx_word' id='word_1_17' title='bbox 857 407 1005 468; x_wconf 81' lang='lat' dir='ltr'><strong>prior</strong></span> <span class='ocrx_word' id='word_1_18' title='bbox 1039 419 1139 452; x_wconf 83' lang='lat' dir='ltr'><strong>non</strong></span> <span class='ocrx_word' id='word_1_19' title='bbox 1174 402 1345 460; x_wconf 75' lang='lat' dir='ltr'><strong>habet,</strong></span> <span class='ocrx_word' id='word_1_20' title='bbox 1392 404 1607 453; x_wconf 78' lang='lat' dir='ltr'><strong>adiectoe</strong></span> <span class='ocrx_word' id='word_1_21' title='bbox 1641 410 1771 454; x_wconf 75' lang='lat' dir='ltr'><strong>sunt.</strong></span> 
     </span>
     <span class='ocr_line' id='line_1_5' title="bbox 267 469 1775 537; baseline 0.002 -18"><span class='ocrx_word' id='word_1_22' title='bbox 267 488 475 535; x_wconf 84' lang='lat' dir='ltr'><strong>quarum</strong></span> <span class='ocrx_word' id='word_1_23' title='bbox 519 481 682 522; x_wconf 84' lang='lat' dir='ltr'><strong>tamen</strong></span> <span class='ocrx_word' id='word_1_24' title='bbox 723 474 959 537; x_wconf 83' lang='lat' dir='ltr'><strong>primam,</strong></span> <span class='ocrx_word' id='word_1_25' title='bbox 1008 469 1276 535; x_wconf 84' lang='lat' dir='ltr'>Stephani</span> <span class='ocrx_word' id='word_1_26' title='bbox 1322 469 1649 528; x_wconf 81' lang='lat' dir='ltr'>Calvastrii,</span> <span class='ocrx_word' id='word_1_27' title='bbox 1698 473 1775 522; x_wconf 75' lang='lat' dir='ltr'><strong>hic</strong></span> 
     </span>
    </p>
   </div>
   <div class='ocr_carea' id='block_1_3' title="bbox 266 536 1871 672">
    <p class='ocr_par' dir='ltr' id='par_1_3' title="bbox 266 536 1871 672">
     <span class='ocr_line' id='line_1_6' title="bbox 266 536 1774 606; baseline 0.001 -18"><span class='ocrx_word' id='word_1_28' title='bbox 266 541 510 590; x_wconf 71' lang='lat' dir='ltr'><strong>omisimus</strong></span> <span class='ocrx_word' id='word_1_29' title='bbox 553 547 728 606; x_wconf 77' lang='lat' dir='ltr'><em>utpote</em></span> <span class='ocrx_word' id='word_1_30' title='bbox 773 555 878 589; x_wconf 84' lang='lat' dir='ltr'><strong>eum</strong></span> <span class='ocrx_word' id='word_1_31' title='bbox 910 539 959 589; x_wconf 92' lang='grc' dir='ltr'><strong>Ι.</strong></span> <span class='ocrx_word' id='word_1_32' title='bbox 998 536 1075 588; x_wconf 85' lang='grc'><strong>19.</strong></span> <span class='ocrx_word' id='word_1_33' title='bbox 1112 554 1272 604; x_wconf 75' lang='lat' dir='ltr'><strong>supra</strong></span> <span class='ocrx_word' id='word_1_34' title='bbox 1300 554 1454 603; x_wconf 66' lang='lat' dir='ltr'><strong>pagg.</strong></span> <span class='ocrx_word' id='word_1_35' title='bbox 1492 537 1586 590; x_wconf 85' lang='lat'><strong>53.</strong></span> <span class='ocrx_word' id='word_1_36' title='bbox 1614 575 1628 588; x_wconf 91' lang='lat'><strong>.</strong></span> <span class='ocrx_word' id='word_1_37' title='bbox 1652 576 1665 587; x_wconf 93' lang='lat'>.</span> <span class='ocrx_word' id='word_1_38' title='bbox 1690 539 1774 589; x_wconf 88' lang='grc'><strong>55.</strong></span> 
     </span>
     <span class='ocr_line' id='line_1_7' title="bbox 266 608 1871 672; baseline 0.001 -16"><span class='ocrx_word' id='word_1_39' title='bbox 266 609 494 658; x_wconf 74' lang='lat' dir='ltr'><strong>exhibita</strong></span> <span class='ocrx_word' id='word_1_40' title='bbox 529 610 921 666; x_wconf 82' lang='lat' dir='ltr'><strong>convenientem,</strong></span> <span class='ocrx_word' id='word_1_41' title='bbox 959 610 1059 656; x_wconf 72' lang='lat' dir='ltr'><strong>nisi</strong></span> <span class='ocrx_word' id='word_1_42' title='bbox 1094 609 1229 672; x_wconf 82' lang='lat' dir='ltr'><strong>quod</strong></span> <span class='ocrx_word' id='word_1_43' title='bbox 1260 608 1495 656; x_wconf 67' lang='lat' dir='ltr'><strong>carminis</strong></span> <span class='ocrx_word' id='word_1_44' title='bbox 1528 623 1702 658; x_wconf 73' lang='lat' dir='ltr'><strong>versus</strong></span> <span class='ocrx_word' id='word_1_45' title='bbox 1724 608 1775 658; x_wconf 88' lang='grc'><strong>4.</strong></span> <span class='ocrx_word' id='word_1_46' title='bbox 1867 626 1871 630; x_wconf 81' lang='grc'><strong>’</strong></span> 
     </span>
    </p>
   </div>
   <div class='ocr_carea' id='block_1_4' title="bbox 263 676 1774 1148">
    <p class='ocr_par' dir='ltr' id='par_1_4' title="bbox 265 676 1157 740">
     <span class='ocr_line' id='line_1_8' title="bbox 265 676 1157 740; baseline -0.001 -15"><span class='ocrx_word' id='word_1_47' title='bbox 265 679 318 726; x_wconf 78' lang='lat' dir='ltr'><strong>in</strong></span> <span class='ocrx_word' id='word_1_48' title='bbox 350 678 634 727; x_wconf 78' lang='lat' dir='ltr'><strong><em>recentiore</em></strong></span> <span class='ocrx_word' id='word_1_49' title='bbox 669 679 899 740; x_wconf 76' lang='lat' dir='ltr'><strong>exemplo</strong></span> <span class='ocrx_word' id='word_1_50' title='bbox 933 676 1017 724; x_wconf 77' lang='lat' dir='ltr'><strong>hie</strong></span> <span class='ocrx_word' id='word_1_51' title='bbox 1050 682 1157 725; x_wconf 71' lang='lat' dir='ltr'><strong>est:</strong></span> 
     </span>
    </p>

    <p class='ocr_par' dir='ltr' id='par_1_5' title="bbox 263 758 1774 980">
     <span class='ocr_line' id='line_1_9' title="bbox 363 758 1771 824; baseline -0.002 -12"><span class='ocrx_word' id='word_1_52' title='bbox 363 763 450 812; x_wconf 91' lang='lat' dir='ltr'><strong>Do</strong></span> <span class='ocrx_word' id='word_1_53' title='bbox 495 761 682 811; x_wconf 79' lang='lat' dir='ltr'><strong>macht</strong></span> <span class='ocrx_word' id='word_1_54' title='bbox 725 776 782 810; x_wconf 88' lang='lat' dir='ltr'><strong>er</strong></span> <span class='ocrx_word' id='word_1_55' title='bbox 827 760 915 810; x_wconf 85' lang='lat' dir='ltr'><strong>die</strong></span> <span class='ocrx_word' id='word_1_56' title='bbox 963 759 1189 824; x_wconf 78' lang='lat' dir='ltr'><strong>copulat</strong></span> <span class='ocrx_word' id='word_1_57' title='bbox 1226 775 1333 812; x_wconf 86' lang='lat' dir='ltr'><strong>von</strong></span> <span class='ocrx_word' id='word_1_58' title='bbox 1369 758 1470 809; x_wconf 88' lang='lat' dir='ltr'><strong>kot</strong></span> <span class='ocrx_word' id='word_1_59' title='bbox 1504 775 1570 810; x_wconf 83' lang='lat' dir='ltr'><strong>zu</strong></span> <span class='ocrx_word' id='word_1_60' title='bbox 1604 758 1771 810; x_wconf 83' lang='lat' dir='ltr'><strong>dreck</strong></span> 
     </span>
     <span class='ocr_line' id='line_1_10' title="bbox 264 844 1774 912; baseline 0 -16"><span class='ocrx_word' id='word_1_61' title='bbox 264 853 315 896; x_wconf 81' lang='lat' dir='ltr'><strong>et</strong></span> <span class='ocrx_word' id='word_1_62' title='bbox 361 848 494 912; x_wconf 79' lang='lat' dir='ltr'><strong>quod</strong></span> <span class='ocrx_word' id='word_1_63' title='bbox 539 847 724 910; x_wconf 62' lang='lat' dir='ltr'><strong>epilogi</strong></span> <span class='ocrx_word' id='word_1_64' title='bbox 765 844 930 895; x_wconf 72' lang='lat' dir='ltr'><strong>verbis</strong></span> <span class='ocrx_word' id='word_1_65' title='bbox 961 844 1097 894; x_wconf 88' lang='lat' dir='ltr'>Mihi</span> <span class='ocrx_word' id='word_1_66' title='bbox 1139 881 1153 894; x_wconf 91' lang='lat'><strong>.</strong></span> <span class='ocrx_word' id='word_1_67' title='bbox 1190 881 1204 894; x_wconf 91' lang='lat'><strong>.</strong></span> <span class='ocrx_word' id='word_1_68' title='bbox 1244 880 1257 894; x_wconf 91' lang='lat'><strong>.</strong></span> <span class='ocrx_word' id='word_1_69' title='bbox 1296 844 1537 896; x_wconf 84' lang='lat' dir='ltr'><strong>duellum</strong></span> <span class='ocrx_word' id='word_1_70' title='bbox 1580 846 1774 896; x_wconf 73' lang='lat' dir='ltr'><strong>omissis</strong></span> 
     </span>
     <span class='ocr_line' id='line_1_11' title="bbox 263 916 763 980; baseline -0.004 -16"><span class='ocrx_word' id='word_1_71' title='bbox 263 916 480 980; x_wconf 78' lang='lat' dir='ltr'><strong><em>epistula</em></strong></span> <span class='ocrx_word' id='word_1_72' title='bbox 513 916 589 965; x_wconf 74' lang='lat' dir='ltr'><strong>sic</strong></span> <span class='ocrx_word' id='word_1_73' title='bbox 623 917 763 964; x_wconf 74' lang='lat' dir='ltr'><strong>exit:</strong></span> 
     </span>
    </p>

    <p class='ocr_par' dir='ltr' id='par_1_6' title="bbox 361 997 1329 1064">
     <span class='ocr_line' id='line_1_12' title="bbox 361 997 1329 1064; baseline -0.001 -15"><span class='ocrx_word' id='word_1_74' title='bbox 361 1001 435 1049; x_wconf 86' lang='lat' dir='ltr'><strong>Et</strong></span> <span class='ocrx_word' id='word_1_75' title='bbox 468 999 670 1050; x_wconf 87' lang='lat' dir='ltr'><strong>mittite</strong></span> <span class='ocrx_word' id='word_1_76' title='bbox 705 1002 900 1064; x_wconf 77' lang='lat' dir='ltr'><strong>poetas</strong></span> <span class='ocrx_word' id='word_1_77' title='bbox 937 997 1009 1048; x_wconf 82' lang='lat' dir='ltr'><strong>ad</strong></span> <span class='ocrx_word' id='word_1_78' title='bbox 1043 999 1329 1048; x_wconf 86' lang='lat' dir='ltr'><strong>infernum.</strong></span> 
     </span>
    </p>

    <p class='ocr_par' dir='ltr' id='par_1_7' title="bbox 361 1083 1606 1148">
     <span class='ocr_line' id='line_1_13' title="bbox 361 1083 1606 1148; baseline 0.002 -13"><span class='ocrx_word' id='word_1_79' title='bbox 361 1087 436 1135; x_wconf 83' lang='lat' dir='ltr'><strong>Et</strong></span> <span class='ocrx_word' id='word_1_80' title='bbox 470 1086 657 1137; x_wconf 81' lang='lat' dir='ltr'><strong>valete</strong></span> <span class='ocrx_word' id='word_1_81' title='bbox 695 1100 764 1134; x_wconf 84' lang='lat' dir='ltr'><strong>ex</strong></span> <span class='ocrx_word' id='word_1_82' title='bbox 799 1083 1130 1133; x_wconf 77' lang='lat' dir='ltr'><strong>monasterio</strong></span> <span class='ocrx_word' id='word_1_83' title='bbox 1166 1084 1223 1132; x_wconf 86' lang='lat' dir='ltr'><strong>in</strong></span> <span class='ocrx_word' id='word_1_84' title='bbox 1259 1083 1606 1148; x_wconf 78' lang='lat' dir='ltr'><strong>westphalia.</strong></span> 
     </span>
    </p>
   </div>
   <div class='ocr_carea' id='block_1_5' title="bbox 263 1165 1791 1302">
    <p class='ocr_par' dir='ltr' id='par_1_8' title="bbox 263 1165 1791 1302">
     <span class='ocr_line' id='line_1_14' title="bbox 263 1165 1791 1238; baseline -0.001 -17"><span class='ocrx_word' id='word_1_85' title='bbox 263 1171 384 1221; x_wconf 81' lang='lat' dir='ltr'><strong>Octo</strong></span> <span class='ocrx_word' id='word_1_86' title='bbox 409 1173 582 1238; x_wconf 77' lang='lat' dir='ltr'><strong>itaque</strong></span> <span class='ocrx_word' id='word_1_87' title='bbox 616 1184 759 1218; x_wconf 79' lang='lat' dir='ltr'><strong>nome</strong></span> <span class='ocrx_word' id='word_1_88' title='bbox 793 1171 1024 1232; x_wconf 72' lang='lat' dir='ltr'><strong>epistoloe</strong></span> <span class='ocrx_word' id='word_1_89' title='bbox 1050 1165 1135 1230; x_wconf 85' lang='lat'><strong>(63</strong></span> <span class='ocrx_word' id='word_1_90' title='bbox 1156 1204 1169 1217; x_wconf 91' lang='lat'><strong>.</strong></span> <span class='ocrx_word' id='word_1_91' title='bbox 1196 1205 1207 1216; x_wconf 91' lang='lat'><strong>.</strong></span> <span class='ocrx_word' id='word_1_92' title='bbox 1234 1203 1247 1217; x_wconf 91' lang='lat'><strong>.</strong></span> <span class='ocrx_word' id='word_1_93' title='bbox 1272 1168 1353 1220; x_wconf 90' lang='grc'><strong>70.</strong></span> <span class='ocrx_word' id='word_1_94' title='bbox 1378 1173 1479 1219; x_wconf 74' lang='lat' dir='ltr'><strong>sive</strong></span> <span class='ocrx_word' id='word_1_95' title='bbox 1503 1168 1791 1234; x_wconf 69' lang='lat' dir='ltr'><strong>Appendi-⁸</strong></span> 
     </span>
     <span class='ocr_line' id='line_1_15' title="bbox 263 1237 1778 1302; baseline 0.001 -15"><span class='ocrx_word' id='word_1_96' title='bbox 263 1243 340 1290; x_wconf 83' lang='lat' dir='ltr'><strong>cis</strong></span> <span class='ocrx_word' id='word_1_97' title='bbox 370 1241 394 1290; x_wconf 93' lang='lat' dir='ltr'>l</span> <span class='ocrx_word' id='word_1_98' title='bbox 424 1277 437 1290; x_wconf 93' lang='lat'><strong>.</strong></span> <span class='ocrx_word' id='word_1_99' title='bbox 461 1280 472 1292; x_wconf 88' lang='lat'><strong>.</strong></span> <span class='ocrx_word' id='word_1_100' title='bbox 496 1280 508 1292; x_wconf 85' lang='lat'><strong>.</strong></span> <span class='ocrx_word' id='word_1_101' title='bbox 534 1241 606 1302; x_wconf 89' lang='grc'><strong>8.)</strong></span> <span class='ocrx_word' id='word_1_102' title='bbox 640 1237 849 1287; x_wconf 74' lang='lat' dir='ltr'><strong>secundi</strong></span> <span class='ocrx_word' id='word_1_103' title='bbox 880 1237 1133 1286; x_wconf 79' lang='lat' dir='ltr'><strong>voluminis</strong></span> <span class='ocrx_word' id='word_1_104' title='bbox 1167 1239 1405 1300; x_wconf 59' lang='lat' dir='ltr'><strong>repetita)</strong></span> <span class='ocrx_word' id='word_1_105' title='bbox 1423 1240 1778 1302; x_wconf 70' lang='lat' dir='ltr'><strong>praelectionis</strong></span> 
     </span>
    </p>
   </div>
   <div class='ocr_carea' id='block_1_6' title="bbox 261 1301 1381 1374">
    <p class='ocr_par' dir='ltr' id='par_1_9' title="bbox 261 1301 1381 1374">
     <span class='ocr_line' id='line_1_16' title="bbox 261 1301 1381 1374; baseline -0.005 -16"><span class='ocrx_word' id='word_1_106' title='bbox 261 1313 492 1374; x_wconf 76' lang='lat' dir='ltr'><strong>exemplo</strong></span> <span class='ocrx_word' id='word_1_107' title='bbox 518 1311 866 1362; x_wconf 73' lang='lat' dir='ltr'><strong>accesserunt,</strong></span> <span class='ocrx_word' id='word_1_108' title='bbox 905 1321 1019 1368; x_wconf 82' lang='lat' dir='ltr'><strong>quoe</strong></span> <span class='ocrx_word' id='word_1_109' title='bbox 1050 1311 1339 1368; x_wconf 75' lang='lat' dir='ltr'><strong>sequuntur.</strong></span> <span class='ocrx_word' id='word_1_110' title='bbox 1340 1301 1381 1368; x_wconf 89' lang='lat' dir='ltr'><strong><em>J</em></strong></span> 
     </span>
    </p>
   </div>
   <div class='ocr_carea' id='block_1_7' title="bbox 713 1438 1323 1510">
    <p class='ocr_par' dir='ltr' id='par_1_10' title="bbox 713 1438 1323 1510">
     <span class='ocr_line' id='line_1_17' title="bbox 713 1438 1323 1510; baseline -0.007 -16"><span class='ocrx_word' id='word_1_111' title='bbox 713 1443 794 1494; x_wconf 83' lang='lat'><strong>63.</strong></span> <span class='ocrx_word' id='word_1_112' title='bbox 852 1439 1215 1510; x_wconf 81' lang='lat' dir='ltr'><strong>[Appendicis</strong></span> <span class='ocrx_word' id='word_1_113' title='bbox 1258 1438 1323 1508; x_wconf 92' lang='lat' dir='ltr'><strong>l.]</strong></span> 
     </span>
    </p>
   </div>
   <div class='ocr_carea' id='block_1_8' title="bbox 451 1540 1579 1607">
    <p class='ocr_par' dir='ltr' id='par_1_11' title="bbox 451 1540 1579 1607">
     <span class='ocr_line' id='line_1_18' title="bbox 451 1540 1579 1607; baseline -0.002 -1"><span class='ocrx_word' id='word_1_114' title='bbox 451 1544 800 1607; x_wconf 83' lang='lat' dir='ltr'><strong>Ioannes</strong></span> <span class='ocrx_word' id='word_1_115' title='bbox 845 1541 935 1607; x_wconf 85' lang='lat' dir='ltr'><strong>de</strong></span> <span class='ocrx_word' id='word_1_116' title='bbox 982 1540 1579 1606; x_wconf 84' lang='lat' dir='ltr'>Schwinfordia</span> 
     </span>
    </p>
   </div>
   <div class='ocr_carea' id='block_1_9' title="bbox 260 1645 1773 2139">
    <p class='ocr_par' dir='ltr' id='par_1_12' title="bbox 260 1645 1773 2139">
     <span class='ocr_line' id='line_1_19' title="bbox 397 1645 1636 1713; baseline -0.002 -16"><span class='ocrx_word' id='word_1_117' title='bbox 397 1652 746 1713; x_wconf 81' lang='lat' dir='ltr'><strong>septenarum</strong></span> <span class='ocrx_word' id='word_1_118' title='bbox 783 1647 983 1697; x_wconf 84' lang='lat' dir='ltr'><strong>artium</strong></span> <span class='ocrx_word' id='word_1_119' title='bbox 1017 1646 1333 1697; x_wconf 83' lang='lat' dir='ltr'><strong>liberalium</strong></span> <span class='ocrx_word' id='word_1_120' title='bbox 1368 1645 1636 1710; x_wconf 80' lang='lat' dir='ltr'><strong>Magister</strong></span> 
     </span>
     <span class='ocr_line' id='line_1_20' title="bbox 260 1729 1771 1795; baseline -0.001 -12"><span class='ocrx_word' id='word_1_121' title='bbox 260 1733 565 1784; x_wconf 83' lang='lat' dir='ltr'><strong>scientifico</strong></span> <span class='ocrx_word' id='word_1_122' title='bbox 603 1737 659 1785; x_wconf 85' lang='lat' dir='ltr'><strong>et</strong></span> <span class='ocrx_word' id='word_1_123' title='bbox 693 1733 1021 1783; x_wconf 83' lang='lat' dir='ltr'><strong>mirabiliter</strong></span> <span class='ocrx_word' id='word_1_124' title='bbox 1055 1730 1215 1781; x_wconf 78' lang='lat' dir='ltr'><strong>docto</strong></span> <span class='ocrx_word' id='word_1_125' title='bbox 1253 1735 1420 1795; x_wconf 86' lang='lat' dir='ltr'><strong>atque</strong></span> <span class='ocrx_word' id='word_1_126' title='bbox 1455 1729 1771 1782; x_wconf 82' lang='lat' dir='ltr'><strong>illuminato</strong></span> 
     </span>
     <span class='ocr_line' id='line_1_21' title="bbox 959 1818 1079 1868; baseline -0.017 0"><span class='ocrx_word' id='word_1_127' title='bbox 959 1818 1079 1868; x_wconf 81' lang='lat' dir='ltr'>viro</span> 
     </span>
     <span class='ocr_line' id='line_1_22' title="bbox 739 1901 1299 1953; baseline 0 -1"><span class='ocrx_word' id='word_1_128' title='bbox 739 1901 1021 1953; x_wconf 87' lang='lat' dir='ltr'><strong>Ortvino</strong></span> <span class='ocrx_word' id='word_1_129' title='bbox 1058 1901 1299 1952; x_wconf 82' lang='lat' dir='ltr'>Gratio</span> 
     </span>
     <span class='ocr_line' id='line_1_23' title="bbox 260 1985 1773 2054; baseline 0.001 -16"><span class='ocrx_word' id='word_1_130' title='bbox 260 1991 316 2038; x_wconf 90' lang='lat' dir='ltr'><strong>in</strong></span> <span class='ocrx_word' id='word_1_131' title='bbox 351 1989 660 2039; x_wconf 78' lang='lat' dir='ltr'><strong>Daventria</strong></span> <span class='ocrx_word' id='word_1_132' title='bbox 695 2003 916 2054; x_wconf 69' lang='lat' dir='ltr'><strong>grecam</strong></span> <span class='ocrx_word' id='word_1_133' title='bbox 953 1992 1010 2038; x_wconf 88' lang='lat' dir='ltr'><strong>et</strong></span> <span class='ocrx_word' id='word_1_134' title='bbox 1042 1987 1277 2038; x_wconf 84' lang='lat' dir='ltr'><strong>latinam</strong></span> <span class='ocrx_word' id='word_1_135' title='bbox 1312 1985 1559 2052; x_wconf 82' lang='lat' dir='ltr'>linguam</span> <span class='ocrx_word' id='word_1_136' title='bbox 1594 1990 1773 2054; x_wconf 82' lang='lat' dir='ltr'>magi-</span> 
     </span>
     <span class='ocr_line' id='line_1_24' title="bbox 311 2071 1722 2139; baseline -0.002 -14"><span class='ocrx_word' id='word_1_137' title='bbox 311 2075 562 2125; x_wconf 81' lang='lat' dir='ltr'><strong>straliter</strong></span> <span class='ocrx_word' id='word_1_138' title='bbox 597 2073 818 2125; x_wconf 79' lang='lat' dir='ltr'>docenti</span> <span class='ocrx_word' id='word_1_139' title='bbox 851 2073 1005 2122; x_wconf 86' lang='lat' dir='ltr'><strong>mille</strong></span> <span class='ocrx_word' id='word_1_140' title='bbox 1042 2071 1251 2122; x_wconf 79' lang='lat' dir='ltr'><strong>salutes</strong></span> <span class='ocrx_word' id='word_1_141' title='bbox 1288 2074 1343 2122; x_wconf 88' lang='lat' dir='ltr'><strong>et</strong></span> <span class='ocrx_word' id='word_1_142' title='bbox 1377 2071 1543 2135; x_wconf 79' lang='lat' dir='ltr'><strong>paulo</strong></span> <span class='ocrx_word' id='word_1_143' title='bbox 1580 2073 1722 2139; x_wconf 80' lang='lat' dir='ltr'><strong>plus.</strong></span> 
     </span>
    </p>
   </div>
   <div class='ocr_carea' id='block_1_10' title="bbox 255 2189 1869 2763">
    <p class='ocr_par' dir='ltr' id='par_1_13' title="bbox 255 2189 1869 2763">
     <span class='ocr_line' id='line_1_25' title="bbox 357 2189 1869 2258; baseline 0 -16"><span class='ocrx_word' id='word_1_144' title='bbox 357 2192 738 2244; x_wconf 80' lang='lat' dir='ltr'><strong>Reverentiali</strong></span> <span class='ocrx_word' id='word_1_145' title='bbox 770 2194 976 2242; x_wconf 84' lang='lat' dir='ltr'><strong>honore</strong></span> <span class='ocrx_word' id='word_1_146' title='bbox 1013 2195 1069 2240; x_wconf 84' lang='lat' dir='ltr'><strong>et</strong></span> <span class='ocrx_word' id='word_1_147' title='bbox 1104 2189 1419 2242; x_wconf 82' lang='lat' dir='ltr'><strong>obedientia</strong></span> <span class='ocrx_word' id='word_1_148' title='bbox 1454 2191 1773 2258; x_wconf 67' lang='lat' dir='ltr'><strong>prelibatiS,</strong></span> <span class='ocrx_word' id='word_1_149' title='bbox 1830 2202 1869 2224; x_wconf 80' lang='lat'><strong><em>‘</em></strong></span> 
     </span>
     <span class='ocr_line' id='line_1_26' title="bbox 258 2275 1775 2344; baseline -0.001 -16"><span class='ocrx_word' id='word_1_150' title='bbox 258 2278 557 2344; x_wconf 66' lang='lat' dir='ltr'><strong>Preceptor</strong></span> <span class='ocrx_word' id='word_1_151' title='bbox 590 2279 646 2326; x_wconf 88' lang='lat' dir='ltr'><strong>in</strong></span> <span class='ocrx_word' id='word_1_152' title='bbox 681 2276 930 2342; x_wconf 82' lang='lat' dir='ltr'><strong>pluribus</strong></span> <span class='ocrx_word' id='word_1_153' title='bbox 966 2275 1258 2325; x_wconf 82' lang='lat' dir='ltr'>scibilibus</span> <span class='ocrx_word' id='word_1_154' title='bbox 1305 2277 1545 2341; x_wconf 81' lang='lat' dir='ltr'><strong>experte.</strong></span> <span class='ocrx_word' id='word_1_155' title='bbox 1618 2275 1775 2326; x_wconf 83' lang='lat' dir='ltr'>Scri-</span> 
     </span>
     <span class='ocr_line' id='line_1_27' title="bbox 257 2359 1771 2429; baseline -0.001 -17"><span class='ocrx_word' id='word_1_156' title='bbox 257 2363 446 2429; x_wconf 80' lang='lat' dir='ltr'><strong>psistis</strong></span> <span class='ocrx_word' id='word_1_157' title='bbox 471 2361 606 2411; x_wconf 89' lang='lat' dir='ltr'>mihi</span> <span class='ocrx_word' id='word_1_158' title='bbox 638 2376 811 2425; x_wconf 89' lang='lat' dir='ltr'><strong>nuper</strong></span> <span class='ocrx_word' id='word_1_159' title='bbox 846 2361 911 2410; x_wconf 87' lang='lat' dir='ltr'><strong>de</strong></span> <span class='ocrx_word' id='word_1_160' title='bbox 947 2359 1183 2410; x_wconf 83' lang='lat' dir='ltr'><strong>victoria</strong></span> <span class='ocrx_word' id='word_1_161' title='bbox 1218 2363 1407 2410; x_wconf 81' lang='lat' dir='ltr'><strong>vestra</strong></span> <span class='ocrx_word' id='word_1_162' title='bbox 1444 2361 1671 2410; x_wconf 82' lang='lat' dir='ltr'><strong>obtenta</strong></span> <span class='ocrx_word' id='word_1_163' title='bbox 1708 2361 1771 2410; x_wconf 90' lang='lat' dir='ltr'><strong>in</strong></span> 
     </span>
     <span class='ocr_line' id='line_1_28' title="bbox 257 2444 1772 2509; baseline -0.001 -13"><span class='ocrx_word' id='word_1_164' title='bbox 257 2447 427 2497; x_wconf 80' lang='lat' dir='ltr'><strong>Roma</strong></span> <span class='ocrx_word' id='word_1_165' title='bbox 466 2451 656 2497; x_wconf 84' lang='lat' dir='ltr'><strong>contra</strong></span> <span class='ocrx_word' id='word_1_166' title='bbox 691 2446 854 2496; x_wconf 78' lang='lat' dir='ltr'><strong>istum</strong></span> <span class='ocrx_word' id='word_1_167' title='bbox 888 2445 1160 2496; x_wconf 83' lang='lat' dir='ltr'><strong>Reuchlin</strong></span> <span class='ocrx_word' id='word_1_168' title='bbox 1206 2446 1301 2509; x_wconf 89' lang='lat' dir='ltr'><strong>qui</strong></span> <span class='ocrx_word' id='word_1_169' title='bbox 1348 2445 1609 2495; x_wconf 80' lang='lat' dir='ltr'><strong>audacter</strong></span> <span class='ocrx_word' id='word_1_170' title='bbox 1655 2444 1772 2494; x_wconf 83' lang='lat' dir='ltr'><strong>fuit</strong></span> 
     </span>
     <span class='ocr_line' id='line_1_29' title="bbox 260 2528 1771 2592; baseline 0.001 -13"><span class='ocrx_word' id='word_1_171' title='bbox 260 2535 454 2581; x_wconf 80' lang='lat' dir='ltr'><strong>eontra</strong></span> <span class='ocrx_word' id='word_1_172' title='bbox 489 2546 611 2592; x_wconf 76' lang='lat' dir='ltr'>VOS,</span> <span class='ocrx_word' id='word_1_173' title='bbox 650 2534 704 2580; x_wconf 87' lang='lat' dir='ltr'><strong>et</strong></span> <span class='ocrx_word' id='word_1_174' title='bbox 736 2531 910 2581; x_wconf 81' lang='lat' dir='ltr'><strong>virum</strong></span> <span class='ocrx_word' id='word_1_175' title='bbox 936 2530 1153 2580; x_wconf 81' lang='lat' dir='ltr'><strong>noviter</strong></span> <span class='ocrx_word' id='word_1_176' title='bbox 1176 2529 1369 2579; x_wconf 85' lang='lat' dir='ltr'><strong>deifice</strong></span> <span class='ocrx_word' id='word_1_177' title='bbox 1394 2528 1771 2580; x_wconf 79' lang='lat' dir='ltr'><strong>illuminatum</strong></span> 
     </span>
     <span class='ocr_line' id='line_1_30' title="bbox 255 2612 1770 2678; baseline 0.001 -15"><span class='ocrx_word' id='word_1_178' title='bbox 255 2617 315 2664; x_wconf 89' lang='lat' dir='ltr'><strong>in</strong></span> <span class='ocrx_word' id='word_1_179' title='bbox 351 2614 451 2664; x_wconf 82' lang='lat' dir='ltr'><strong>fide</strong></span> <span class='ocrx_word' id='word_1_180' title='bbox 480 2613 800 2664; x_wconf 80' lang='lat' dir='ltr'>Christiana</span> <span class='ocrx_word' id='word_1_181' title='bbox 823 2613 1083 2664; x_wconf 81' lang='lat' dir='ltr'><strong>Ioannem</strong></span> <span class='ocrx_word' id='word_1_182' title='bbox 1108 2612 1483 2676; x_wconf 86' lang='lat' dir='ltr'><strong>Pfefferkorn,</strong></span> <span class='ocrx_word' id='word_1_183' title='bbox 1520 2613 1593 2662; x_wconf 85' lang='lat' dir='ltr'><strong>Et</strong></span> <span class='ocrx_word' id='word_1_184' title='bbox 1630 2628 1770 2678; x_wconf 88' lang='lat' dir='ltr'><strong>quo·</strong></span> 
     </span>
     <span class='ocr_line' id='line_1_31' title="bbox 257 2696 1771 2763; baseline 0 -15"><span class='ocrx_word' id='word_1_185' title='bbox 257 2698 412 2750; x_wconf 85' lang='lat' dir='ltr'>modo</span> <span class='ocrx_word' id='word_1_186' title='bbox 457 2699 611 2763; x_wconf 81' lang='lat' dir='ltr'><strong>Papa</strong></span> <span class='ocrx_word' id='word_1_187' title='bbox 656 2698 915 2762; x_wconf 79' lang='lat' dir='ltr'><strong>imposuit</strong></span> <span class='ocrx_word' id='word_1_188' title='bbox 960 2697 1068 2748; x_wconf 78' lang='lat' dir='ltr'><strong>sibi</strong></span> <span class='ocrx_word' id='word_1_189' title='bbox 1114 2696 1421 2761; x_wconf 77' lang='lat' dir='ltr'><strong>silentium,</strong></span> <span class='ocrx_word' id='word_1_190' title='bbox 1480 2698 1561 2746; x_wconf 81' lang='lat' dir='ltr'><strong>ita.</strong></span> <span class='ocrx_word' id='word_1_191' title='bbox 1620 2698 1771 2762; x_wconf 83' lang='lat' dir='ltr'><strong>quod</strong></span> 
     </span>
    </p>
   </div>
  </div>
 </body>
</html>
