1942 3109
369 253 500 286 von.
539 254 580 286 1.
653 248 718 288 13.
755 251 1015 294 comam
1054 250 1134 286 »Β
1172 251 1488 288 zmccnu.
1636 241 1703 292 37

157 363 308 408 esset
343 359 427 406 ita
463 357 688 420 malum,
724 361 857 407 tunc
881 357 1127 422 spiritus
1152 355 1357 407 domini
1378 373 1487 408 non
1508 361 1702 410 irruis-

155 448 246 494 set
299 445 360 493 in
419 441 684 506 Samson,
739 443 886 492 sicut
935 445 1106 506 patet
1148 441 1209 490 in
1250 441 1391 493 libro
1432 445 1699 495 Indicum.

155 529 347 579 Etiam
384 526 596 592 legitur
630 526 696 576 de
734 526 1055 590 Salomone,
1094 525 1239 590 quod
1264 527 1459 577 habuit
1482 534 1699 580 trecen·

159 618 252 662 tas
287 613 537 677 reginae,
575 615 636 662 et
672 613 1111 662 concubinarum
1146 627 1258 662 non
1278 612 1391 662 fuit
1410 627 1699 674 numerum

161 702 220 747 et
263 698 386 762 ipse
435 697 552 746 fuit
585 697 856 745 maximus
891 695 1208 746 fornicator
1238 711 1417 760 usque
1454 697 1524 747 ad
1556 715 1701 748 mor-

157 786 271 832 tem
315 796 506 831 suam:
556 784 615 830 et
657 785 846 830 tamen
879 779 1141 830 doctores
1177 784 1533 834 communiter
1568 799 1699 834 con-

161 865 396 915 cludunt
443 865 591 929 quod
637 868 728 914 est
769 863 1045 918 salvatus.
1119 867 1267 928 Quid
1296 883 1445 918 nunc
1476 867 1701 919 videtur

158 950 358 1001 vobis?
424 949 547 1014 Ego
593 961 706 998 non
748 963 869 997 sum
903 949 1109 999 fortior
1140 964 1307 1013 quam
1342 951 1604 1016 Samson,
1642 957 1701 1002 et

159 1051 271 1085 non
317 1051 440 1084 sum
485 1033 798 1098 sapientior
845 1032 1173 1098 Salomone,
1222 1039 1279 1084 et
1312 1051 1443 1101 ergo
1476 1039 1699 1102 oportet

163 1118 472 1183 aliquando
489 1119 696 1168 habere
721 1133 890 1182 unam
914 1117 1179 1184 letitiam.
1216 1121 1382 1182 Quia,
1416 1123 1483 1168 ut
1504 1119 1699 1168 dicunt

161 1203 387 1266 medici,
425 1203 530 1254 hoc
561 1203 722 1253 valet
757 1207 954 1252 contra
976 1201 1383 1253 melancoliam.
1453 1202 1541 1253 Ah
1566 1203 1698 1268 quid

156 1287 347 1337 dicitis
372 1287 441 1337 de
465 1287 592 1337 istis
627 1288 854 1338 seriosis
888 1288 1185 1352 patribus?
1220 1289 1405 1338 tamen
1426 1288 1567 1338 dicit
1586 1288 1699 1338 Ec-

157 1373 466 1422 clesiastes
481 1389 496 1420 ε
522 1371 614 1420 ‘Et
636 1371 975 1436 deprehendi
995 1371 1138 1421 nihil
1161 1385 1282 1422 esse
1306 1372 1507 1422 melius
1530 1387 1697 1436 quam

155 1456 328 1524 letari
375 1456 649 1506 hominem
691 1457 752 1506 in
797 1471 964 1522 opere
998 1457 1137 1506 suo’.
1209 1457 1562 1522 Quapropter
1594 1471 1699 1521 ego

157 1540 284 1591 dico
333 1554 460 1590 eum
505 1540 800 1591 Salomone
847 1540 919 1590 ad
955 1541 1194 1590 amicam
1227 1556 1431 1592 meamt
1468 1541 1697 1592 ‘Vulne-

157 1625 306 1674 rasti
351 1640 450 1674 cor
487 1640 692 1688 meum,
740 1640 908 1676 soror*
935 1641 1093 1688 mea,
1138 1639 1345 1689 sponsa
1385 1641 1537 1688 mea,
1572 1625 1699 1674 vul-

159 1711 378 1760 nerasti
417 1724 512 1758 cor
543 1725 723 1759 meum
759 1710 816 1758 in
837 1725 948 1760 uno
974 1709 1261 1760 oculorum
1281 1713 1516 1773 tuorum,
1556 1713 1613 1759 et
1636 1710 1695 1758 in

155 1810 268 1844 uno
307 1794 461 1842 crine
499 1793 634 1843 colli
666 1795 768 1844 tui.
839 1795 1021 1856 Quam
1057 1793 1285 1860 pulchre
1308 1799 1439 1844 sunt
1460 1809 1693 1860 mamme

155 1885 282 1946 tue,
343 1893 499 1928 soror
547 1894 698 1942 mea,
759 1894 964 1944 sponsa
1008 1893 1150 1928 mea.
1229 1878 1519 1928 Pulcriora
1564 1881 1697 1927 sunt

153 1964 334 2014 ubera
377 1967 474 2012 tna
518 1962 689 2027 vino’,
737 1967 793 2012 et
837 1968 1047 2014 cetera.
1129 1963 1239 2013 Per
1283 1963 1471 2026 deum,
1524 1962 1691 2014 valde

156 2048 454 2098 iucundum
501 2051 589 2098 est
632 2063 820 2098 amare
865 2047 1159 2110 mulieres,
1206 2047 1506 2098 secundum
1548 2045 1693 2098 illud

155 2149 378 2183 carmen
413 2131 692 2184 Samuelis
727 2123 919 2199 poete:

323 2217 521 2282 Disce,
555 2219 704 2268 bone
743 2217 968 2280 clerice,
1005 2217 1253 2282 virgines
1291 2228 1494 2281 amare,

327 2303 470 2365 Quia
505 2303 693 2352 sciunt
726 2301 917 2352 dulcia
953 2300 1452 2365 osculaprestare,

322 2387 676 2438 Iuventatem
711 2385 966 2438 floridam
1000 2389 1154 2436 tuam
1179 2400 1545 2437 conservare!

157 2470 320 2534 ‘Quia
365 2487 518 2522 amor
562 2474 651 2520 est
695 2471 975 2531 char-itae,
1023 2474 1079 2519 et
1123 2468 1256 2518 deus
1302 2474 1389 2519 est
1423 2470 1691 2528 charitas,

158 2571 286 2621 ergo
340 2571 494 2605 amor
539 2569 654 2603 non
699 2555 851 2604 mala
897 2552 1037 2602 res':
1092 2551 1329 2603 solvatis
1372 2553 1507 2603 mihi
1550 2549 1692 2601 illud

158 2644 560 2704 argumentum.
631 2637 818 2687 Etiam
853 2635 994 2685 dicit
1028 2633 1315 2686 Salomon:
1362 2637 1444 2686 ‘Si
1476 2632 1695 2684 dederit

157 2723 316 2774 homo
361 2737 582 2774 omnem
617 2719 995 2771 substantiam
1040 2718 1231 2766 domus
1278 2731 1377 2780 sue
1420 2729 1523 2778 pro
1558 2707 1696 2754 dile-
