1942 3109
314 240 447 275 vor..
488 240 531 274 r.
600 234 670 275 28.
708 238 961 276 conum
991 240 1480 279 nonmutorrrn.
1603 228 1674 281 79

130 346 191 393 in
224 359 333 395 sua
368 350 493 394 arte
532 344 887 409 litteraliter,
934 350 992 396 et
1023 362 1132 397 non
1169 348 1498 415 intelligunt
1531 349 1672 400 alle·

132 430 322 495 goi-ias
360 434 423 481 et
456 431 845 495 expositiones
880 432 1224 498 spirituales,
1261 435 1396 499 quia
1417 440 1552 486 sunt
1571 435 1670 485 ho·

128 516 309 566 mines
358 514 645 565 carnales.
704 519 763 566 et
804 520 867 567 nt
912 518 1112 568 scribit
1151 516 1452 584 Apostolus
1489 534 1550 570 .1.
1597 520 1670 570 ad

130 599 457 651 Corinthios
494 614 596 650 ηε
646 599 935 652 ‘Animalis
985 603 1142 655 homo
1177 620 1288 655 non
1323 604 1566 671 percipit
1600 620 1668 656 ea

130 701 239 754 que
300 691 437 736 sunt
492 684 729 751 spiritus
786 686 915 737 dei'.
986 687 1094 739 Sed
1151 691 1394 754 possetis
1451 689 1667 739 dicere:

128 770 297 821 ‘unde
345 770 576 821 habetis
620 772 791 821 istam
850 772 1222 824 subtilitatem
1237 776 1282 824 ’θ’
1339 774 1666 840 Respondeo

126 855 279 920 quod
302 870 487 921 nuper
510 857 788 921 acquisivi
810 872 978 907 unum
1006 858 1224 923 librum,
1251 874 1413 923 quem
1437 861 1666 926 scripsit

126 940 359 1005 quidam
394 942 665 1006 magister
698 946 892 991 noster
924 941 1194 1009 Anglicus
1229 944 1296 994 de
1333 944 1524 997 ordine
1559 960 1658 995 no·

126 1030 245 1077 stro
258 1066 273 1091 ‚
313 1030 373 1076 et
390 1026 563 1076 habet
581 1042 781 1077 nomen
802 1026 1044 1077 Thomas
1064 1027 1132 1077 de
1155 1028 1410 1094 Walleys
1439 1034 1496 1081 et
1517 1044 1662 1081 com·

126 1112 353 1174 positus
388 1114 477 1160 est
508 1110 601 1161 ille
636 1111 785 1161 liber
819 1126 986 1176 super
1018 1112 1222 1163 librum
1255 1114 1666 1179 Metamorpho-

131 1209 263 1245 seos
300 1194 513 1259 Ovidii,
552 1210 832 1261 exponens
868 1212 1062 1247 omnes
1099 1188 1324 1249 fabulas
1359 1198 1661 1265 allegorice

128 1284 187 1329 et
209 1280 599 1345 spiritualiter.
636 1281 713 1331 Et
734 1286 823 1332 est
844 1282 925 1332 ita
947 1283 1248 1348 profundus
1269 1284 1331 1334 in
1355 1284 1663 1349 Theologia

124 1364 275 1428 quod
306 1381 425 1415 non
460 1366 711 1416 creditis.
782 1366 1162 1419 certissimum
1197 1374 1286 1419 est
1317 1368 1464 1433 quod
1498 1370 1656 1434 spiri·

122 1454 459 1500 tussanctus
505 1450 714 1501 infudit
758 1451 889 1502 huic
932 1454 1056 1504 viro
1101 1454 1276 1504 talem
1335 1452 1644 1503 doctrinam

122 1536 275 1597 Quia
310 1534 517 1585 scribit
550 1536 632 1585 ibi
659 1537 1084 1587 concordantias
1106 1539 1255 1588 inter
1279 1552 1498 1589 sacram
1523 1538 1658 1589 scri·

121 1624 375 1684 pturam,
416 1624 477 1669 et
510 1619 737 1671 fabulas
774 1624 1055 1687 poetales:
1105 1624 1256 1673 sicut
1289 1625 1526 1688 potestis
1561 1638 1658 1674 no·

122 1709 249 1755 tare
286 1720 358 1753 ex
394 1705 527 1753 istis
562 1719 671 1773 que
706 1707 821 1756 iam
854 1722 1074 1773 ponam.
1147 1708 1233 1759 De
1269 1708 1510 1759 Phitone
1543 1722 1658 1759 ser·

118 1792 291 1853 pente
328 1802 499 1853 quem
532 1790 821 1841 interfecit
842 1790 1062 1857 Apollo,
1101 1794 1300 1845 scribit
1321 1792 1656 1843 Psalmista=

123 1872 332 1925 ‘Draco
385 1874 501 1925 iste
559 1888 723 1937 quem
763 1876 1019 1927 formasti
1063 1877 1133 1927 ad
1176 1875 1522 1927 illudendum
1567 1877 1656 1927 ei’.

118 1964 183 2009 et
212 1961 455 2010 iterum:
492 1958 693 2024 ‘Super
726 1961 974 2026 aspidem
1011 1966 1068 2013 et
1101 1962 1426 2013 basiliscum
1464 1960 1656 2013 ambu-

122 2043 311 2095 labis’.
383 2045 471 2095 De
498 2043 740 2095 Saturno
780 2047 874 2109 qui
908 2047 1235 2112 supponitur
1267 2046 1428 2097 homo
1461 2062 1653 2112 senex,

118 2134 179 2179 et
212 2134 383 2194 pater
416 2128 645 2179 deorum
683 2130 969 2181 comedens
1005 2130 1150 2183 filios
1187 2144 1345 2195 suos,
1391 2131 1657 2182 scribitur

120 2215 195 2263 ab
230 2212 569 2264 Ezechielez
618 2212 935 2266 ‘comedent
977 2220 1168 2281 patres
1201 2216 1348 2267 filios
1381 2216 1442 2266 in
1472 2218 1652 2271 medio

118 2300 243 2349 tui‘.
312 2299 511 2349 Diana
532 2298 813 2365 significat
835 2300 1218 2352 beatissimam
1237 2302 1508 2367 virg-inem
1531 2302 1650 2353 Ma·

120 2386 281 2447 riam,
318 2384 619 2435 ambulans
646 2399 767 2434 cum
800 2384 991 2436 multis
1025 2386 1337 2452 virginibus
1373 2386 1649 2439 hincinde.

124 2473 183 2519 et
214 2468 351 2535 ergo
388 2468 459 2518 de
496 2464 865 2521 ea'scribitur
898 2471 955 2519 in
991 2470 1260 2521 Psalmis=
1296 2470 1651 2523 Adducentur

122 2555 373 2619 virgines
406 2558 541 2618 post
560 2556 718 2605 eam'.
792 2558 851 2604 et
874 2554 1042 2606 alibiz
1079 2554 1280 2605 ‘Trahe
1303 2570 1392 2605 me
1413 2562 1540 2620 post
1561 2561 1618 2605 te
1634 2572 1650 2604 τ

124 2650 412 2690 curremus
458 2639 517 2687 in
563 2638 728 2689 odore
772 2644 1141 2703 ungentorum
1185 2640 1438 2689 tuorum’.
1507 2640 1650 2687 Item

122 2724 189 2774 de
222 2724 363 2787 Iove
398 2720 625 2789 quando
658 2722 953 2775 defloravit
985 2722 1328 2775 Calistonem
1361 2719 1654 2779 virginem,
