1942 3109
243 226 344 279 446
467 240 864 280 nmeronnvu
902 240 1275 281 onscvaonvu
1309 240 1566 279 vmonvu

245 351 488 412 amotae,
527 363 762 415 ganzas,
797 347 946 398 bona
981 346 1253 413 piscalia,
1289 347 1437 399 bona
1475 350 1765 415 coqualia3

246 432 420 486 habet
455 422 626 485 etia'm
660 434 851 485 vinum
887 431 1013 498 Cos,
1052 438 1161 484 etc.

271 537 286 545 “
345 519 503 572 Tunc
525 518 653 572 volo
689 516 882 571 sedere
917 518 977 569 in
1010 517 1177 569 stuba
1210 533 1336 571 mea
1362 523 1419 569 et
1442 518 1684 585 studere,
1708 527 1770 572 ut

242 604 450 670 possim
483 604 713 657 rusticis
747 602 1053 671 praedicare
1087 604 1146 653 in
1191 603 1533 655 sermonibus
1576 605 1769 657 Parati

241 689 336 741 vel
361 688 626 755 discipuli
647 689 741 740 vel
763 690 934 740 etiam
956 690 1018 739 in
1040 686 1249 751 Biblia,
1274 689 1359 738 ita
1385 688 1533 753 quod
1556 704 1646 741 ero
1668 690 1765 739 ha-

242 775 495 825 bituatus
522 772 592 824 ad
615 772 1043 839 praedicandum.
1091 772 1321 823 Interim
1346 771 1527 823 adhuc
1548 772 1762 825 audiam

243 858 576 925 Magistrum
611 858 880 909 Thomam
913 856 982 909 de
1018 857 1259 909 Walleis
1297 858 1393 923 qui
1428 858 1564 927 legit
1596 857 1764 923 Logi-

246 958 369 995 cam
419 946 478 994 et
514 941 940 995 concordantias
988 944 1136 995 inter
1171 957 1390 996 sacram
1426 942 1765 1009 Scripturam

246 1032 304 1081 et
335 1010 564 1081 fabulas
599 1027 881 1079 Poetales.

348 1112 660 1181 Compilavi
717 1127 886 1163 unam
929 1112 1227 1180 epistolam
1272 1112 1631 1165 carminalem
1672 1128 1769 1165 seu

245 1201 571 1265 meti-osam,
624 1213 790 1262 quam
834 1198 962 1251 volo
1008 1198 1229 1251 mittere
1264 1197 1593 1264 imprimere.
1662 1196 1771 1249 Sed

244 1287 376 1351 peto
413 1283 560 1351 quod
593 1283 730 1334 mihi
763 1282 831 1335 de
865 1283 975 1335 hac
1008 1285 1165 1351 prius
1199 1282 1402 1334 dicatis
1437 1285 1777 1335 sentimenta

245 1373 453 1421 vestra.
523 1368 723 1422 Valete
761 1368 945 1419 laetius
984 1382 1151 1434 quam
1186 1369 1309 1435 apia
1345 1369 1404 1418 in
1439 1368 1644 1434 thymo,
1679 1368 1779 1419 vel

247 1454 422 1519 piscis
458 1455 516 1505 in
551 1452 734 1506 undis.
800 1452 1004 1505 Valete
1042 1452 1222 1505 adhuc
1258 1454 1446 1505 semel.

313 1556 523 1607 Datum
557 1555 617 1605 in
649 1554 786 1606 urbe
820 1553 1025 1619 Roma,
1128 1555 1228 1606 ubi
1262 1558 1393 1607 sunt
1423 1553 1706 1605 mirabilia

856 1654 1039 1706 poma,

319 1726 455 1788 Quae
512 1726 709 1777 rustici
761 1725 844 1776 ibi
885 1724 1133 1777 vendunt
1244 1729 1302 1776 et
1354 1739 1456 1789 per
1504 1722 1711 1776 libram

857 1810 999 1861 bene
1036 1807 1299 1876 pendunt,

317 1892 478 1945 Sicut
513 1909 616 1961 ego
650 1894 766 1949 vidi
851 1898 908 1947 et
941 1910 1041 1961 per
1076 1891 1479 1960 experientiam
1513 1890 1710 1945 didici.

854 1980 1049 2032 Amen.

974 2215 1055 2263 14.

586 2330 980 2416 Magister
1022 2328 1451 2417 Zepfelius

254 2434 610 2503 supradictus
659 2433 728 2486 ad
766 2432 1044 2500 quondam
1077 2434 1324 2488 Priorem
1360 2438 1508 2488 inter
1544 2436 1661 2487 alia
1698 2436 1787 2486 ita

895 2522 1148 2586 scripsit:

357 2636 503 2700 Quia
556 2645 744 2693 vestra
797 2640 1112 2691 reverentia
1164 2636 1287 2688 vult
1339 2637 1513 2699 scire,
1583 2638 1797 2701 qualia

254 2721 533 2777 vocabula
587 2729 645 2775 et
694 2722 962 2790 dyalogus
1014 2723 1153 2775 meis
1208 2720 1396 2787 pueris
1453 2734 1793 2787 proponam,
