1942 3109
174 262 413 297 on'rvlm
452 259 649 297 GBA'rn
687 259 964 297 EPISTOLA
1000 260 1409 298 APOLOGETICA.
1479 248 1579 300 335

88 367 515 429 versionemque
560 366 869 434 reipublice
918 366 1220 434 christiane
1267 370 1580 435 querentes,

92 467 159 503 ec
199 467 411 502 summo
446 451 713 516 pontifici,
753 452 903 516 patri
936 468 1067 503 vere
1100 451 1442 515 beatissimo,
1477 467 1580 502 nec

87 537 265 587 xteris
313 536 483 586 etiam
528 536 849 587 nationibus
884 538 943 587 in
978 537 1232 603 pessimis
1267 536 1579 601 quibusque

90 624 370 672 arcentes,
441 620 699 687 Elinguis
757 622 1009 687 profecto
1058 626 1113 672 et
1155 625 1336 672 mutus
1383 620 1578 672 Cicero

87 723 181 758 sse
217 708 409 772 posset
444 706 502 755 in
536 710 651 757 tam
685 707 804 757 lata
839 710 1062 770 tamque
1101 706 1285 771 ampla
1321 722 1389 756 ac
1412 706 1580 772 plane

86 792 367 844 xecrabili
412 792 766 844 obscurorum
811 792 1065 842 materia.
1145 791 1416 842 Vitiorum
1461 792 1581 855 qui-

86 894 179 929 em
202 876 369 940 'apud
405 890 499 926 eos
534 877 743 927 referta
778 880 909 927 sunt
942 876 1153 940 omnia,
1193 891 1300 945 que
1336 876 1578 940 unquue

84 964 212 1011 acto
251 961 470 1025 agmine
506 962 567 1010 in
599 976 700 1011 nos
734 962 984 1012 insontes
1029 962 1269 1026 irruunt,
1321 959 1575 1028 [nosque]

85 1048 443 1108 ircumstant,
478 1049 747 1110 premunt,
784 1050 1001 1112 urgent.
1037 1045 1234 1114 Anime
1269 1050 1455 1097 autem
1480 1061 1579 1113 sue

88 1130 473 1183 iscriminibus
525 1130 827 1181 miserrime
881 1132 1185 1193 iactantur,
1245 1132 1308 1180 ut
1349 1128 1580 1181 difficile

82 1220 128 1268 it
175 1217 237 1266 in
282 1219 501 1280 portum
536 1216 660 1267 sese
706 1216 777 1266 ab
822 1216 906 1265 his
942 1214 1246 1266 salutarem
1282 1213 1583 1279 appellere.

82 1302 279 1367 guibus
317 1302 551 1364 querar?
590 1315 725 1365 quos
749 1300 1066 1365 implorem?
1101 1299 1285 1350 Nimia
1308 1298 1583 1351 mehercle

86 1391 143 1438 st
192 1384 560 1449 improborum
607 1384 947 1449 quorundam
984 1383 1120 1449 (non
1154 1382 1277 1435 dico
1313 1381 1581 1449 omnium)

80 1470 567 1525 :euchlinistarum
603 1468 863 1534 licentia,
899 1473 1014 1520 tum
1048 1470 1108 1519 in
1145 1468 1384 1539 ecclesie
1420 1484 1582 1520 scan-

86 1558 276 1619 alum,
325 1558 440 1605 tum
483 1556 541 1606 in
586 1556 852 1606 bonorum
897 1554 1136 1605 omnium
1183 1556 1581 1619 confusionem,

86 1641 236 1695 eluti
272 1655 339 1689 ex
362 1654 505 1701 equo
530 1640 746 1689 troiano
774 1639 1105 1689 catervatim
1136 1638 1578 1703 redundantium,

80 1724 287 1784 ammi,
324 1722 514 1784 infimi,
548 1723 850 1772 mediocres
886 1723 1268 1787 prolabuntur.
1305 1725 1380 1772 Et
1397 1724 1580 1774 Plinio

80 1812 205 1862 este
244 1804 428 1853 ‘Multi
463 1805 669 1854 famam
704 1804 841 1869 (etsi
864 1806 1215 1857 umbratilem
1243 1822 1308 1856 ac
1331 1806 1580 1871 vanam),

88 1891 229 1947 auci
286 1888 686 1938 conscientiam
729 1890 1026 1939 verentur’.
1109 1904 1215 1957 que
1261 1894 1450 1941 ta'men
1495 1891 1584 1956 (ut

80 1973 406 2043 „agustinus
459 1972 621 2022 nobis
677 1974 943 2037 scriptum
995 1972 1250 2039 reliquit)
1300 1978 1386 2025 est
1428 1977 1580 2027 mille

80 2066 253 2117 estes.
332 2048 385 2107 ([
428 2058 634 2109 Verum
682 2056 984 2120 enimvero,
1043 2061 1106 2107 ut
1157 2072 1256 2109 vos
1301 2059 1579 2124 appellem

81 2154 206 2201 itra
230 2148 477 2196 vestram
502 2145 671 2205 atque
696 2140 929 2192 aliorum
951 2141 1408 2207 indignationem,
1436 2143 1580 2206 Quid

82 2238 294 2287 bsecro
329 2228 488 2279 vobis
523 2229 755 2292 prosunt
792 2226 1066 2290 convitia,
1106 2226 1239 2289 quid
1271 2228 1577 2288 mendacia,

88 2314 195 2372 uid
233 2311 596 2379 contumelie?
644 2309 775 2375 quid
812 2309 1233 2375 cavillationes,
1271 2312 1402 2375 quid
1435 2314 1577 2364 ludi·

80 2382 215 2463 ria,
255 2396 385 2462 quid
418 2396 588 2463 stulte
623 2395 682 2444 in
720 2394 899 2463 celum
942 2394 1260 2459 irrisiones,
1306 2397 1436 2460 quid
1480 2399 1577 2447 im-

81 2493 150 2553 ¹143
200 2481 425 2534 tandem
470 2482 725 2549 hereses?
796 2480 989 2531 Nonne
1035 2480 1302 2544 scriptum
1345 2481 1578 2547 legimus

80 2566 509 2623 Confundantur
545 2582 731 2617 omnes
766 2566 1040 2616 facientes
1073 2562 1282 2616 vana’?
1339 2566 1412 2616 At
1445 2566 1579 2618 mihi

80 2657 191 2725 *uis
229 2652 512 2718 obiecerit,
550 2650 923 2703 ‘Facetiarum
959 2650 1143 2717 gratia
1177 2650 1402 2701 obscuri
1435 2652 1577 2701 talia

80 2739 245 2801 oeuti
278 2740 440 2791 sunt'.
508 2737 654 2804 Eho,
690 2739 941 2803 inquam,
980 2736 1068 2789 vir
1099 2738 1269 2802 bone,
1305 2736 1579 2805 Numquid
