1942 3109
152 215 211 259 19.
234 219 403 255 cuns.
431 218 826 256 nnmsuxox.
863 214 930 259 2⁰.
955 218 1128 263 uano.
1156 220 1513 259 montanum.
1568 204 1671 257 229

863 408 948 463 20.

144 528 192 587 (Ι
217 524 627 609 Magister
655 523 1181 610 Marquardus
1213 524 1671 591 Fotzenhut

431 626 772 692 Magistro
811 627 1098 680 Ortvino
1135 628 1377 681 Gratio

140 746 390 797 Salutem
439 760 563 795 eum
608 747 874 797 servitute
931 748 1238 802 amicabili.
1318 746 1671 799 Venerabilis

137 830 360 881 domine
395 830 686 894 Magister.
739 832 890 880 sient
933 832 1183 882 scribitis
1216 832 1355 881 mihi
1392 830 1538 896 quod
1572 831 1669 883 de·-

133 915 240 965 beo
281 913 582 965 notificare
625 915 786 965 vobis
823 914 892 964 de
927 916 1200 979 Magistro
1234 920 1422 966 nostro
1457 916 1664 967 Iacobo

133 998 200 1049 de
237 999 652 1062 Hoehstraten,
689 997 904 1049 Scitote
943 997 1089 1062 quod
1123 999 1327 1065 Iuriste
1363 1000 1581 1049 faciunt
1616 1000 1668 1049 ei

133 1072 396 1149 magnam
421 1082 768 1132 instantiam.
832 1080 941 1131 Sed
965 1082 1114 1132 sieut
1151 1098 1252 1147 ego
1294 1082 1511 1145 audivi,
1548 1082 1667 1133 ‹lia—

131 1168 294 1221 bolus
356 1166 660 1218 confundet
715 1180 828 1217 eos.
911 1166 1059 1228 Quia
1117 1166 1277 1216 multi
1338 1164 1667 1216 cardinales

127 1256 264 1302 sunt
307 1266 410 1316 pro
453 1249 643 1312 vobis,
697 1254 756 1300 et
799 1250 1067 1317 precipue
1107 1249 1423 1301 Cardinalis
1468 1254 1665 1318 sancte

130 1335 362 1398 Crucis,
411 1334 509 1398 qui
551 1326 720 1384 debet
761 1332 882 1383 fieri
931 1349 1081 1399 papa
1116 1335 1337 1399 quando
1371 1335 1471 1385 ille
1506 1336 1665 1399 Papa

125 1420 382 1470 moritur.
443 1417 518 1467 Et
551 1417 742 1469 audivi
777 1419 925 1483 quod
960 1418 1101 1468 dixit
1135 1417 1274 1483 ‘Ego
1308 1417 1439 1469 volo
1476 1417 1667 1468 defen-

125 1504 261 1555 dere
319 1502 480 1552 illum
535 1502 841 1553 notabilem
887 1503 1229 1567 Theologum
1275 1502 1539 1553 Iacobum
1594 1500 1661 1553 de

125 1588 250 1639 alta
287 1586 484 1652 platea
511 1590 704 1637 eontra
724 1586 1029 1650 Reuehlin‚
1068 1592 1125 1637 et
1158 1588 1208 1637 si
1244 1602 1433 1638 omnes
1457 1588 1661 1654 Itu-iste

124 1674 186 1721 in
223 1674 348 1721 toto
384 1669 586 1720 mundo
623 1674 838 1721 starent
871 1686 970 1736 pro
1008 1674 1111 1722 ου’.
1174 1671 1335 1721 Sient
1370 1671 1542 1722 etiam
1579 1671 1663 1720 fe-

125 1758 234 1819 eit,
288 1767 414 1803 eum
457 1754 656 1804 habuit
692 1753 864 1804 semel
899 1754 1171 1805 articulos
1209 1758 1401 1805 eontra
1436 1756 1661 1804 Petrum

119 1840 544 1901 Ravennatem,
595 1838 690 1901 qui
727 1839 895 1889 etiam
930 1838 1158 1889 fuerunt
1190 1838 1423 1889 multum
1458 1838 1661 1904 hereti—

122 1922 308 1974 eales.
402 1920 478 1969 Et
529 1920 748 1972 debetis
793 1937 892 1987 pro
941 1926 1093 1973 certo
1148 1923 1385 1986 habere,
1440 1920 1659 1972 domine

122 2006 400 2068 Ortfine,
449 2005 593 2069 quod
639 2006 736 2057 ille
775 2006 1093 2057 Cardinalis
1142 2005 1326 2055 adhue
1362 2004 1663 2055 confundet

120 2104 320 2143 omnes
367 2089 628 2154 ini-istas,
677 2091 812 2154 quia
857 2095 942 2141 est
984 2090 1163 2140 bonus
1208 2102 1307 2152 pro
1342 2080 1661 2151 Theologis.

120 2175 200 2224 Et
243 2176 334 2225 est
379 2172 549 2223 etiam
593 2174 768 2224 bonus
815 2190 914 2239 pro
959 2172 1375 2240 rege-Franeie
1422 2176 1480 2223 et
1525 2171 1659 2221 Uni-

122 2259 404 2310 versitate
460 2257 854 2308 Parrhisiensi.
935 2256 1215 2321 Antiquae
1258 2256 1377 2308 Rex
1418 2257 1657 2324 Franeie

121 2342 307 2393 voluit
341 2342 521 2405 ipsum
555 2342 748 2392 faeere
782 2341 1013 2406 Papam.
1082 2340 1271 2391 Etiam
1308 2340 1455 2391 alias
1488 2340 1658 2391 habe·

124 2428 198 2477 tis
239 2428 446 2477 bonam
496 2440 740 2476 eausam.
815 2424 950 2475 Cum
996 2424 1104 2475 hoo
1150 2423 1425 2488 Magister
1458 2424 1660 2475 Noster

122 2511 366 2561 Iacobus
403 2508 558 2559 dedit
592 2513 722 2559 ante
759 2513 884 2559 oeto
909 2508 1031 2559 dies
1054 2523 1221 2558 unam
1246 2508 1504 2573 pinguem
1528 2523 1656 2573 pro-

121 2596 314 2660 pinam
332 2593 433 2643 uni
451 2592 832 2645 referendario
857 2592 1145 2643 cuiusdam
1159 2591 1473 2642 cardinalis
1494 2606 1657 2655 quem

119 2694 234 2731 non
269 2678 400 2730 volo
447 2678 765 2743 nominare,
813 2678 911 2739 qui
955 2674 1125 2727 debet
1170 2690 1293 2725 eum
1338 2689 1657 2738 promovere
