1942 3109
184 264 259 299 nn
280 260 907 303 consvnn‘rr.vrc'r.nn
930 262 1154 299 :unnim
1179 262 1252 297 nr
1275 262 1606 297 nnvcnmrn.
1643 245 1711 297 43

186 369 341 436 lonie
388 384 531 419 nono
569 368 856 433 Octobris,
902 366 1060 419 Anno
1096 366 1392 418 Millesimo
1441 366 1708 431 quingen—

184 454 384 503 tesimo
420 452 647 504 decimo.
759 507 763 511 ,

793 539 994 604 Vestre
1033 535 1382 587 celsitudinis

496 613 547 673 (l
582 622 822 693 Humilis
858 625 1048 672 orator
1083 625 1138 671 et
1171 620 1426 673 servulus
1461 618 1640 671 frater

489 707 729 759 Iacobus
773 707 1152 758 Hoehstraten
1209 705 1415 757 ordinis
1459 703 1642 771 predi-

494 796 745 843 catorum
782 796 838 842 et
860 792 1110 858 heretice
1134 791 1434 856 pravitatis
1459 790 1642 854 inqui·

916 877 1068 927 sitor.
1108 880 1164 927 et
1190 891 1235 925 c.

622 950 674 1009 (I
706 961 907 1009 Frater
939 959 1022 1009 Ia.
1057 960 1358 1009 Hochstra.
1395 961 1490 1022 qui
1523 974 1709 1025 supra.

298 1127 742 1180 Consultatio
801 1128 1010 1179 domini
1053 1128 1360 1180 Victoris
1420 1126 1498 1177 de
1542 1127 1713 1178 Kar-

191 1216 229 1265 b
242 1229 272 1263 e
285 1228 322 1262 n
334 1251 349 1277 ,
395 1213 527 1263 olim
568 1212 729 1280 Iudei
770 1228 917 1263 nunc
960 1229 1092 1264 vero
1141 1212 1348 1262 Christi
1391 1212 1714 1277 sacerdotis,

196 1298 295 1362 qui
330 1312 454 1348 cum
497 1298 865 1349 universitate
906 1296 1226 1349 Coloniensi
1275 1295 1548 1347 conclusit
1562 1335 1576 1361 ‚
1622 1296 1716 1347 hic

194 1385 422 1447 propter
455 1382 833 1447 prolixitatem
866 1384 1088 1435 omissa.

300 1551 739 1604 Consultatio
784 1553 1074 1604 Ioannis
1117 1552 1490 1616 Reuchlin,
1553 1566 1716 1615 quam

198 1638 427 1702 scripsit
453 1652 551 1701 pro
570 1636 756 1704 Iudeis
778 1640 835 1688 et
858 1642 1054 1688 contra
1085 1652 1195 1701 nos·
1211 1636 1566 1688 Christianos
1589 1636 1716 1686 illo-

197 1738 319 1772 rum
346 1719 517 1771 libros
542 1720 904 1785 defendendo,
938 1721 1046 1771 hoc
1080 1721 1206 1772 loco
1240 1726 1466 1786 propter
1488 1720 1716 1786 prolixi-

198 1808 373 1855 tatem
396 1806 679 1857 inutilinm
704 1821 773 1855 ac
795 1806 1156 1871 pessimorum
1177 1806 1470 1857 verborum
1495 1806 1715 1855 omissa.

197 1888 276 1937 Et
319 1888 369 1937 si
416 1889 539 1951 quis
572 1888 981 1955 Philocapnion
1023 1892 1140 1939 sive
1185 1889 1574 1940 Reuchlinista
1617 1904 1719 1940 nos

194 1972 505 2037 interroget
535 1970 746 2034 ‘Quare
779 1987 893 2021 non
924 1973 1169 2037 posuisti
1199 1972 1306 2021 hoc
1339 1972 1466 2023 loco
1503 1972 1722 2022 consul-

198 2058 471 2108 tationem
503 2056 731 2106 Ioannis
764 2055 1040 2107 Reuchlin
1073 2054 1141 2106 de
1175 2056 1344 2106 verbo
1381 2054 1451 2103 ad
1494 2054 1722 2105 verbum

198 2141 369 2192 sicuti
412 2140 647 2191 aliarum
690 2141 1117 2192 universitatum
1154 2143 1211 2191 et
1237 2141 1338 2190 c.?’
1395 2139 1720 2206 Respondeo

196 2225 285 2275 Ea
320 2239 431 2275 non
468 2240 591 2276 esse
630 2241 663 2276 a
698 2242 783 2277 me
818 2224 1247 2292 promulganda,
1279 2225 1288 2291 Ι
1321 2239 1427 2293 que
1461 2227 1521 2275 in
1555 2240 1717 2276 scan-
1741 2222 1784 2285 Ξῧ

196 2308 387 2361 dalum
423 2308 663 2377 ecclesie
696 2327 795 2376 pro
818 2310 1006 2378 Iudeis
1032 2310 1348 2375 conscripta
1371 2315 1519 2374 sunt,
1551 2312 1716 2361 immo

198 2396 371 2446 etiam
436 2410 543 2462 que
600 2395 669 2445 ab
726 2396 1098 2460 inclytissime.
1143 2410 1372 2463 cesarea
1424 2396 1720 2445 maiestate

198 2479 325 2546 (pro
359 2483 421 2530 nt
456 2479 691 2530 inferius
727 2480 785 2529 in
818 2478 1098 2530 mandatis
1135 2479 1260 2530 luce
1309 2478 1516 2529 clarius
1561 2483 1718 2543 pate-

200 2564 307 2627 bit)
348 2568 654 2628 arrestata,
704 2566 1047 2629 contempta,
1093 2578 1162 2614 ac
1207 2563 1430 2615 tandem
1465 2565 1538 2615 ab
1574 2564 1722 2614 omni

200 2663 307 2696 usu
340 2650 563 2715 precisa
587 2652 645 2699 et
666 2650 724 2698 in
748 2648 983 2699 nihilum
1003 2646 1322 2714 redigenda,
1361 2662 1468 2714 quc
1491 2648 1719 2710 inquam

200 2746 239 2780 a
274 2728 507 2783 diversis
550 2733 1012 2785 universitatibus
1051 2732 1443 2794 condemnata,
1493 2732 1564 2780 ab
1603 2730 1719 2794 epi-
