1942 3109
306 236 411 291 354
479 249 721 289 ΟΒΤῩῙΗΙ
762 248 963 287 olum-11
999 246 1286 283 murrons
1325 245 1756 283 Arctoonncs.

310 358 633 425 ciprianus,
666 370 767 423 per
798 354 974 407 verba.
995 352 1164 404 Pauli
1202 352 1454 417 apostoli
1481 349 1624 421 (que
1659 353 1858 405 haben-

311 450 406 495 tur
439 443 568 495 dist.
602 457 735 493 v111.
768 436 1147 505 Consuetudo)
1187 437 1576 503 pulcherrime
1626 440 1858 491 subscri-

310 531 417 581 bit.
468 528 545 579 Et
575 526 907 579 Aristoteles
945 538 1166 589 quoque
1203 522 1304 575 lib.
1341 537 1410 573 11.
1437 522 1856 577 Rhetoricorum

314 616 500 680 Turpe
544 615 706 681 putat
738 612 1027 678 ignorare,
1063 607 1213 673 quod
1247 607 1514 660 omnibus
1553 611 1714 662 scire
1751 625 1850 661 eon-

314 701 526 753 veniat.
602 699 751 748 Hinc
804 700 891 747 est
948 693 1094 760 quod
1133 694 1524 758 Hieronymus
1587 696 1770 747 habet
1811 698 1867 744 ina

316 784 583 851 originali
624 796 793 849 super
838 780 1033 839 Amos,
1093 782 1152 829 et
1205 778 1454 830 maxime
1509 786 1712 832 contra
1751 796 1854 842 eos,

320 871 417 935 qui
462 868 730 921 affectato
778 865 1036 934 excecati
1080 864 1276 915 favore
1314 864 1644 917 veritatem
1691 864 1854 919 audire

319 956 695 1006 contemnunt.
766 951 1116 1015 ‘Quicunque
1156 946 1282 1013 (ait)
1320 949 1422 1000 vel
1473 952 1852 1018 consanguini-

320 1044 441 1091 tate
484 1038 581 1091 vel
625 1038 915 1099 amicicia,
970 1035 1066 1086 vel
1113 1048 1424 1087 econverso
1475 1035 1696 1087 hostili
1737 1036 1850 1087 odio.

317 1124 414 1177 vel
447 1122 770 1175 inimiciciis
807 1118 1105 1171 iudicando
1142 1118 1384 1183 ducitur,
1405 1123 1704 1185 pervertit
1733 1120 1868 1170 iudi-1

322 1210 469 1261 cium
503 1208 595 1258 dei
629 1207 857 1271 Christi,
895 1206 993 1271 qui
1025 1208 1112 1255 est
1144 1204 1414 1256 iusticia'.
1498 1196 1560 1256 (ἶ
1591 1207 1852 1259 Postremo

325 1297 511 1346 autem
546 1294 597 1343 si
630 1294 688 1343 in
723 1293 996 1343 fermento
1040 1290 1270 1357 malicie
1318 1292 1377 1339 et
1421 1294 1730 1360 nequitie,
1765 1291 1852 1341 hoc

326 1382 415 1431 est
456 1380 649 1430 vestra
694 1376 923 1427 malicia
968 1372 1101 1443 (que
1159 1373 1476 1426 secundum
1524 1376 1850 1429 Ambrosium

322 1465 381 1513 in
415 1463 757 1525 Exameron,
806 1465 893 1512 est
935 1461 1136 1511 mentis
1174 1463 1345 1523 atque
1383 1461 1574 1513 animi
1611 1462 1850 1530 deprava·

322 1548 425 1611 tio,
462 1560 681 1614 queque
716 1544 900 1596 fallax
936 1547 1022 1595 est
1056 1542 1294 1595 nocendi
1325 1545 1505 1610 ratic,
1539 1552 1620 1598 ut
1651 1552 1866 1612 magnus!

322 1631 425 1682 ille
462 1630 657 1681 Cicero
694 1630 835 1681 libro
873 1630 1038 1681 tertio
1074 1628 1143 1679 de
1178 1633 1384 1681 natura
1419 1629 1672 1683 deorum
1701 1635 1850 1682 testa-

325 1714 439 1782 tur)
473 1714 823 1782 impudenter
858 1711 1029 1779 (quod
1064 1712 1235 1778 absit)
1273 1729 1660 1779 perseverare
1694 1716 1852 1769 volue-

327 1804 483 1867 ritis,
528 1800 772 1852 unimam
816 1800 1072 1867 profecto
1108 1802 1355 1850 vestram
1401 1800 1725 1853 occidendo
1765 1814 1850 1849 uns

330 1904 455 1939 cum
498 1900 628 1952 rege
664 1888 854 1937 vestro
892 1882 1375 1949 (quemadmodum
1407 1882 1640 1950 Regum
1683 1887 1852 1951 primo.

330 1988 377 2022 c.
406 1986 567 2025 .xx11.
594 1974 650 2022 et
684 1968 939 2035 Sapient.
961 1984 1009 2019 c.
1036 1984 1152 2019 xv1.
1189 1968 1362 2035 prisci
1395 1969 1566 2019 nobis
1607 1973 1866 2037 seriptum}

329 2053 631 2121 reliquere)
679 2059 930 2107 actutum
975 2053 1260 2120 peribitis,
1305 2066 1524 2116 vosque
1573 2070 1708 2107 sero
1738 2056 1852 2105 resi-

330 2142 521 2207 puisse
554 2140 837 2206 Phrygum
870 2156 1021 2191 more
1055 2136 1526 2191 lamentabimini.
1601 2140 1751 2192 Nam
1782 2140 1854 2204 qui

329 2225 603 2277 iustificat
645 2225 875 2289 impium
922 2220 1008 2288 (ut
1050 2224 1287 2275 habetur
1329 2222 1701 2276 Proverbior.
1735 2224 1850 2276 1111)

336 2313 391 2362 et
424 2310 633 2361 iustum
668 2307 1027 2375 condemnat,
1073 2312 1306 2373 uterque
1345 2308 1760 2363 abominabilis
1789 2315 1854 2359 est

336 2395 484 2463 apud
518 2394 698 2447 deum.
766 2394 1020 2458 Itemque
1055 2394 1106 2445 si
1138 2390 1394 2445 videntes
1429 2392 1657 2459 videre,
1695 2399 1742 2449 si
1771 2408 1863 2444 aiu-1

335 2480 553 2531 dientes
602 2477 821 2543 audire,
876 2479 928 2530 si
969 2478 1355 2544 intelligentes
1398 2476 1766 2548 intelligere,
1815 2484 1856 2529 et

333 2562 635 2626 prophanis
690 2562 928 2627 denique
983 2562 1305 2613 auctoribus
1367 2576 1570 2615 sacros
1633 2566 1853 2629 ecclesh-³

399 2728 423 2760 '⁷
458 2730 679 2779 execati
702 2731 753 2780 1.
861 2726 900 2761 ¹¹
935 2727 1211 2795 iusticia]
1233 2728 1466 2783 iudicia.
1492 2734 1547 2783 1.
1575 2736 1636 2787 2.
