1942 3109
359 247 460 302 294
529 261 999 301 nannum-rmum
1038 260 1342 299 onscvnon.
1372 261 1713 301 murenam.
1740 261 1845 300 now

361 371 616 437 gramus’.
686 371 808 437 Hec
845 369 959 420 ille.
1036 359 1088 418 (I
1124 367 1402 418 Senecam
1442 381 1689 433 quoque
1728 369 1843 420 audis

361 471 482 507 mus
517 456 660 507 libro
696 455 762 506 de
798 453 1111 506 beneficiis:
1168 451 1431 519 ‘Ineptie,
1474 453 1699 518 inquit,
1734 455 1845 520 poeti

359 541 763 604 relinquantur,
789 541 989 604 quibus
1026 552 1186 590 aures
1222 535 1526 588 oblectare
1566 541 1845 607 propositmz

363 629 448 677 cst
484 629 540 675 et
573 624 788 675 dulcem
825 625 1077 675 fabulam
1110 625 1351 674 nectere.
1402 621 1526 672 Sed
1556 626 1665 688 qui
1689 623 1844 690 ingenia

363 725 593 774 sanare,
665 713 722 761 et
773 707 931 760 fidem
990 711 1047 758 in
1099 708 1265 758 rebus
1310 707 1591 759 humanis
1644 711 1842 760 retinere.

365 811 432 847 ac
465 795 783 846 memoriam
819 793 1127 844 officiorum
1163 792 1361 843 animis
1398 792 1683 857 ingerere
1702 792 1839 844 volunt.

362 881 506 931 serio
540 879 838 945 loquantur
873 881 930 929 et
961 879 1179 944 magnis
1214 877 1431 928 viribus
1478 883 1703 944 agant’.
1732 874 1837 927 mest

367 965 564 1017 Cicero
601 965 698 1029 qui
742 965 886 1017 libro
925 979 1008 1014 .11.
1046 963 1114 1013 de
1160 961 1555 1027 divinatione,
1602 963 1736 1013 nihil
1768 958 1844 1010 vult

366 1066 488 1101 esse
533 1051 592 1100 in
634 1049 989 1115 philosophia
1034 1046 1432 1098 commentitiis
1496 1049 1721 1098 fabellis
1759 1043 1843 1094 loci

363 1137 438 1185 Et
473 1137 868 1185 commentator
901 1148 1067 1198 super
1099 1145 1185 1182 .11.
1220 1131 1611 1197 metaphysica}
1646 1130 1845 1178 Consue-

364 1218 610 1271 tudinem
655 1217 914 1270 audiendi
970 1217 1235 1282 apologos
1282 1219 1340 1265 et
1386 1219 1622 1268 maxime
1658 1211 1845 1264 fabulas

366 1304 812 1372 impedimentum
849 1317 972 1354 esse
1006 1302 1129 1353 vult
1162 1301 1219 1350 in
1258 1303 1595 1364 cognitione
1626 1299 1838 1351 veritatis

365 1391 652 1440 Postremo
677 1389 1047 1452 Hieronymus
1080 1387 1270 1435 noster
1303 1385 1363 1433 in
1400 1387 1659 1450 epistola
1683 1385 1746 1436 de
1764 1384 1837 1432 duc:-

366 1475 469 1523 bus
505 1473 667 1523 filiis:
707 1471 1030 1538 ‘Demonum
1068 1467 1295 1534 (inquit)
1336 1469 1503 1519 cibus
1544 1477 1643 1522 est
1668 1469 1827 1523 carnal*³1

366 1557 668 1621 poetarum,
689 1553 962 1622 secularis
988 1554 1245 1616 scientia,
1265 1553 1693 1608 rhetoricorum
1714 1565 1842 1623 pomp‘t⁴

365 1641 691 1692 verborum’.
765 1638 952 1689 ‘Nulla
987 1638 1068 1688 ibi
1105 1639 1375 1688 saturitas
1409 1641 1725 1706 veritatis,
1750 1635 1835 1688 nana

366 1727 594 1795 iusticIe
650 1725 882 1776 refectio
928 1723 1219 1788 reperitur.
1302 1721 1560 1775 Studiosi
1616 1719 1829 1778 earum&

369 1814 518 1864 fame
574 1811 696 1863 veri
764 1813 821 1862 ct
875 1810 1143 1861 virtutum
1200 1808 1437 1872 penuria
1502 1805 1831 1875 perseverans

374 1889 427 1947 (I
470 1897 593 1964 Hec
649 1897 842 1959 itaque
901 1897 958 1944 et
1016 1893 1072 1942 id
1129 1907 1302 1957 genus
1348 1891 1473 1943 alia
1528 1896 1738 1958 multa,
1784 1905 1842 1953 qt*

284 1993 314 2039 Β
321 1984 344 2049 j
369 1984 526 2035 brevi
570 1982 701 2032 huic
747 1978 1008 2046 epistolio
1052 1973 1077 2044 ΙΙ
1112 1975 1555 2029 commendanda
1604 1995 1715 2031 non
1750 1982 1843 2032 suma

369 2071 427 2119 in
463 2083 564 2118 nos
591 2067 870 2118 Obscuros
906 2064 1155 2114 homines
1193 2065 1249 2110 et
1284 2059 1611 2126 degeneres
1638 2064 1721 2130 (sic
1740 2061 1843 2108 enim

370 2169 456 2204 me
501 2151 656 2215 loqui
699 2150 823 2202 vult
869 2143 1237 2210 conscientia)
1284 2145 1740 2212 Reuchlinistas,
1776 2153 1843 2192 110¹

373 2238 604 2288 obscure
641 2234 792 2284 dicta
814 2233 1080 2282 videmus.
1130 2231 1177 2281 Ο
1201 2229 1551 2282 tremendum
1594 2249 1727 2300 ergo
1758 2225 1843 2294 apud

371 2322 580 2373 inferos
636 2317 964 2370 Plutonem!
1047 2316 1094 2366 Ο
1140 2316 1419 2366 funestam
1468 2319 1841 2386 cacodemonm

373 2408 619 2468 turbam,
667 2417 895 2468 quorum
942 2401 1081 2467 proh
1114 2399 1279 2450 'dolor
1321 2400 1609 2454 instinctu
1644 2405 1840 2466 maligm

375 2494 490 2539 tam
535 2491 779 2554 obscena
827 2489 888 2536 in
931 2486 1133 2536 nostris
1170 2484 1452 2549 epistolis,
1504 2501 1623 2538 non
1673 2490 1734 2539 in
1766 2489 1840 2538 viru

374 2571 531 2620 modo
566 2571 1041 2638 prestantissimos
1078 2572 1134 2618 et
1169 2571 1422 2633 optimos,
1456 2583 1671 2624 verum
1706 2577 1767 2624 in
1796 2567 1840 2620 sn]

373 2657 620 2703 vatorcm
671 2658 917 2703 nostrum
974 2668 1041 2702 ac
1093 2656 1318 2702 sanctos
1363 2653 1515 2718 eius,
1578 2658 1840 2724 tur-pissia

378 2748 611 2800 queque,
647 2736 772 2798 pice
811 2738 981 2784 etiam
1019 2751 1086 2786 ac
1120 2735 1381 2801 sulphure
1416 2738 1675 2793 tetriora
1712 2735 1840 2810 berei
