<?xml version="1.0" encoding="UTF-8"?>
<!DOCTYPE html PUBLIC "-//W3C//DTD XHTML 1.0 Transitional//EN"
    "http://www.w3.org/TR/xhtml1/DTD/xhtml1-transitional.dtd">
<html xmlns="http://www.w3.org/1999/xhtml" xml:lang="en" lang="en">
 <head>
  <title>
</title>
<meta http-equiv="Content-Type" content="text/html;charset=utf-8" />
  <meta name='ocr-system' content='tesseract 3.04.00' />
  <meta name='ocr-capabilities' content='ocr_page ocr_carea ocr_par ocr_line ocrx_word'/>
</head>
<body>
  <div class='ocr_page' id='page_1' title='image "./epistolaeobscur00huttgoog_0568.png"; bbox 0 0 1942 3109; ppageno 0'>
   <div class='ocr_carea' id='block_1_1' title="bbox 10 296 17 323">
    <p class='ocr_par' dir='ltr' id='par_1_1' title="bbox 10 296 17 323">
     <span class='ocr_line' id='line_1_1' title="bbox 10 296 17 323; baseline 0 0"><span class='ocrx_word' id='word_1_1' title='bbox 10 296 17 323; x_wconf 90' lang='grc' dir='ltr'><strong>Ι“</strong></span> 
     </span>
    </p>
   </div>
   <div class='ocr_carea' id='block_1_2' title="bbox 14 414 63 448">
    <p class='ocr_par' dir='ltr' id='par_1_2' title="bbox 14 414 63 448">
     <span class='ocr_line' id='line_1_2' title="bbox 14 414 63 448; baseline 0 -20"><span class='ocrx_word' id='word_1_2' title='bbox 14 414 63 448; x_wconf 60' lang='lat' dir='ltr'><strong>‘b</strong></span> 
     </span>
    </p>
   </div>
   <div class='ocr_carea' id='block_1_3' title="bbox 68 247 1636 304">
    <p class='ocr_par' dir='ltr' id='par_1_3' title="bbox 68 247 1636 304">
     <span class='ocr_line' id='line_1_3' title="bbox 68 247 1636 304; baseline -0.003 -1"><span class='ocrx_word' id='word_1_3' title='bbox 68 278 82 303; x_wconf 75' lang='grc' dir='ltr'>ι</span> <span class='ocrx_word' id='word_1_4' title='bbox 108 265 553 304; x_wconf 72' lang='lat' dir='ltr'><strong>ancnn.nr.An</strong></span> <span class='ocrx_word' id='word_1_5' title='bbox 580 266 918 304; x_wconf 60' lang='lat' dir='ltr'><strong>comminus.</strong></span> <span class='ocrx_word' id='word_1_6' title='bbox 966 264 1501 303; x_wconf 53' lang='lat' dir='ltr'><strong>nouvaramconm.</strong></span> <span class='ocrx_word' id='word_1_7' title='bbox 1541 247 1636 300; x_wconf 82' lang='lat'><strong>107</strong></span> 
     </span>
    </p>
   </div>
   <div class='ocr_carea' id='block_1_4' title="bbox 109 369 1705 1533">
    <p class='ocr_par' dir='ltr' id='par_1_4' title="bbox 109 369 1643 1096">
     <span class='ocr_line' id='line_1_4' title="bbox 109 369 1638 434; baseline -0.002 -13"><span class='ocrx_word' id='word_1_8' title='bbox 109 372 497 433; x_wconf 79' lang='lat' dir='ltr'><strong>subtilitates,</strong></span> <span class='ocrx_word' id='word_1_9' title='bbox 544 370 678 420; x_wconf 87' lang='lat' dir='ltr'><strong>mihi</strong></span> <span class='ocrx_word' id='word_1_10' title='bbox 723 374 990 434; x_wconf 78' lang='lat' dir='ltr'><strong>tanquam</strong></span> <span class='ocrx_word' id='word_1_11' title='bbox 1027 370 1174 421; x_wconf 83' lang='lat' dir='ltr'><strong>laico</strong></span> <span class='ocrx_word' id='word_1_12' title='bbox 1211 374 1268 420; x_wconf 88' lang='lat' dir='ltr'><strong>et</strong></span> <span class='ocrx_word' id='word_1_13' title='bbox 1304 369 1522 433; x_wconf 89' lang='lat' dir='ltr'><strong>quidem</strong></span> <span class='ocrx_word' id='word_1_14' title='bbox 1557 369 1638 419; x_wconf 86' lang='lat' dir='ltr'><strong>di·</strong></span> 
     </span>
     <span class='ocr_line' id='line_1_5' title="bbox 112 453 1640 521; baseline -0.001 -16"><span class='ocrx_word' id='word_1_15' title='bbox 112 471 286 521; x_wconf 85' lang='lat' dir='ltr'><strong>gamo</strong></span> <span class='ocrx_word' id='word_1_16' title='bbox 332 459 537 506; x_wconf 88' lang='lat' dir='ltr'><strong>temere</strong></span> <span class='ocrx_word' id='word_1_17' title='bbox 583 469 691 504; x_wconf 88' lang='lat' dir='ltr'><strong>non</strong></span> <span class='ocrx_word' id='word_1_18' title='bbox 728 470 1058 520; x_wconf 83' lang='lat' dir='ltr'><strong>arrogavero</strong></span> <span class='ocrx_word' id='word_1_19' title='bbox 1097 453 1200 504; x_wconf 86' lang='lat' dir='ltr'><strong>Cui</strong></span> <span class='ocrx_word' id='word_1_20' title='bbox 1237 454 1640 519; x_wconf 81' lang='lat' dir='ltr'><strong>explicationes</strong></span> 
     </span>
     <span class='ocr_line' id='line_1_6' title="bbox 111 538 1643 605; baseline -0.003 -16"><span class='ocrx_word' id='word_1_21' title='bbox 111 538 251 591; x_wconf 84' lang='lat' dir='ltr'><strong>fidei</strong></span> <span class='ocrx_word' id='word_1_22' title='bbox 300 543 357 590; x_wconf 87' lang='lat' dir='ltr'><strong>et</strong></span> <span class='ocrx_word' id='word_1_23' title='bbox 401 539 712 605; x_wconf 76' lang='lat' dir='ltr'><strong>singulares</strong></span> <span class='ocrx_word' id='word_1_24' title='bbox 760 540 877 590; x_wconf 89' lang='lat' dir='ltr'><strong>eius</strong></span> <span class='ocrx_word' id='word_1_25' title='bbox 913 538 1223 590; x_wconf 78' lang='lat' dir='ltr'><strong>decisiones</strong></span> <span class='ocrx_word' id='word_1_26' title='bbox 1258 543 1411 589; x_wconf 89' lang='lat' dir='ltr'><strong>recte</strong></span> <span class='ocrx_word' id='word_1_27' title='bbox 1447 538 1643 588; x_wconf 82' lang='lat' dir='ltr'><strong>licebit</strong></span> 
     </span>
     <span class='ocr_line' id='line_1_7' title="bbox 110 622 1640 690; baseline -0.003 -16"><span class='ocrx_word' id='word_1_28' title='bbox 110 625 242 675; x_wconf 87' lang='lat' dir='ltr'><strong>sine</strong></span> <span class='ocrx_word' id='word_1_29' title='bbox 270 624 436 689; x_wconf 86' lang='lat' dir='ltr'><strong>culpa</strong></span> <span class='ocrx_word' id='word_1_30' title='bbox 461 624 735 690; x_wconf 83' lang='lat' dir='ltr'><strong>ignorare.</strong></span> <span class='ocrx_word' id='word_1_31' title='bbox 771 624 980 675; x_wconf 85' lang='lat' dir='ltr'><strong>Defero</strong></span> <span class='ocrx_word' id='word_1_32' title='bbox 1005 628 1192 673; x_wconf 84' lang='lat' dir='ltr'><strong>autem</strong></span> <span class='ocrx_word' id='word_1_33' title='bbox 1215 638 1428 674; x_wconf 88' lang='lat' dir='ltr'><strong>omnem</strong></span> <span class='ocrx_word' id='word_1_34' title='bbox 1451 622 1640 671; x_wconf 89' lang='lat' dir='ltr'><strong>huius-</strong></span> 
     </span>
     <span class='ocr_line' id='line_1_8' title="bbox 110 706 1641 776; baseline -0.003 -18"><span class='ocrx_word' id='word_1_35' title='bbox 110 708 268 759; x_wconf 86' lang='lat' dir='ltr'><strong>modi</strong></span> <span class='ocrx_word' id='word_1_36' title='bbox 301 709 562 760; x_wconf 86' lang='lat' dir='ltr'><strong>honorem</strong></span> <span class='ocrx_word' id='word_1_37' title='bbox 608 709 1078 776; x_wconf 74' lang='lat' dir='ltr'><strong>excellentissime</strong></span> <span class='ocrx_word' id='word_1_38' title='bbox 1123 706 1390 758; x_wconf 81' lang='lat' dir='ltr'><strong>facultati</strong></span> <span class='ocrx_word' id='word_1_39' title='bbox 1431 710 1641 773; x_wconf 85' lang='lat' dir='ltr'><strong>vestre,</strong></span> 
     </span>
     <span class='ocr_line' id='line_1_9' title="bbox 112 791 1640 865; baseline -0.003 -23"><span class='ocrx_word' id='word_1_40' title='bbox 112 797 351 865; x_wconf 83' lang='lat' dir='ltr'><strong>paratus</strong></span> <span class='ocrx_word' id='word_1_41' title='bbox 397 808 545 844; x_wconf 88' lang='lat' dir='ltr'><strong>nunc</strong></span> <span class='ocrx_word' id='word_1_42' title='bbox 590 798 647 845; x_wconf 86' lang='lat' dir='ltr'><strong>et</strong></span> <span class='ocrx_word' id='word_1_43' title='bbox 691 808 906 859; x_wconf 81' lang='lat' dir='ltr'><strong>semper</strong></span> <span class='ocrx_word' id='word_1_44' title='bbox 950 794 1284 856; x_wconf 88' lang='lat' dir='ltr'><strong>ubicumque</strong></span> <span class='ocrx_word' id='word_1_45' title='bbox 1341 791 1640 842; x_wconf 81' lang='lat' dir='ltr'><strong>erraverim</strong></span> 
     </span>
     <span class='ocr_line' id='line_1_10' title="bbox 111 876 1639 943; baseline -0.001 -16"><span class='ocrx_word' id='word_1_46' title='bbox 111 879 361 941; x_wconf 85' lang='lat' dir='ltr'><strong>benigne</strong></span> <span class='ocrx_word' id='word_1_47' title='bbox 407 878 591 942; x_wconf 86' lang='lat' dir='ltr'><strong>potius</strong></span> <span class='ocrx_word' id='word_1_48' title='bbox 640 878 845 943; x_wconf 86' lang='lat' dir='ltr'><strong>corrigi</strong></span> <span class='ocrx_word' id='word_1_49' title='bbox 890 877 947 926; x_wconf 91' lang='lat' dir='ltr'><strong>in</strong></span> <span class='ocrx_word' id='word_1_50' title='bbox 994 876 1376 927; x_wconf 87' lang='lat' dir='ltr'><strong>misericordia</strong></span> <span class='ocrx_word' id='word_1_51' title='bbox 1422 892 1456 926; x_wconf 83' lang='lat' dir='ltr'><strong>a</strong></span> <span class='ocrx_word' id='word_1_52' title='bbox 1492 877 1639 926; x_wconf 85' lang='lat' dir='ltr'><strong>iusto</strong></span> 
     </span>
     <span class='ocr_line' id='line_1_11' title="bbox 114 960 1641 1025; baseline 0 -16"><span class='ocrx_word' id='word_1_53' title='bbox 114 975 289 1025; x_wconf 89' lang='lat' dir='ltr'><strong>quam</strong></span> <span class='ocrx_word' id='word_1_54' title='bbox 333 965 397 1010; x_wconf 92' lang='lat' dir='ltr'><strong>ut</strong></span> <span class='ocrx_word' id='word_1_55' title='bbox 443 964 613 1025; x_wconf 89' lang='lat' dir='ltr'><strong>caput</strong></span> <span class='ocrx_word' id='word_1_56' title='bbox 655 975 833 1011; x_wconf 89' lang='lat' dir='ltr'><strong>meum</strong></span> <span class='ocrx_word' id='word_1_57' title='bbox 878 961 1188 1024; x_wconf 82' lang='lat' dir='ltr'><strong>impinguet</strong></span> <span class='ocrx_word' id='word_1_58' title='bbox 1221 960 1403 1010; x_wconf 91' lang='lat' dir='ltr'><strong>oleum</strong></span> <span class='ocrx_word' id='word_1_59' title='bbox 1438 974 1641 1025; x_wconf 89' lang='lat' dir='ltr'><strong>pecca-</strong></span> 
     </span>
     <span class='ocr_line' id='line_1_12' title="bbox 111 1030 447 1096; baseline 0.006 -3"><span class='ocrx_word' id='word_1_60' title='bbox 111 1045 261 1094; x_wconf 89' lang='lat' dir='ltr'><strong>toris</strong></span> <span class='ocrx_word' id='word_1_61' title='bbox 298 1030 375 1095; x_wconf 75' lang='lat' dir='ltr'><strong>‚et</strong></span> <span class='ocrx_word' id='word_1_62' title='bbox 399 1060 447 1096; x_wconf 88' lang='lat' dir='ltr'><strong>c.</strong></span> 
     </span>
    </p>

    <p class='ocr_par' dir='ltr' id='par_1_5' title="bbox 114 1112 1705 1533">
     <span class='ocr_line' id='line_1_13' title="bbox 222 1112 1640 1195; baseline 0.002 -18"><span class='ocrx_word' id='word_1_63' title='bbox 222 1128 346 1195; x_wconf 87' lang='lat' dir='ltr'><strong>Hec</strong></span> <span class='ocrx_word' id='word_1_64' title='bbox 392 1128 509 1179; x_wconf 90' lang='lat' dir='ltr'><strong>ille.</strong></span> <span class='ocrx_word' id='word_1_65' title='bbox 591 1128 678 1179; x_wconf 86' lang='lat' dir='ltr'><strong>Ex</strong></span> <span class='ocrx_word' id='word_1_66' title='bbox 722 1130 848 1179; x_wconf 89' lang='lat' dir='ltr'><strong>istis</strong></span> <span class='ocrx_word' id='word_1_67' title='bbox 892 1112 1082 1181; x_wconf 77' lang='lat' dir='ltr'><strong>verb⁰is</strong></span> <span class='ocrx_word' id='word_1_68' title='bbox 1131 1126 1466 1193; x_wconf 85' lang='lat' dir='ltr'><strong>(charissimi</strong></span> <span class='ocrx_word' id='word_1_69' title='bbox 1508 1128 1640 1194; x_wconf 89' lang='lat' dir='ltr'><strong>mei)</strong></span> 
     </span>
     <span class='ocr_line' id='line_1_14' title="bbox 116 1211 1705 1277; baseline 0.001 -14"><span class='ocrx_word' id='word_1_70' title='bbox 116 1214 265 1263; x_wconf 82' lang='lat' dir='ltr'><strong>satis</strong></span> <span class='ocrx_word' id='word_1_71' title='bbox 302 1215 461 1277; x_wconf 88' lang='lat' dir='ltr'><strong>patet</strong></span> <span class='ocrx_word' id='word_1_72' title='bbox 498 1211 878 1263; x_wconf 86' lang='lat' dir='ltr'><strong>adversarium</strong></span> <span class='ocrx_word' id='word_1_73' title='bbox 914 1217 1158 1264; x_wconf 87' lang='lat' dir='ltr'><strong>nostrum</strong></span> <span class='ocrx_word' id='word_1_74' title='bbox 1194 1229 1322 1264; x_wconf 91' lang='lat' dir='ltr'><strong>suos</strong></span> <span class='ocrx_word' id='word_1_75' title='bbox 1361 1228 1570 1263; x_wconf 84' lang='lat' dir='ltr'><strong>errores</strong></span> <span class='ocrx_word' id='word_1_76' title='bbox 1607 1230 1641 1264; x_wconf 84' lang='lat' dir='ltr'><strong>a</strong></span> <span class='ocrx_word' id='word_1_77' title='bbox 1700 1234 1705 1239; x_wconf 86' lang='lat'><strong>·</strong></span> 
     </span>
     <span class='ocr_line' id='line_1_15' title="bbox 115 1296 1642 1362; baseline 0.001 -16"><span class='ocrx_word' id='word_1_78' title='bbox 115 1296 327 1346; x_wconf 86' lang='lat' dir='ltr'><strong>nostris</strong></span> <span class='ocrx_word' id='word_1_79' title='bbox 374 1297 685 1362; x_wconf 86' lang='lat' dir='ltr'><strong>recepisse,</strong></span> <span class='ocrx_word' id='word_1_80' title='bbox 734 1301 791 1347; x_wconf 90' lang='lat' dir='ltr'><strong>et</strong></span> <span class='ocrx_word' id='word_1_81' title='bbox 837 1298 905 1348; x_wconf 86' lang='lat' dir='ltr'><strong>ob</strong></span> <span class='ocrx_word' id='word_1_82' title='bbox 953 1296 1191 1362; x_wconf 86' lang='lat' dir='ltr'><strong>idipsum</strong></span> <span class='ocrx_word' id='word_1_83' title='bbox 1226 1297 1642 1348; x_wconf 85' lang='lat' dir='ltr'><strong>Reucblinistas</strong></span> 
     </span>
     <span class='ocr_line' id='line_1_16' title="bbox 114 1379 1645 1447; baseline 0 -17"><span class='ocrx_word' id='word_1_84' title='bbox 114 1379 416 1447; x_wconf 88' lang='lat' dir='ltr'><strong>plerosque</strong></span> <span class='ocrx_word' id='word_1_85' title='bbox 454 1382 513 1431; x_wconf 87' lang='lat' dir='ltr'><strong>in</strong></span> <span class='ocrx_word' id='word_1_86' title='bbox 546 1382 693 1432; x_wconf 88' lang='lat' dir='ltr'><strong>hunc</strong></span> <span class='ocrx_word' id='word_1_87' title='bbox 728 1396 905 1446; x_wconf 88' lang='lat' dir='ltr'><strong>usque</strong></span> <span class='ocrx_word' id='word_1_88' title='bbox 942 1382 1087 1433; x_wconf 88' lang='lat' dir='ltr'><strong>diem</strong></span> <span class='ocrx_word' id='word_1_89' title='bbox 1121 1384 1264 1434; x_wconf 86' lang='lat' dir='ltr'><strong>satis</strong></span> <span class='ocrx_word' id='word_1_90' title='bbox 1299 1385 1496 1434; x_wconf 85' lang='lat' dir='ltr'><strong>misere</strong></span> <span class='ocrx_word' id='word_1_91' title='bbox 1545 1398 1645 1447; x_wconf 87' lang='lat' dir='ltr'><strong>per</strong></span> 
     </span>
     <span class='ocr_line' id='line_1_17' title="bbox 116 1464 1644 1533; baseline 0.005 -19"><span class='ocrx_word' id='word_1_92' title='bbox 116 1464 288 1515; x_wconf 86' lang='lat' dir='ltr'><strong>devia</strong></span> <span class='ocrx_word' id='word_1_93' title='bbox 324 1467 494 1518; x_wconf 88' lang='lat' dir='ltr'><strong>etiam</strong></span> <span class='ocrx_word' id='word_1_94' title='bbox 521 1471 577 1517; x_wconf 88' lang='lat' dir='ltr'><strong>et</strong></span> <span class='ocrx_word' id='word_1_95' title='bbox 598 1467 841 1519; x_wconf 87' lang='lat' dir='ltr'><strong>scienter</strong></span> <span class='ocrx_word' id='word_1_96' title='bbox 866 1467 1012 1532; x_wconf 85' lang='lat' dir='ltr'><strong>quod</strong></span> <span class='ocrx_word' id='word_1_97' title='bbox 1036 1469 1194 1533; x_wconf 88' lang='lat' dir='ltr'><strong>peius</strong></span> <span class='ocrx_word' id='word_1_98' title='bbox 1221 1471 1308 1519; x_wconf 87' lang='lat' dir='ltr'><strong>est</strong></span> <span class='ocrx_word' id='word_1_99' title='bbox 1331 1468 1644 1521; x_wconf 73' lang='lat' dir='ltr'><strong>aberrasse.</strong></span> 
     </span>
    </p>
   </div>
   <div class='ocr_carea' id='block_1_5' title="bbox 645 1604 1116 1655">
    <p class='ocr_par' dir='ltr' id='par_1_6' title="bbox 645 1604 1116 1655">
     <span class='ocr_line' id='line_1_18' title="bbox 645 1604 1116 1655; baseline -0.002 0"><span class='ocrx_word' id='word_1_100' title='bbox 645 1604 819 1655; x_wconf 87' lang='lat' dir='ltr'><strong>Nota</strong></span> <span class='ocrx_word' id='word_1_101' title='bbox 857 1604 1116 1655; x_wconf 86' lang='lat' dir='ltr'><strong>Tertio.</strong></span> 
     </span>
    </p>
   </div>
   <div class='ocr_carea' id='block_1_6' title="bbox 118 1710 1647 2712">
    <p class='ocr_par' dir='ltr' id='par_1_7' title="bbox 118 1710 1647 2712">
     <span class='ocr_line' id='line_1_19' title="bbox 230 1710 1643 1789; baseline 0.002 -20"><span class='ocrx_word' id='word_1_102' title='bbox 230 1710 282 1769; x_wconf 71' lang='lat'><strong>([</strong></span> <span class='ocrx_word' id='word_1_103' title='bbox 316 1720 407 1770; x_wconf 88' lang='lat' dir='ltr'><strong>Ex·</strong></span> <span class='ocrx_word' id='word_1_104' title='bbox 437 1721 625 1772; x_wconf 82' lang='lat' dir='ltr'><strong>verbis</strong></span> <span class='ocrx_word' id='word_1_105' title='bbox 662 1721 1095 1789; x_wconf 77' lang='lat' dir='ltr'><strong>precedentibus</strong></span> <span class='ocrx_word' id='word_1_106' title='bbox 1119 1722 1348 1773; x_wconf 83' lang='lat' dir='ltr'><strong>Ioannis</strong></span> <span class='ocrx_word' id='word_1_107' title='bbox 1369 1722 1643 1773; x_wconf 87' lang='lat' dir='ltr'><strong>Reuchlin</strong></span> 
     </span>
     <span class='ocr_line' id='line_1_20' title="bbox 121 1804 1643 1874; baseline 0.001 -21"><span class='ocrx_word' id='word_1_108' title='bbox 121 1804 301 1853; x_wconf 83' lang='lat' dir='ltr'><strong>multa</strong></span> <span class='ocrx_word' id='word_1_109' title='bbox 338 1805 507 1855; x_wconf 84' lang='lat' dir='ltr'><strong>etiam</strong></span> <span class='ocrx_word' id='word_1_110' title='bbox 542 1811 731 1874; x_wconf 86' lang='lat' dir='ltr'><strong>preter</strong></span> <span class='ocrx_word' id='word_1_111' title='bbox 764 1805 821 1856; x_wconf 89' lang='lat' dir='ltr'><strong>id</strong></span> <span class='ocrx_word' id='word_1_112' title='bbox 857 1806 1003 1870; x_wconf 89' lang='lat' dir='ltr'><strong>quod</strong></span> <span class='ocrx_word' id='word_1_113' title='bbox 1025 1806 1643 1858; x_wconf 85' lang='lat' dir='ltr'><strong>volui-considerantur.</strong></span> 
     </span>
     <span class='ocr_line' id='line_1_21' title="bbox 118 1888 1644 1951; baseline 0.003 -14"><span class='ocrx_word' id='word_1_114' title='bbox 118 1888 307 1937; x_wconf 89' lang='lat' dir='ltr'><strong>Primo</strong></span> <span class='ocrx_word' id='word_1_115' title='bbox 355 1888 500 1951; x_wconf 88' lang='lat' dir='ltr'><strong>quod</strong></span> <span class='ocrx_word' id='word_1_116' title='bbox 546 1890 757 1939; x_wconf 83' lang='lat' dir='ltr'><strong>fatetur</strong></span> <span class='ocrx_word' id='word_1_117' title='bbox 806 1890 1102 1941; x_wconf 90' lang='lat' dir='ltr'><strong>consilium</strong></span> <span class='ocrx_word' id='word_1_118' title='bbox 1147 1906 1305 1941; x_wconf 91' lang='lat' dir='ltr'><strong>suum</strong></span> <span class='ocrx_word' id='word_1_119' title='bbox 1351 1904 1464 1940; x_wconf 85' lang='lat' dir='ltr'><strong>una</strong></span> <span class='ocrx_word' id='word_1_120' title='bbox 1521 1904 1644 1941; x_wconf 90' lang='lat' dir='ltr'><strong>cum</strong></span> 
     </span>
     <span class='ocr_line' id='line_1_22' title="bbox 122 1970 1644 2037; baseline 0.001 -17"><span class='ocrx_word' id='word_1_121' title='bbox 122 1970 605 2023; x_wconf 84' lang='lat' dir='ltr'><strong>declarationibus</strong></span> <span class='ocrx_word' id='word_1_122' title='bbox 652 1970 736 2036; x_wconf 90' lang='lat' dir='ltr'><strong>(ut</strong></span> <span class='ocrx_word' id='word_1_123' title='bbox 770 1988 937 2037; x_wconf 88' lang='lat' dir='ltr'><strong>supra</strong></span> <span class='ocrx_word' id='word_1_124' title='bbox 972 1973 1182 2023; x_wconf 87' lang='lat' dir='ltr'><strong>dictum</strong></span> <span class='ocrx_word' id='word_1_125' title='bbox 1219 1973 1325 2037; x_wconf 84' lang='lat' dir='ltr'><strong>est)</strong></span> <span class='ocrx_word' id='word_1_126' title='bbox 1373 1975 1431 2022; x_wconf 89' lang='lat' dir='ltr'><strong>in</strong></span> <span class='ocrx_word' id='word_1_127' title='bbox 1465 1972 1644 2023; x_wconf 88' lang='lat' dir='ltr'><strong>lucem</strong></span> 
     </span>
     <span class='ocr_line' id='line_1_23' title="bbox 122 2056 1646 2122; baseline -0.003 -13"><span class='ocrx_word' id='word_1_128' title='bbox 122 2056 363 2109; x_wconf 87' lang='lat' dir='ltr'><strong>venisse.</strong></span> <span class='ocrx_word' id='word_1_129' title='bbox 436 2056 691 2107; x_wconf 85' lang='lat' dir='ltr'><strong>Secundo</strong></span> <span class='ocrx_word' id='word_1_130' title='bbox 747 2056 893 2120; x_wconf 89' lang='lat' dir='ltr'><strong>quod</strong></span> <span class='ocrx_word' id='word_1_131' title='bbox 946 2060 1107 2122; x_wconf 81' lang='lat' dir='ltr'><strong>grato</strong></span> <span class='ocrx_word' id='word_1_132' title='bbox 1165 2056 1387 2121; x_wconf 87' lang='lat' dir='ltr'><strong>accepi-t</strong></span> <span class='ocrx_word' id='word_1_133' title='bbox 1443 2057 1646 2120; x_wconf 88' lang='lat' dir='ltr'><strong>animo,</strong></span> 
     </span>
     <span class='ocr_line' id='line_1_24' title="bbox 125 2126 1644 2207; baseline 0.001 -18"><span class='ocrx_word' id='word_1_134' title='bbox 125 2141 332 2190; x_wconf 86' lang='lat' dir='ltr'><strong>nostris</strong></span> <span class='ocrx_word' id='word_1_135' title='bbox 370 2126 463 2203; x_wconf 48' lang='lat' dir='ltr'><strong>⁸(ut</strong></span> <span class='ocrx_word' id='word_1_136' title='bbox 496 2141 607 2203; x_wconf 84' lang='lat' dir='ltr'><strong>ipsi</strong></span> <span class='ocrx_word' id='word_1_137' title='bbox 643 2140 1009 2207; x_wconf 87' lang='lat' dir='ltr'><strong>scripserunt)</strong></span> <span class='ocrx_word' id='word_1_138' title='bbox 1057 2156 1118 2192; x_wconf 87' lang='lat' dir='ltr'><strong>se</strong></span> <span class='ocrx_word' id='word_1_139' title='bbox 1163 2141 1342 2191; x_wconf 88' lang='lat' dir='ltr'><strong>minus</strong></span> <span class='ocrx_word' id='word_1_140' title='bbox 1377 2156 1478 2207; x_wconf 90' lang='lat' dir='ltr'><strong>per</strong></span> <span class='ocrx_word' id='word_1_141' title='bbox 1513 2156 1644 2191; x_wconf 85' lang='lat' dir='ltr'><strong>suas</strong></span> 
     </span>
     <span class='ocr_line' id='line_1_25' title="bbox 128 2222 1646 2291; baseline 0 -16"><span class='ocrx_word' id='word_1_142' title='bbox 128 2222 536 2275; x_wconf 83' lang='lat' dir='ltr'><strong>elucidationes</strong></span> <span class='ocrx_word' id='word_1_143' title='bbox 573 2224 939 2291; x_wconf 83' lang='lat' dir='ltr'><strong>satisfecisse,</strong></span> <span class='ocrx_word' id='word_1_144' title='bbox 980 2241 1101 2276; x_wconf 88' lang='lat' dir='ltr'><strong>cum</strong></span> <span class='ocrx_word' id='word_1_145' title='bbox 1135 2231 1323 2277; x_wconf 85' lang='lat' dir='ltr'><strong>tamen</strong></span> <span class='ocrx_word' id='word_1_146' title='bbox 1357 2230 1552 2291; x_wconf 86' lang='lat' dir='ltr'><strong>postea</strong></span> <span class='ocrx_word' id='word_1_147' title='bbox 1587 2227 1646 2275; x_wconf 93' lang='lat' dir='ltr'><strong>in</strong></span> 
     </span>
     <span class='ocr_line' id='line_1_26' title="bbox 128 2307 1644 2374; baseline -0.001 -14"><span class='ocrx_word' id='word_1_148' title='bbox 128 2324 233 2360; x_wconf 85' lang='lat' dir='ltr'><strong>sua</strong></span> <span class='ocrx_word' id='word_1_149' title='bbox 270 2307 574 2359; x_wconf 83' lang='lat' dir='ltr'><strong>offensione</strong></span> <span class='ocrx_word' id='word_1_150' title='bbox 612 2310 679 2361; x_wconf 90' lang='lat' dir='ltr'><strong>ob</strong></span> <span class='ocrx_word' id='word_1_151' title='bbox 716 2310 862 2359; x_wconf 86' lang='lat' dir='ltr'><strong>hanc</strong></span> <span class='ocrx_word' id='word_1_152' title='bbox 898 2310 1129 2361; x_wconf 86' lang='lat' dir='ltr'><strong>eandem</strong></span> <span class='ocrx_word' id='word_1_153' title='bbox 1166 2310 1437 2361; x_wconf 87' lang='lat' dir='ltr'><strong>rationem</strong></span> <span class='ocrx_word' id='word_1_154' title='bbox 1473 2310 1644 2374; x_wconf 90' lang='lat' dir='ltr'><strong>pluri-</strong></span> 
     </span>
     <span class='ocr_line' id='line_1_27' title="bbox 125 2392 1646 2460; baseline -0.001 -18"><span class='ocrx_word' id='word_1_155' title='bbox 125 2408 269 2442; x_wconf 87' lang='lat' dir='ltr'><strong>mum</strong></span> <span class='ocrx_word' id='word_1_156' title='bbox 292 2392 647 2458; x_wconf 85' lang='lat' dir='ltr'><strong>blasphemet</strong></span> <span class='ocrx_word' id='word_1_157' title='bbox 681 2397 851 2458; x_wconf 82' lang='lat' dir='ltr'><strong>atque</strong></span> <span class='ocrx_word' id='word_1_158' title='bbox 887 2394 1222 2460; x_wconf 81' lang='lat' dir='ltr'><strong>indignetur.</strong></span> <span class='ocrx_word' id='word_1_159' title='bbox 1294 2394 1484 2444; x_wconf 87' lang='lat' dir='ltr'><strong>Tertio</strong></span> <span class='ocrx_word' id='word_1_160' title='bbox 1509 2392 1646 2443; x_wconf 82' lang='lat' dir='ltr'><strong>dicit</strong></span> 
     </span>
     <span class='ocr_line' id='line_1_28' title="bbox 132 2475 1647 2543; baseline -0.001 -14"><span class='ocrx_word' id='word_1_161' title='bbox 132 2477 277 2542; x_wconf 84' lang='lat' dir='ltr'><strong>quod</strong></span> <span class='ocrx_word' id='word_1_162' title='bbox 310 2478 490 2528; x_wconf 85' lang='lat' dir='ltr'><strong>nostri</strong></span> <span class='ocrx_word' id='word_1_163' title='bbox 523 2475 775 2528; x_wconf 81' lang='lat' dir='ltr'><strong>doctores</strong></span> <span class='ocrx_word' id='word_1_164' title='bbox 800 2477 939 2528; x_wconf 91' lang='lat' dir='ltr'><strong>nihil</strong></span> <span class='ocrx_word' id='word_1_165' title='bbox 978 2476 1168 2542; x_wconf 88' lang='lat' dir='ltr'><strong>(sicuti</strong></span> <span class='ocrx_word' id='word_1_166' title='bbox 1189 2492 1381 2530; x_wconf 82' lang='lat' dir='ltr'><strong>verum</strong></span> <span class='ocrx_word' id='word_1_167' title='bbox 1405 2477 1512 2543; x_wconf 87' lang='lat' dir='ltr'><strong>est)</strong></span> <span class='ocrx_word' id='word_1_168' title='bbox 1547 2492 1647 2543; x_wconf 89' lang='lat' dir='ltr'><strong>per</strong></span> 
     </span>
     <span class='ocr_line' id='line_1_29' title="bbox 132 2562 1642 2631; baseline 0.001 -22"><span class='ocrx_word' id='word_1_169' title='bbox 132 2564 537 2614; x_wconf 86' lang='lat' dir='ltr'><strong>contentionem</strong></span> <span class='ocrx_word' id='word_1_170' title='bbox 566 2568 663 2614; x_wconf 86' lang='lat' dir='ltr'><strong>aut</strong></span> <span class='ocrx_word' id='word_1_171' title='bbox 688 2578 785 2629; x_wconf 87' lang='lat' dir='ltr'><strong>per</strong></span> <span class='ocrx_word' id='word_1_172' title='bbox 810 2564 1034 2613; x_wconf 89' lang='lat' dir='ltr'><strong>inanem</strong></span> <span class='ocrx_word' id='word_1_173' title='bbox 1059 2562 1292 2628; x_wconf 84' lang='lat' dir='ltr'><strong>gloriam</strong></span> <span class='ocrx_word' id='word_1_174' title='bbox 1317 2564 1642 2631; x_wconf 76' lang='lat' dir='ltr'><strong>quesierint.</strong></span> 
     </span>
     <span class='ocr_line' id='line_1_30' title="bbox 132 2646 1646 2712; baseline 0.002 -18"><span class='ocrx_word' id='word_1_175' title='bbox 132 2649 187 2695; x_wconf 86' lang='lat' dir='ltr'><strong>et</strong></span> <span class='ocrx_word' id='word_1_176' title='bbox 213 2661 257 2695; x_wconf 92' lang='lat' dir='ltr'><strong>c.</strong></span> <span class='ocrx_word' id='word_1_177' title='bbox 326 2646 499 2697; x_wconf 89' lang='lat' dir='ltr'><strong>Hisce</strong></span> <span class='ocrx_word' id='word_1_178' title='bbox 526 2650 640 2700; x_wconf 87' lang='lat' dir='ltr'><strong>suis</strong></span> <span class='ocrx_word' id='word_1_179' title='bbox 678 2652 734 2698; x_wconf 87' lang='lat' dir='ltr'><strong>et</strong></span> <span class='ocrx_word' id='word_1_180' title='bbox 770 2650 900 2699; x_wconf 83' lang='lat' dir='ltr'><strong>aliis</strong></span> <span class='ocrx_word' id='word_1_181' title='bbox 934 2648 1120 2699; x_wconf 88' lang='lat' dir='ltr'><strong>verbis</strong></span> <span class='ocrx_word' id='word_1_182' title='bbox 1157 2652 1422 2712; x_wconf 85' lang='lat' dir='ltr'><strong>quantum</strong></span> <span class='ocrx_word' id='word_1_183' title='bbox 1448 2650 1506 2697; x_wconf 88' lang='lat' dir='ltr'><strong>in</strong></span> <span class='ocrx_word' id='word_1_184' title='bbox 1541 2662 1646 2698; x_wconf 87' lang='lat' dir='ltr'><strong>sua</strong></span> 
     </span>
    </p>
   </div>
   <div class='ocr_carea' id='block_1_7' title="bbox 68 2731 1646 2794">
    <p class='ocr_par' dir='ltr' id='par_1_8' title="bbox 68 2731 1646 2794">
     <span class='ocr_line' id='line_1_31' title="bbox 68 2731 1646 2794; baseline -0.002 -12"><span class='ocrx_word' id='word_1_185' title='bbox 68 2769 72 2772; x_wconf 90' lang='lat'><em>-</em></span> <span class='ocrx_word' id='word_1_186' title='bbox 128 2731 349 2782; x_wconf 81' lang='lat' dir='ltr'><strong>tandem</strong></span> <span class='ocrx_word' id='word_1_187' title='bbox 409 2732 713 2783; x_wconf 82' lang='lat' dir='ltr'><strong>offensione</strong></span> <span class='ocrx_word' id='word_1_188' title='bbox 772 2734 1160 2784; x_wconf 80' lang='lat' dir='ltr'><strong>inconstanter</strong></span> <span class='ocrx_word' id='word_1_189' title='bbox 1230 2731 1646 2794; x_wconf 84' lang='lat' dir='ltr'><strong>contradixerit,</strong></span> 
     </span>
    </p>
   </div>
  </div>
 </body>
</html>
