1942 3109
156 268 521 307 Pssrnnlconm
541 265 794 303 cnusvaA
814 266 1061 302 PRAEGED.
1081 264 1264 301 EPIS'r.
1288 264 1527 302 ancnn.
1597 252 1668 302 79

158 372 613 428 excellentissimo
660 388 821 439 sacre
868 370 1152 439 theologie
1189 368 1402 421 docssori
1435 368 1542 422 dfio
1581 373 1661 423 .N.

156 461 217 511 de
241 458 484 524 Tungari
520 460 595 509 ‚et
620 458 687 507 c.’
720 456 884 507 Hunc
918 455 1198 508 scribendi
1233 454 1449 505 modum
1472 460 1667 521 postea

155 547 209 596 in
243 560 341 595 sua
392 543 695 595 execrabili
740 542 1066 593 defensione
1111 538 1304 591 littera
1349 554 1376 591 ε
1413 540 1668 591 columna

158 634 350 695 quarta
377 630 525 679 circa
549 627 709 679 finem
734 627 1062 678 stultissimo
1091 624 1494 676 condemnavit.
1529 624 1668 676 Nam

156 730 271 765 cum
328 714 597 781 magister
652 716 843 764 noster
897 710 1239 763 venerabilis
1287 707 1564 760 Arnoldus
1589 724 1668 759 -se

152 816 255 851 non
298 800 714 864 Tungarensem
758 796 856 848 sed
902 796 968 847 de
1017 795 1267 862 Tungari
1311 810 1462 847 more
1507 794 1669 845 solito

154 886 209 933 in
242 884 406 935 titulo
454 885 541 935 sni
584 884 719 933 libri
764 882 1110 947 scripsisset,
1169 880 1352 932 voluit
1397 878 1668 945 capnion,

152 970 471 1033 magistrum
504 970 751 1017 nostrum
786 968 1080 1031 propterea
1115 966 1183 1015 ob
1215 964 1224 1029 Ι
1256 965 1463 1015 crimen
1499 980 1534 1014 a
1557 960 1806 1031 pa-„siijb

154 1053 259 1103 tria
305 1052 675 1117 proscriptum
722 1064 863 1101 esse.
936 1048 998 1098 Si
1034 1064 1164 1115 ergo
1201 1053 1330 1099 sunt
1365 1048 1511 1116 male
1551 1050 1668 1099 sive

152 1138 387 1189 infames
448 1136 757 1199 orationes,
820 1132 1040 1199 quando
1095 1134 1178 1184 sic
1233 1132 1524 1185 scribimus
1585 1132 1669 1184 ‘de

150 1222 470 1287 Magantia,
518 1220 585 1270 de
621 1220 877 1282 Treveri,
924 1218 994 1269 de
1030 1219 1288 1270 Basilea’
1331 1221 1404 1269 ,οι
1429 1234 1476 1267 c.
1539 1234 1669 1284 ergo

152 1308 269 1372 ipse
304 1306 456 1371 prior
504 1303 575 1355 ad
610 1302 890 1355 doctorem
925 1308 1174 1355 nostrum
1221 1300 1405 1367 (quem
1439 1317 1671 1354 venera·

148 1390 316 1442 bilem
363 1390 600 1453 fatetur,
648 1390 814 1439 sicuti
860 1387 967 1454 est)
1014 1404 1125 1439 non
1159 1387 1226 1439 de
1263 1388 1538 1453 Tungaris
1573 1385 1670 1438 sed

148 1476 493 1543 Tungerensi
546 1476 791 1527 scribere
848 1472 1136 1525 debuisset
1192 1477 1290 1524 aut
1337 1472 1538 1524 saltem
1585 1474 1674 1524 sui

148 1560 397 1627 exemplo
442 1560 600 1612 illam
644 1559 1014 1626 redarguendi
1059 1560 1352 1611 levitatem
1399 1559 1667 1610 omisisse.

148 1646 281 1709 quia
315 1646 489 1711 igitur
522 1646 629 1697 hoc
662 1646 787 1697 loco
826 1644 995 1710 (quod
1027 1660 1186 1695 nemo
1220 1658 1427 1709 negare
1462 1642 1668 1710 potest)

149 1734 345 1781 auctor
379 1730 501 1795 ipse
537 1746 598 1781 se
622 1732 800 1796 ipsum
834 1728 1248 1779 scandalizavit
1291 1742 1390 1795 sue
1430 1730 1671 1779 orationi

144 1816 365 1879 proprie
388 1813 837 1877 contradicend0‚
865 1813 1037 1864 alium
1063 1812 1362 1877 adiungam
1385 1811 1585 1876 locum,
1603 1813 1670 1870 ‚in

143 1912 257 1963 quo
293 1898 544 1963 professe
572 1914 606 1947 a
632 1914 691 1948 se
714 1898 945 1948 veritati
966 1896 1425 1948 manifestissime
1453 1901 1668 1947 contra-

143 1982 303 2033 dixit.
390 1980 631 2045 ScrIpsit
684 1981 830 2031 enim
888 1979 1108 2030 cuidam
1151 1980 1271 2029 viro
1315 1979 1494 2029 nobili
1539 1985 1670 2031 ante
1731 1974 1736 1979 ’

142 2072 397 2133 tempora
444 2064 792 2131 germanice,
856 2064 1001 2127 quod
1044 2064 1104 2113 in
1149 2063 1399 2113 oratione
1446 2062 1670 2114 iudaica

139 2148 752 2215 Feiamschummodym
774 2148 932 2217 Iudei
960 2152 1153 2199 contra
1179 2162 1279 2198 nos
1305 2149 1464 2197 orent
1485 2146 1670 2199 nobis-

141 2252 253 2301 que
290 2232 653 2299 maledicant,
704 2237 761 2286 et
804 2234 976 2285 libros
1023 2236 1220 2285 contra
1264 2248 1364 2284 nos
1401 2234 1669 2300 scribant,

136 2322 343 2387 postea
376 2334 508 2369 vero
558 2319 615 2367 in
650 2319 940 2384 reprobum
987 2334 1208 2371 sensum
1251 2318 1440 2369 nescio
1489 2335 1522 2369 a
1560 2333 1666 2384 quo

138 2409 309 2457 actus
360 2403 619 2472 demone,
682 2404 1019 2455 contrarium
1080 2407 1272 2455 contra
1329 2418 1430 2455 nos
1477 2420 1664 2455 omnes

134 2490 376 2556 scripsit
411 2492 469 2539 et
501 2487 701 2556 Iudeos
740 2490 933 2538 contra
978 2488 1275 2539 veritatem
1319 2490 1378 2538 in
1421 2488 1528 2540 hoc
1571 2488 1663 2540 de-

133 2574 372 2627 fendere
436 2576 669 2625 conatus
718 2576 803 2625 est
848 2588 915 2623 ac
960 2574 1010 2624 si
1053 2575 1177 2639 ipse
1223 2573 1424 2625 melius
1469 2576 1664 2625 noscet

130 2652 437 2726 Inde-'orum
484 2671 663 2709 mores
711 2662 768 2711 et
812 2658 967 2709 facta
1017 2672 1182 2722 quam
1216 2658 1276 2708 hi
1311 2658 1408 2723 qui
1443 2674 1511 2708 ex
1545 2658 1683 2708 illis-

130 2742 267 2793 nati
304 2744 361 2792 et
398 2756 541 2793 xxx.
581 2747 679 2794 aut
724 2758 833 2795 .xn-
881 2743 1042 2794 annis
1089 2743 1280 2795 eadem
1325 2741 1462 2807 proh
1507 2740 1666 2790 dolor
