1942 3109
79 283 565 325 LAMERTATIORBS
604 282 907 321 OBSGVBOR.
934 282 1240 319 nnvcflnm.
1269 280 1444 317 NOVAE·
1511 261 1614 316 323

361 477 411 535 (Ι
454 474 797 538 Ioannes
841 471 1342 537 Murmellius
1629 490 1714 568 αξ

422 578 562 629 libro
600 594 682 629 .11.
721 577 1026 642 elegiarum
1061 592 1283 627 suarum
1629 574 1710 621 Η]

128 664 218 729 in
263 660 577 725 laudem
608 659 947 733 Arnoldi
989 659 1568 741 TungerensiS,

501 766 697 816 summi
721 769 778 815 et
801 764 918 815 veri
940 763 1210 829 Theologi

188 852 292 900 hoc
330 867 550 901 carmen
585 852 866 916 sapienter
900 847 1091 898 edidit.
1127 846 1273 913 [Quo
1312 846 1530 911 quidem

271 934 571 1000 Capnion
606 936 753 1000 ipse
792 938 859 985 et
895 933 1190 985 Obscuri
1224 947 1444 983 omnes

434 1034 542 1069 non
578 1021 808 1072 obscure
848 1014 1286 1081 convincuntur.]

164 1122 323 1175 Nunc
367 1135 563 1189 precor
604 1119 906 1171 Arnoldum
959 1118 1192 1183 blande,
1250 1118 1374 1183 fac,
1429 1116 1611 1181 Musa,

634 1204 865 1267 salutes,

234 1292 575 1358 Tungrorum
609 1295 856 1343 veterum
890 1302 1152 1355 spemque
1200 1286 1480 1351 decusque
1517 1302 1612 1337 no-

636 1390 781 1439 vum,

166 1464 273 1526 Qui
309 1463 512 1528 primos
548 1464 693 1513 inter
726 1474 984 1527 proceres
1020 1459 1262 1525 vestigia
1297 1457 1412 1509 divi

232 1548 451 1599 Alberti
485 1548 753 1613 sequitur,
792 1547 1000 1612 optima
1036 1560 1250 1614 queque
1287 1543 1510 1606 docens,

164 1636 338 1697 Quem
374 1634 589 1685 dubites
624 1646 833 1685 morum
868 1630 1062 1681 laudes
1101 1629 1467 1698 equabilitate

230 1717 500 1781 Amplius,
538 1733 609 1767 an
646 1718 841 1784 sophie
879 1716 1196 1781 cognitione
1232 1728 1406 1781 sacre.

160 1802 438 1849 Externas
476 1800 631 1850 cuius
665 1800 830 1865 longe
865 1800 1120 1863 pervenit
1151 1800 1211 1848 in
1244 1798 1410 1848 urbes

236 1884 464 1946 Nomen,
502 1887 559 1933 et
592 1884 827 1948 insignis
862 1884 1014 1933 fama
1049 1882 1342 1949 pudicicie.

162 1972 289 2022 Hoc
332 1971 420 2019 est
460 1968 733 2018 Laurenti
776 1967 963 2017 domus
1013 1971 1070 2016 et
1115 1968 1310 2017 schola
1344 1966 1462 2034 leta
1499 1982 1612 2017 ma-

638 2052 830 2115 gistr0,

232 2139 401 2189 Urbis
436 2135 739 2204 Kgrippine
778 2135 982 2186 clarior
1017 2138 1073 2186 et
1107 2135 1355 2199 reliquiS,

164 2225 397 2286 Hocque
462 2236 662 2272 novum
724 2221 953 2271 iuvenes
1018 2218 1320 2286 spaciando
1379 2218 1611 2269 docente

635 2306 854 2373 lyaeum

232 2392 551 2457 Discipulos
583 2391 769 2456 plures
805 2406 970 2455 quam
989 2388 1403 2453 Theophrastus
1427 2389 1613 2440 habet.

160 2480 311 2529 Huic
347 2476 659 2544 preceptori
694 2476 925 2527 multum
961 2474 1160 2525 debere
1197 2474 1453 2538 fatemur,

234 2563 500 2626 Quamvis
536 2561 610 2612 sit
642 2561 835 2630 sophie
873 2562 1052 2627 portio
1088 2574 1258 2624 parva
1293 2558 1444 2609 mihi.

167 2698 187 2733 ¹
223 2701 501 2766 Sequentia
535 2701 634 2750 duo
670 2700 895 2749 carmina
930 2700 982 2747 in
1018 2700 1065 2747 1.
1103 2682 1263 2746 (3ἰίαηί
1285 2702 1483 2747 extant.
1536 2696 1612 2761 Cf,

84 2786 259 2838 supra
280 2787 331 2835 p.
360 2770 476 2822 266.
505 2768 621 2819 268.
651 2766 859 2819 adnott.
964 2764 987 2797 ⁵
1023 2765 1306 2831 sapienter
1330 2768 1467 2817 omis·
1493 2768 1543 2815 2.

1201 2851 1309 2903 21*
