1942 3109
205 276 281 320 57.
311 277 546 315 <umam
571 275 1048 312 PAnssnonuEusm.
1098 270 1163 314 58.
1188 277 1270 310 ιιιι
1296 276 1541 312 mmmm.
1579 261 1678 312 335

154 383 488 439 Christiana
533 397 644 430 non
691 384 774 430 est
816 395 976 431 vera:
1024 385 1080 430 et
1127 382 1231 430 erit
1274 395 1528 445 magnum
1564 397 1676 430 ma-

152 469 358 524 lum''.'
415 467 500 517 Sit
535 463 799 530 quidquid
831 465 977 517 vult:
1013 466 1131 530 Ego
1165 465 1368 517 vellem
1405 465 1547 528 quod
1582 466 1677 516 ha-

151 557 373 608 beretis
419 551 750 617 patientiam
794 555 847 600 et
888 567 997 601 non
1042 551 1303 602 faceretis
1354 555 1543 600 contra
1580 567 1677 614 pa-

157 655 302 708 pam
350 654 446 688 vos
501 635 796 700 Theologi,
854 651 920 685 ne
976 651 1159 686 omnes
1209 634 1515 684 Christiani
1566 635 1679 684 sint

155 724 381 777 inimici
423 722 617 774 vestri.
687 721 761 769 Et
802 721 988 771 valete
1034 722 1093 771 in
1140 721 1356 772 nomine
1404 721 1677 786 unigeniti

155 811 266 861 filii
304 808 412 858 dei.
481 807 688 856 Datum
723 806 971 856 Bremen.

884 1055 966 1106 58.

368 1179 418 1236 (Ι
458 1175 854 1258 Magister
897 1174 1073 1236 Irus
1119 1171 1489 1238 Perlirus

453 1279 789 1343 Magistro
829 1277 1115 1328 Ortvino
1152 1278 1390 1328 Gratio

157 1399 383 1450 Salutis
419 1398 652 1462 copiam.
709 1397 1059 1446 Venerabilis
1094 1397 1195 1447 vir.
1255 1398 1537 1447 Venerunt
1570 1397 1676 1447 huc

155 1484 381 1548 scripta
412 1486 602 1533 vestra
640 1480 708 1530 ad
744 1481 1172 1532 Universitatem
1219 1497 1323 1550 que
1373 1485 1675 1548 composui-

155 1571 264 1620 stis
303 1571 494 1617 contra
518 1567 816 1616 Iohannem
839 1566 1137 1619 Reuchlin:
1176 1583 1279 1636 que
1318 1569 1532 1632 antiqui
1556 1569 1673 1619 Ma-

155 1654 334 1720 gistri
375 1651 472 1700 hic
511 1651 673 1700 valde
717 1651 971 1714 laudant,
1028 1653 1123 1701 sed
1177 1654 1306 1703 novi
1350 1657 1405 1702 et
1448 1654 1675 1703 iuvenes

155 1754 278 1789 non
317 1736 510 1783 tenent
545 1733 750 1798 aliquid
785 1735 851 1784 de
890 1737 1000 1799 eis,
1038 1736 1285 1786 dicentes
1324 1737 1465 1800 quod
1502 1754 1568 1788 ex
1594 1739 1673 1787 in-

159 1821 324 1872 vidia
359 1819 574 1869 vexatis
609 1820 806 1870 bonum
840 1821 1127 1873 Reuehlin.
1198 1821 1271 1869 Et
1314 1821 1531 1886 quando
1576 1823 1666 1872 ha-

163 1903 392 1954 buimus
427 1905 711 1955 consilium
748 1921 820 1954 an
857 1907 1023 1954 etiam
1056 1904 1321 1956 vellemus
1350 1905 1673 1956 concludere

167 1989 368 2038 contra
403 1985 694 2053 Speculum
733 1989 1002 2052 oculare,
1050 1993 1181 2042 tunc
1216 1990 1304 2039 illi
1338 1989 1548 2039 novelli
1582 1991 1677 2052 qui

159 2089 276 2124 non
312 2077 440 2122 sunt
485 2074 662 2124 adhuc
708 2075 845 2124 satis
893 2074 1339 2139 experimentati‚
1382 2077 1679 2123 tenuerunt

159 2159 480 2223 oppositum
515 2161 762 2224 antiquis
808 2158 951 2223 illis,
1000 2157 1247 2208 dicentes
1284 2159 1426 2223 quod
1458 2159 1673 2210 Reueh-

158 2244 251 2292 lin
299 2245 384 2290 est
429 2245 687 2296 innocens
747 2249 802 2295 et
854 2259 1131 2308 nunquam
1185 2245 1407 2311 scripsit
1464 2245 1674 2308 aliquid

159 2326 487 2394 hereticum.
558 2331 633 2378 Et
677 2331 760 2378 sic
801 2343 976 2393 usque
1024 2328 1198 2379 adhuc
1244 2329 1673 2395 impediverunt:

158 2413 353 2462 nescio
393 2413 523 2476 quid
568 2413 666 2462 fiet
709 2417 919 2476 postea.
992 2429 1093 2478 ego
1144 2413 1303 2462 credo
1352 2413 1495 2476 quod
1538 2415 1672 2463 Uni-

157 2498 399 2548 versitas
448 2497 627 2548 adhuc
672 2499 876 2562 peribit
921 2501 1143 2563 propter
1186 2496 1311 2547 illos
1348 2500 1541 2561 poetas
1581 2500 1675 2562 qui

159 2583 294 2632 sunt
327 2583 410 2631 ita
445 2581 606 2630 multi
642 2581 784 2645 quod
820 2586 906 2632 est
938 2583 1148 2632 mirum.
1219 2581 1293 2631 Et
1328 2583 1544 2632 noviter
1580 2583 1673 2632 ad-

155 2665 320 2716 venit
353 2681 498 2715 unus
533 2666 640 2715 huc
677 2668 771 2731 qui
803 2670 1035 2717 vocatur
1068 2666 1266 2716 Petrus
1302 2667 1672 2716 Mossellanus

159 2750 262 2814 qui
297 2754 384 2799 est
421 2764 633 2814 grecus.
691 2751 765 2799 Et
799 2751 942 2800 alius
984 2752 1067 2798 est
1097 2750 1191 2798 hic
1228 2750 1323 2812 qui
1348 2751 1513 2797 etiam
1536 2747 1675 2808 legit
