1942 3109
333 254 404 293 ns
431 252 730 292 srxsroms
758 253 1126 292 onscvnoavu
1150 254 1423 294 vinouvu.
1542 244 1637 295 171

115 361 540 424 determinasse,
588 351 732 426 quod
778 360 999 425 quando
1035 361 1237 429 Iudeus
1273 361 1335 411 fit
1371 361 1637 414 Christia-

115 463 220 498 nus
266 447 410 511 quod
454 450 588 496 tunc
634 447 952 497 renascitur
997 447 1110 511 ipsi
1153 448 1493 514 prepucium.
1574 448 1639 497 In

19 513 30 546 ⁷
115 532 310 583 ultima
347 531 587 596 epistola
623 531 770 581 omni
803 532 1105 596 iniquitate
1140 532 1311 597 plena
1346 532 1544 582 scribit
1577 547 1637 582 se

18 603 25 638 Ι

17 691 25 722 Ι,

18 865 25 898 ἱ

17 949 24 982 Ι

106 633 238 671 ,esse
274 617 602 667 erinizatum
641 616 711 665 ad
745 615 1001 680 pudenda
1036 632 1142 667 sua
1176 633 1275 682 per
1308 632 1477 667 unum
1524 633 1636 667 mo-

113 703 376 765 nachum,
426 705 484 753 et
527 700 644 751 alia
693 699 930 768 quedam
974 701 1307 754 zodomitica
1342 701 1639 767 nephanda

109 788 304 840 auditu
339 791 398 838 et
431 803 530 852 pro
568 787 770 849 quibus
805 784 1039 836 debetur
1074 801 1220 851 pena
1254 787 1428 854 ignis,
1464 787 1637 852 turpi-

110 878 194 924 ter
239 871 494 924 effundit.
562 871 850 922 Derisorie
897 871 1067 920 etiam
1110 871 1359 936 loquitur
1405 871 1471 922 de
1516 872 1637 922 sale

110 956 434 1019 benedicto,
471 959 528 1004 et
563 955 894 1020 rythmatiee
931 971 1001 1006 ac
1034 955 1267 1007 ridicule
1292 972 1453 1008 orare
1477 956 1640 1008 docet

18 1037 22 1054 ¹
115 1057 216 1107 per
249 1055 446 1091 nomen
481 1039 650 1090 Ihesu
686 1037 896 1090 Christi
931 1044 989 1090 et
1022 1042 1220 1092 beatos
1260 1041 1637 1107 evangelistas

111 1129 170 1177 et
205 1141 252 1175 c.
341 1116 392 1175 ([
437 1125 643 1176 Omitto
691 1124 806 1176 alia
853 1138 960 1193 que
1005 1125 1309 1176 falsissime
1357 1142 1425 1176 ac
1462 1127 1634 1192 impu-

107 1211 431 1262 dentissime
477 1211 536 1260 in
579 1209 695 1260 illis
733 1211 1049 1276 conscripta
1084 1216 1241 1275 sunt,
1289 1225 1479 1263 verum
1526 1227 1635 1275 quo

110 1299 342 1346 auctore
381 1299 436 1346 et
472 1295 672 1359 quibus
720 1293 940 1345 tandem
988 1295 1413 1362 chalcographis
1462 1295 1632 1359 edita,

107 1396 218 1432 non
251 1380 426 1431 multo
461 1384 588 1445 post
621 1379 922 1430 elucescet.
979 1380 1338 1432 Delitescunt
1362 1382 1507 1432 enim
1530 1383 1633 1432 sub

108 1466 343 1528 umbris,
381 1481 486 1516 nec
523 1464 800 1529 quispiam
835 1464 1131 1522 nobilitate
1170 1465 1516 1517 excusandus
1551 1466 1633 1517 vi-

105 1551 349 1614 debitur,
388 1551 522 1615 quin
557 1551 742 1614 potius
779 1551 894 1600 suis
929 1551 1235 1602 maioribus
1270 1550 1634 1617 degenerans,

18 1637 20 1666 ³
105 1636 346 1700 posteris
380 1636 634 1686 omnibus
667 1650 768 1701 sue
803 1635 1179 1700 ignobilitatis
1216 1635 1495 1700 relinquet
1538 1653 1633 1688 ex-

104 1719 336 1772 ordium.
413 1719 464 1768 N
467 1735 532 1769 ec
575 1716 830 1781 dubium,
889 1721 1023 1782 quin
1077 1721 1267 1769 mortis
1319 1720 1457 1771 hora
1510 1737 1635 1772 sese

19 1821 21 1872 j
100 1817 390 1866 nunquam
413 1802 558 1853 talia
583 1803 870 1866 scripsisse
893 1804 1007 1852 sint
1028 1803 1416 1854 desideraturi.
1469 1804 1633 1855 Item-

18 1880 26 1961 ξ
111 1903 225 1954 que
287 1890 554 1949 quantum
607 1902 708 1951 ego
763 1903 833 1938 ex
889 1887 1019 1938 aliis
1071 1887 1173 1938 fide
1232 1887 1413 1955 dignis
1468 1891 1633 1941 intel-

19 1987 28 1998 ‘
100 1972 248 2029 lexi,
287 1985 322 2020 a
357 1971 512 2021 nullo
547 1985 792 2033 unquam
826 1971 1117 2022 sacerdote
1152 1973 1213 2022 in
1246 1975 1368 2024 vita
1414 1975 1636 2024 absolvi

18 2067 20 2082 ¹
97 2059 395 2127 poterunt,
453 2070 619 2120 quum
676 2055 818 2104 talia
874 2059 930 2106 et
976 2059 1093 2104 tam
1140 2057 1373 2120 grandia
1418 2058 1635 2109 seelera

18 2142 26 2176 t

17 2215 26 2260 ἰ

98 2156 392 2204 nunquam
426 2139 778 2189 dimittantur
799 2141 911 2191 nisi
931 2142 1086 2206 prius
1108 2141 1339 2206 publica
1364 2143 1632 2194 reclama-

97 2231 263 2280 tione
297 2225 412 2274 sint
445 2223 646 2278 deleta.
715 2241 908 2276 verum
943 2227 1048 2294 hec
1084 2241 1371 2278 sacrarum
1418 2227 1633 2280 littera-

18 2327 22 2342 *
94 2327 224 2364 rum
285 2309 602 2360 doctoribus
659 2315 718 2360 et
773 2312 1023 2376 inprimis
1082 2317 1443 2381 sacrosancte
1512 2315 1636 2364 sedi

18 2397 21 2426 ⁵
96 2394 420 2464 apostolice
476 2393 824 2446 discutienda
881 2395 1156 2460 relinquo.
1253 2395 1507 2446 Ceterum
1564 2400 1633 2448 ob

19 2501 21 2506 ·
96 2485 211 2550 hec
247 2479 580 2544 maledieta,
620 2480 862 2549 ecclesie
901 2481 1179 2550 catholice
1218 2481 1634 2548 contumeliosa,

99 2571 162 2620 et
189 2581 472 2630 nunquam
498 2566 555 2616 in
577 2567 782 2617 bonam
805 2570 1021 2631 partem
1048 2583 1081 2617 a
1103 2567 1264 2618 bonis
1290 2568 1633 2633 exponenda,

95 2653 190 2704 sic
225 2650 370 2700 libet
405 2651 476 2701 ad
499 2667 764 2702 summum
789 2651 1105 2718 pontifieem
1132 2652 1340 2704 Christi
1362 2654 1633 2704 vicarium

99 2752 178 2790 ac
215 2734 464 2798 reliquos
501 2736 744 2806 ecclesie
781 2738 1066 2806 principes
1102 2738 1436 2792 exclamare.
