1942 3109
245 231 344 284 146
499 245 793 282 EPISTOLAE
827 241 1197 282 OBSCVBORVH
1228 240 1502 277 vntonvu.

243 353 428 402 nicos:
473 351 556 401 ita
600 350 840 401 libenter
879 347 1132 400 videmus
1177 347 1533 398 Teutonicos·
1604 343 1770 393 Tunc

242 437 476 487 veniunt
515 434 606 486 illi
641 433 926 484 Curtisani
974 437 1031 484 et
1064 434 1375 482 monstrant
1411 445 1534 480 cum
1568 429 1771 494 digitis

243 535 410 585 super
443 535 562 585 nos,
601 524 658 571 et
691 518 873 570 rident
907 521 964 569 et
987 518 1207 568 dicunt:
1244 515 1408 580 ‘vide,
1444 517 1527 567 ibi
1546 514 1770 566 vadunt

243 604 352 655 duo
396 605 492 668 qui
536 603 736 655 volunt
774 603 1051 654 Reuchlin
1098 601 1405 653 comedere!
1453 599 1771 650 Comedunt

243 689 352 754 ipsi
387 705 537 754 eum,
583 693 720 739 tunc
765 690 930 738 etiam
976 687 1229 738 merdant
1262 701 1388 737 eum
1420 687 1655 750 iterum'‚
1705 689 1769 735 et

242 773 508 824 habemus
539 776 730 824 tantas
754 772 1081 824 vexationes
1106 771 1250 836 quod
1270 771 1499 822 deberet
1520 769 1771 836 lapidem

245 841 605 910 commovere.
675 857 834 908 Tunc
869 856 1011 908 dicit
1044 856 1344 921 plebanus:
1384 854 1614 906 ‘Sancta
1638 855 1765 905 Ma·-

241 943 346 1007 ria‚
383 941 516 1007 quid
549 944 750 993 nocet?
786 957 886 992 nos
921 941 1175 993 volumus
1210 941 1331 1014 hoe&
1350 943 1577 1006 propter
1598 939 1764 990 deum

242 1026 388 1092 pati,
425 1027 560 1090 quia
593 1025 730 1077 deus
764 1027 942 1077 multa
974 1040 1175 1092 passus
1208 1030 1295 1076 est
1328 1041 1427 1090 pro
1463 1025 1656 1090 nobiS,
1706 1030 1767 1075 et

241 1127 344 1162 nos
381 1112 552 1162 etiam
585 1125 772 1161 sumus
807 1110 1099 1176 Theologi,
1136 1111 1233 1174 qui
1264 1110 1468 1161 debent
1503 1125 1627 1160 esse
1662 1110 1767 1160 hu-

242 1195 404 1245 miles
441 1200 498 1246 et
531 1197 707 1262 spreti
739 1197 799 1246 in
833 1195 940 1246 hoc
974 1194 1220 1245 mund0’=
1263 1195 1339 1244 Et
1382 1195 1463 1244 ita
1498 1195 1643 1244 facit
1673 1211 1769 1246 me

241 1279 441 1329 iterum
475 1278 590 1346 lete
624 1279 852 1342 mentis,
891 1283 947 1328 et
984 1281 1196 1344 cogito:
1242 1276 1453 1330 ‘dicant
1496 1278 1629 1342 quid
1665 1295 1761 1330 vo·

241 1363 382 1428 lunt,
415 1363 527 1428 ipsi
559 1366 746 1413 tamen
778 1378 889 1412 non
924 1362 1133 1414 habent
1164 1364 1351 1414 omnia
1386 1378 1493 1431 que
1526 1363 1765 1414 volunt’.

243 1446 306 1496 Si
339 1463 584 1498 essemus
619 1449 678 1498 in
712 1448 900 1512 patria
933 1451 992 1497 et
1026 1463 1169 1518 unua
1196 1448 1420 1515 ‚faceret
1451 1448 1613 1498 nobis
1658 1449 1765 1513 ita,

241 1535 374 1580 tunc.
419 1532 686 1582 sciremus
731 1533 899 1582 etiam
947 1533 1000 1582 ei
1046 1530 1260 1595 aliquid
1306 1532 1492 1583 dicere
1534 1532 1627 1584 vel
1669 1533 1762 1582 fa·

244 1631 396 1666 cere=
445 1618 578 1680 quia.
626 1631 728 1682 ego
771 1615 977 1666 vellem
1021 1615 1201 1667 levem
1250 1631 1479 1668 causam
1526 1631 1767 1684 querere

242 1704 438 1751 contra
493 1702 697 1766 ipsum:
782 1700 1109 1764 Nuperrime
1168 1703 1337 1752 etiam
1392 1702 1593 1753 ivimus
1650 1718 1768 1754 uno

239 1782 398 1836 modo
431 1786 762 1850 spaciatum,
797 1788 934 1834 tunc
968 1783 1075 1835 duo
1110 1784 1203 1836 vel
1234 1787 1351 1836 tres
1384 1787 1603 1838 iverunt
1624 1791 1765 1838 ante

240 1884 340 1920 nos
377 1873 435 1920 et
467 1885 568 1921 nos
603 1873 731 1934 post
765 1885 888 1933 eos,
924 1874 1062 1919 tunc
1098 1885 1201 1936 ego
1236 1871 1427 1922 inveni
1460 1887 1629 1920 unam
1668 1889 1766 1924 ce·

239 1952 451 2003 dulamz
499 1969 601 2018 ego
647 1953 810 2004 credo
858 1954 1005 2019 quod
1048 1970 1192 2006 unus
1228 1970 1415 2006 eorum
1448 1956 1601 2006 misit
1636 1973 1769 2008 eam

237 2035 477 2088 libenter
513 2037 729 2104 cadere,
765 2043 828 2090 ut
861 2055 962 2091 nos
987 2041 1379 2104 inveniremu8‚
1418 2043 1474 2090 et
1498 2040 1601 2090 illa
1628 2057 1769 2092 con—

236 2121 380 2172 tinet
411 2121 516 2173 illa
549 2127 751 2174 metrae

539 2207 968 2272 Epithaphia
1000 2209 1439 2260 Hochstrati.

304 2289 423 2354 Ira,
461 2290 640 2355 furor,
677 2291 892 2357 rabies,
929 2292 1115 2357 dolus,
1152 2293 1544 2360 inclementia,
1582 2297 1769 2366 livor,

402 2375 550 2424 Dum
593 2375 746 2426 cadit
777 2377 1180 2441 Hochstratus,
1224 2393 1337 2429 non
1389 2379 1645 2431 cecidere
1687 2387 1771 2436 ei-

1042 2462 1183 2512 muh
1273 2497 1278 2502 -

300 2543 424 2610 Hec
458 2542 561 2594 ille
591 2545 832 2612 insipido
865 2545 1057 2612 posuit
1090 2547 1375 2612 plantaria
1408 2548 1605 2616 vulgo,

401 2628 620 2694 Ingenii
651 2630 806 2683 dotes
843 2635 898 2682 et
933 2635 1283 2684 monumenta
1319 2633 1427 2683 sui.
