1942 3109
172 288 551 329 Pnpnmconm
578 284 831 321 cunsvm
856 284 1104 319 rancun.
1129 282 1310 319 nms'r.
1339 284 1578 319 navem..
1615 266 1680 318 91

166 395 333 445 Missi
366 392 591 441 fuerunt
624 391 735 457 ipsi
770 390 1022 453 articuli,
1061 389 1280 454 accepit
1314 404 1522 439 errores
1559 404 1685 439 suos

172 495 207 527 a
254 476 571 527 doctoribus
625 476 855 539 nostris,
912 474 1011 525 sed
1055 473 1196 524 nihil
1252 475 1568 535 revocavit,
1624 478 1688 523 ut

168 564 319 613 infra
354 561 527 611 latius
570 564 697 626 post
746 559 1038 626 epistolam
1081 558 1464 610 universitatis
1500 560 1686 626 nostre

175 650 499 712 sequentem
557 650 833 696 narratur.
933 635 987 694 (ἶ
1033 642 1296 709 Arrigant
1355 644 1528 708 igitur
1581 642 1687 692 hoc

168 732 293 783 loco
329 746 492 781 aures
528 746 658 781 suas
691 730 1076 797 Reuchliniste
1115 728 1336 793 quidam
1361 730 1418 777 et
1442 728 1500 775 in
1527 726 1689 776 corde

165 816 395 867 doleant
420 816 515 879 qui
540 832 648 867 uon
672 817 1010 866 erubuerunt
1033 814 1196 865 falsis
1220 810 1692 873 susurrationibus

174 901 529 950 circumferre
567 904 623 949 et
656 900 858 950 multos
898 899 1180 965 decipere,
1231 898 1506 961 dicenteS,
1545 895 1691 961 quod

172 983 401 1033 articuli
420 984 637 1033 erronei
658 998 767 1031 non
792 986 978 1031 essent
999 984 1008 1043 Ι
1027 984 1136 1046 ipsi
1157 998 1256 1047 per
1279 986 1496 1031 nostros
1520 978 1826 1045 missi-biiij

176 1070 251 1119 ‚ct
278 1082 324 1117 c.
396 1068 517 1134 Hec
564 1069 750 1116 autem
796 1067 928 1129 quia
964 1065 1136 1117 latius
1171 1066 1319 1116 infra
1353 1066 1686 1131 probaturus

172 1168 317 1217 sum,
367 1155 423 1202 et
457 1152 589 1215 quia
636 1152 694 1201 in
742 1151 983 1216 epistola
1027 1151 1285 1215 sequenti
1329 1154 1551 1216 patent,
1597 1150 1690 1199 hic

174 1238 347 1286 missa
383 1236 551 1284 facio,

282 1311 333 1370 (1
367 1320 847 1385 Decimoseptimo.
909 1318 1015 1369 hoc
1060 1319 1118 1367 in
1164 1318 1352 1383 primis
1389 1318 1689 1369 notandum

176 1409 263 1455 est
298 1404 443 1470 quod
467 1404 703 1455 Ioannes
726 1403 1003 1454 Reuchlin
1027 1404 1252 1469 scripsit
1287 1419 1346 1455 se
1384 1403 1532 1456 velle
1559 1405 1686 1456 obe·

174 1489 290 1540 dire
337 1488 650 1540 doctoribus
696 1490 899 1540 nostris
948 1492 1006 1540 et
1053 1490 1235 1539 omnia
1283 1506 1342 1540 se
1389 1490 1686 1554 facturum,

172 1573 456 1625 dummodo
503 1573 659 1625 fieret
707 1590 828 1624 cum
872 1575 1082 1626 honore
1129 1576 1366 1625 nominis
1415 1576 1519 1623 sui.
1593 1574 1688 1624 Sic

175 1658 320 1707 enim
357 1654 436 1719 (id
472 1658 614 1720 quod
648 1674 853 1724 negare
890 1674 1000 1709 non
1034 1658 1244 1724 potest)
1291 1674 1508 1725 semper
1553 1661 1688 1710 scri-

172 1740 288 1806 psit
321 1740 380 1790 in
419 1742 669 1791 omnibus
708 1743 963 1807 epistolis
1001 1743 1115 1791 suis
1153 1742 1224 1791 ad
1257 1744 1556 1807 magistros
1591 1758 1687 1794 no-

174 1827 319 1871 stros
354 1824 425 1873 ab
464 1840 527 1875 eo
562 1826 766 1876 missis.
841 1824 949 1876 Sed
999 1825 1128 1889 quid
1173 1826 1280 1876 hoc
1331 1830 1416 1876 est
1450 1827 1500 1875 si
1531 1828 1691 1877 vani-

174 1910 267 1955 tas
304 1918 413 1955 non
449 1910 568 1955 est?
614 1908 783 1956 Pueri
814 1910 1014 1957 volunt
1050 1912 1196 1960 male
1233 1911 1421 1961 facere
1459 1910 1557 1961 sed
1593 1926 1688 1961 no·

80 2013 83 2016 ·
172 1991 297 2040 lunt
335 1990 553 2055 corrigi,
622 1990 735 2037 Fur
782 1988 1008 2051 quidam
1052 1992 1267 2039 furatus
1316 1997 1402 2041 est
1439 1994 1690 2059 calicem,

174 2075 273 2125 sed
307 2089 417 2123 non
451 2074 572 2125 vult
608 2072 901 2136 suspendi,
938 2073 1137 2123 Petrus
1173 2072 1410 2138 deliquit
1446 2074 1544 2124 sed
1579 2093 1690 2127 non

173 2158 296 2208 vult
323 2156 571 2207 confiteri
608 2160 683 2206 ‚et
708 2172 754 2205 c.
829 2157 937 2219 Qui
960 2156 1186 2221 publice
1212 2163 1430 2224 peccat,
1467 2160 1689 2227 publice

172 2240 429 2309 peniteat
472 2245 528 2290 ct
572 2241 799 2307 publice
844 2244 1123 2308 puniatur.
1195 2242 1317 2294 Non
1361 2249 1550 2310 potest
1583 2248 1687 2314 igi-

172 2331 261 2376 tur
298 2324 621 2375 scandalum
656 2328 936 2389 publicum
986 2325 1155 2391 (quod
1189 2330 1301 2381 iam
1336 2334 1511 2381 totum
1546 2347 1687 2399 pene

170 2412 359 2461 orbem
419 2410 788 2475 obumbravit)
856 2429 885 2461 e
954 2412 1132 2463 medio
1201 2413 1351 2477 tolli,
1418 2416 1528 2465 nisi
1589 2432 1690 2481 per

168 2494 454 2561 publicam
521 2496 947 2547 revocationem.
1031 2495 1194 2560 idque
1249 2499 1330 2549 ita
1405 2499 1525 2549 fieri
1593 2500 1685 2551 de-

168 2580 331 2643 bere,
376 2580 773 2631 universitates
822 2581 1040 2643 aliquot
1083 2584 1198 2632 suis
1246 2586 1539 2635 sententiis
1589 2602 1685 2652 ap-

173 2664 491 2725 probarunt.

278 2736 331 2794 (1
365 2746 591 2799 Ultimo.
627 2750 831 2823 lubeas
868 2749 1096 2816 (inquit)
1131 2752 1320 2817 velim,
1357 2755 1414 2802 et
1447 2754 1686 2803 monitus
