1942 3109
269 216 338 266 82
559 227 850 264 musromn
887 225 1254 263 onscvnonvn
1291 225 1565 261 vmonvu.

275 336 408 400 quia
441 328 666 385 vexatio
701 333 800 383 dat
833 332 1199 384 intellectum.
1270 331 1344 380 Et
1390 331 1659 395 scriptum
1710 334 1805 381 est

271 422 332 470 in
365 419 775 470 Ecclesiastico
813 433 935 484 cap.
963 431 1125 466 καις
1164 415 1294 478 ‘Qui
1316 415 1569 481 tetigerit
1591 416 1804 482 picem,

272 505 659 568 inquinabitur
694 505 764 554 ab
805 505 908 553 ea’.
980 501 1077 552 Sic
1112 501 1283 551 etiam
1319 500 1380 550 fit
1420 501 1611 563 vobis,
1660 503 1805 564 quia

273 589 445 641 vultis
468 587 674 639 habere
701 586 846 650 quod
870 601 990 637 sum
1016 586 1225 640 amicus
1248 590 1465 638 vester:
1500 589 1811 652 propterea

276 677 498 740 oportet
555 672 725 723 etiam
781 687 880 737 pro
935 672 1081 722 bono
1152 671 1411 736 accipere
1468 672 1808 722 vexationes

279 775 314 810 a
347 775 452 808 me.
522 758 644 823 Ego
687 749 916 822 percepi
959 771 1059 807 seu
1100 755 1358 806 intellexi
1393 751 1537 820 quod
1570 771 1673 805 vos
1709 759 1807 806 ta-

280 843 422 894 cetis
457 843 515 895 in
552 855 724 892 causa
747 841 974 892 Ioannis
998 840 1289 904 Reuchlin‚
1330 841 1387 891 et
1420 853 1533 891 non
1558 855 1807 905 respon-

279 927 424 978 detis
469 927 523 976 ei
569 929 764 976 contra
809 939 942 976 suas
978 924 1503 976 scandalizationes.
1572 925 1649 973 Et
1683 926 1809 976 ira·

279 1017 370 1062 tus
407 1025 526 1060 sum
560 1009 753 1075 valde,
792 1011 926 1074 quia
963 1026 1085 1061 amo
1120 1026 1247 1074 vos,
1286 1014 1343 1060 et
1376 1011 1645 1075 scriptum
1682 1015 1809 1060 est:
1911 1075 1912 1080 Ἰ

282 1095 464 1161 ‘quem
509 1093 708 1161 diligo,
767 1095 1019 1160 corrigo’.
1090 1095 1232 1146 Nam
1279 1109 1453 1158 quare
1505 1093 1812 1160 incepistis

283 1182 338 1232 ei
372 1179 722 1245 respondere,
762 1180 813 1230 si
845 1195 954 1231 non
978 1179 1152 1230 vultis
1179 1179 1543 1230 continuare?
1580 1179 1667 1229 An
1692 1196 1811 1231 uon

283 1265 420 1316 estis
456 1263 777 1315 sufficiens?
823 1266 936 1314 Vos
985 1265 1120 1314 estis
1165 1279 1263 1328 per
1298 1262 1459 1314 deum
1494 1267 1551 1314 et
1586 1279 1811 1332 preser-

282 1350 382 1398 tim
416 1349 475 1398 in
511 1349 788 1399 facultate
821 1347 1143 1414 theologica
1190 1350 1329 1399 estis
1374 1350 1429 1399 ei
1474 1347 1701 1399 meliert
1752 1354 1813 1400 et

285 1449 416 1499 ergo
451 1431 668 1484 debetis
705 1433 760 1484 ei
792 1432 1143 1498 respondere,
1182 1438 1239 1484 et
1272 1432 1571 1484 defendere
1597 1434 1813 1484 famam

281 1521 542 1581 vestram,
580 1520 637 1568 et
669 1517 958 1584 predicare
994 1517 1153 1568 fidem
1190 1518 1567 1580 christianam,
1607 1521 1811 1576 contra

286 1616 451 1667 quam
486 1601 684 1652 scribit
715 1601 816 1652 ille
850 1602 1150 1669 hereticus.
1221 1603 1298 1652 Et
1320 1619 1429 1654 non
1454 1603 1671 1654 debetis
1699 1603 1809 1653 ali·

285 1703 447 1752 quem
491 1688 798 1750 respicere:
847 1686 981 1750 quia
1026 1684 1165 1737 dicit
1202 1686 1463 1739 Salomon
1508 1687 1567 1736 in
1602 1687 1810 1740 Eccle-

279 1769 506 1822 'siastici
541 1785 702 1820 x111.=
749 1769 897 1821 ‘Noli
943 1785 1067 1821 esse
1116 1772 1343 1822 humilis
1389 1773 1448 1821 in
1498 1772 1809 1837 sapientia,

283 1873 353 1907 ne
397 1855 723 1908 humiliatus
769 1855 828 1904 in
873 1855 1172 1906 stultitiam
1223 1855 1542 1908 seducaris'.
1612 1857 1813 1921 Neque

283 1940 502 1992 debetis
535 1939 730 1988 timere
775 1938 1084 2004 potentiam
1130 1940 1479 2005 iuristarum,
1528 1941 1693 2005 quod·
1720 1943 1812 1993 fa-

287 2026 439 2074 ciant
472 2023 632 2074 vobis
667 2023 977 2088 periculum
1016 2026 1280 2092 eorporis,
1319 2025 1451 2088 quia
1477 2024 1695 2078 debetis
1720 2032 1811 2078 ta-

284 2109 365 2159 lia
400 2108 521 2174 pati
555 2123 652 2172 pro
689 2107 793 2158 fide
832 2111 888 2158 et
919 2109 1184 2160 veritate.
1256 2109 1415 2160 Unde
1442 2109 1699 2162 Christus
1725 2111 1811 2162 di-

289 2195 366 2244 cit
399 2193 459 2242 in
496 2192 791 2258 evangelio
815 2192 1058 2260 Matthei
1080 2207 1229 2244 ινιτ
1268 2192 1397 2256 ‘Qui
1420 2194 1665 2246 voluerit
1688 2198 1813 2246 ani-

287 2291 432 2328 mam
463 2291 624 2327 suam
659 2277 876 2328 salvam
911 2278 1131 2341 facere,
1176 2277 1373 2342 perdet
1425 2281 1581 2330 eam'.
1650 2281 1731 2330 Et
1766 2283 1816 2333 si

286 2361 497 2414 timetis
545 2361 691 2426 quod
737 2377 846 2412 non
893 2363 1129 2427 potestis
1178 2377 1301 2412 eum
1358 2366 1614 2429 vincere,
1675 2370 1815 2418 tunc

287 2463 398 2498 non
459 2445 688 2496 creditis
749 2446 1074 2512 evangelio:
1138 2447 1271 2510 quia
1328 2448 1441 2498 ista
1500 2454 1587 2500 est
1636 2466 1815 2503 causa

221 2551 241 2566 ν
291 2530 436 2581 fidei.
505 2531 580 2580 Et
615 2531 882 2595 scriptum
920 2535 1007 2582 est
1040 2532 1098 2580 in
1136 2531 1448 2598 evangelio,
1488 2533 1632 2598 quod
1668 2537 1816 2588 nihil

297 2619 383 2667 est
415 2615 760 2681 impossibile
798 2616 1007 2666 homini
1042 2617 1139 2679 qui
1174 2616 1377 2668 credit:
1408 2619 1549 2682 quia
1583 2622 1817 2685 ponitur

293 2701 534 2768 Matthei
567 2714 770 2752 xv111.:
819 2698 900 2752 ‘Si
944 2701 1253 2754 habueritis
1296 2702 1455 2758 fidem
1498 2703 1649 2758 sicut
1684 2723 1817 2772 gra-
