1942 3109
287 206 356 256 94
425 222 804 258 ΡΕΡΕΒῙΟΟΒΝΙ
831 222 1069 257 ΒΕΡΕΝΒ.
1086 221 1305 257 CONTRA
1330 220 1533 255 FAuos.
1550 221 1600 255 0.
1614 222 1669 255 V.
1684 223 1801 262 EPP.

464 385 516 444 ([
595 397 1107 446 Universitatis
1191 393 1637 444 Coloniensis

463 481 857 530 christiana
905 481 1282 530 instructio
1320 479 1401 528 ad
1434 479 1637 528 Ioan-

460 581 602 614 nem
646 565 988 614 Reuchlin
1046 565 1247 615 erroris
1308 564 1396 612 sui
1452 564 1637 627 gratia

629 649 940 700 dimittendi
978 654 1033 700 et
1068 647 1459 714 supprimendi.

398 743 448 800 (I
484 749 758 814 'Sequitur
795 749 968 816 Copia
1015 751 1329 800 litterarum
1381 751 1671 814 primarum
1712 749 1802 799 fa.-

295 836 525 886 cultatis
563 835 632 884 ad
667 836 946 886 doctorem
980 835 1256 886 Reuchlin
1290 836 1352 884 in
1388 850 1565 884 causa
1590 835 1805 884 consul-

293 920 524 972 tationis
561 935 660 987 sue
696 921 864 985 vulgo
901 921 1186 988 impresse.

399 997 449 1056 (l
502 1005 768 1071 Spiritum
830 1005 1052 1056 consilii
1111 1006 1368 1056 sanioris.
1440 1004 1575 1054 Fuit
1631 1004 1805 1067 nobis,

292 1091 620 1159 spectabilis
657 1095 714 1140 et
750 1093 970 1156 egregie
1020 1091 1130 1154 vir,
1177 1094 1306 1154 post
1347 1091 1628 1154 proximas
1670 1104 1806 1138 nun·

291 1177 453 1226 dinas
487 1174 1023 1226 Franckfordienses
1060 1174 1281 1226 oblatus
1330 1161 1573 1236 quidam'
1600 1176 1805 1222 tracta-

293 1267 382 1313 tus
429 1263 530 1312 sub
576 1261 742 1310 titulo
790 1261 1009 1325 speculi
1053 1259 1296 1310 ocularis
1342 1262 1436 1308 tuo
1472 1259 1693 1308 nomine
1726 1259 1807 1306 in-

295 1349 562 1412 scrithS‚
612 1360 774 1408 quem
820 1344 944 1394 dum
991 1344 1274 1394 nonnullis
1322 1359 1390 1394 ex
1425 1343 1625 1392 nostris
1662 1344 1812 1395 revi-

293 1430 521 1480 sendum
567 1428 990 1489 examinandum
1036 1428 1481 1493 tradidissemus,
1540 1428 1813 1494 comperi-

295 1531 413 1564 mus
460 1515 517 1562 in
563 1512 660 1576 eo‚‘
705 1512 868 1576 quod,
895 1525 1075 1574 neque
1124 1528 1192 1561 ex
1238 1515 1294 1562 te
1339 1526 1521 1575 neque
1574 1528 1639 1562 ex
1673 1525 1809 1573 quo-

297 1613 462 1662 quam
499 1596 818 1646 Christiano
855 1599 1043 1646 nostro
1080 1597 1462 1662 sperabamus,
1499 1601 1556 1646 te
1590 1594 1814 1648 scilieet

294 1683 353 1731 in
399 1699 463 1733 eo
510 1685 758 1732 tractatu
801 1681 860 1730 in
904 1681 1121 1732 modum
1170 1680 1603 1732 consultationis
1639 1681 1813 1730 0111111-

165 1767 394 1833 (ῶ4)1>113
431 1769 542 1818 tuis
573 1766 582 1833 Ι
611 1768 824 1819 viribus
863 1767 1126 1816 annixam
1162 1771 1223 1816 ut
1258 1765 1721 1816 reverendissimo
1752 1765 1817 1811 in

300 1853 522 1902 Christo
558 1852 707 1916 patri
743 1865 812 1900 ac
845 1851 1087 1914 principi
1126 1849 1355 1899 electori
1380 1849 1601 1900 domino
1626 1852 1821 1900 nostro

298 1937 700 2003 gratiosissimo
736 1935 918 1986 Urieli
950 1934 1331 2003 Archipresuli
1362 1934 1716 1999 Moguntino‚
1754 1949 1827 1982 ac

296 2040 396 2090 per
429 2023 588 2076 illum
623 2022 977 2088 serenissime
1003 2020 1355 2086 imperatorie
1381 2019 1670 2069 maiestati
1692 2035 1833 2081 per-

298 2109 560 2160 suaderes
623 2123 790 2172 super
846 2107 1071 2170 negotio
1128 2105 1393 2156 librorum
1450 2103 1836 2166 iudaicorum,

300 2197 574 2256 quatenus
623 2191 764 2239 idem
809 2191 1103 2254 negocium
1152 2189 1514 2238 laudabiliter
1548 2204 1655 2251 per
1694 2203 1841 2238 ean·
1923 2203 1924 2208 ¹

297 2277 420 2326 dem
465 2273 766 2341 cesaream
813 2275 1163 2324 maiestatem
1210 2277 1429 2336 ceptum
1482 2273 1841 2323 interverte-

297 2377 404 2412 res.
455 2359 598 2423 quod
643 2363 704 2409 ut
751 2358 1085 2408 commodius
1144 2353 1249 2421 (uti
1293 2358 1437 2408 forte
1482 2357 1591 2408 tibi
1635 2357 1845 2406 visum

299 2444 429 2509 fuit)
467 2445 704 2508 faceres,
741 2443 917 2494 multa
955 2442 1025 2492 ad
1060 2458 1175 2494 rem
1208 2442 1631 2507 impertinentia
1660 2439 1843 2490 latis-

299 2529 434 2578 sime
470 2531 724 2592 porrecto
764 2528 978 2579 calamo
1016 2528 1180 2591 quasi
1218 2526 1482 2590 quicquid
1507 2525 1618 2575 tibi
1646 2526 1714 2574 in
1742 2527 1847 2576 via

301 2626 411 2674 qua
446 2612 569 2661 ibas
615 2626 903 2662 occurrere
949 2612 1131 2676 potuit
1176 2611 1471 2676 decerpere
1516 2609 1851 2673 voluisses,

298 2695 356 2742 in
391 2711 557 2743 unum
605 2696 858 2759 coegisti.
930 2710 1038 2759 quo
1082 2695 1297 2744 factum
1342 2697 1428 2744 est
1471 2697 1533 2742 ut
1580 2695 1858 2746 festinus
