1942 3109
200 159 301 206 274
378 170 671 206 nmsvronm
696 167 1063 204 onsovnonvu
1087 167 1345 203 vmonvu
1371 167 1550 203 nove..

200 275 378 325 forum
414 289 513 339 pro
550 271 917 337 comparando
952 271 1156 322 herbas
1194 273 1250 321 et
1281 272 1444 322 fabas
1471 274 1528 320 et
1549 285 1730 336 panes

202 362 261 408 et
296 372 492 408 carnes
528 361 587 408 et
620 357 789 421 talia,
837 359 893 407 et
926 356 1115 406 facere
1151 355 1366 406 domum
1410 355 1468 404 in
1513 354 1731 418 ordine,

202 440 423 506 quando
458 440 711 492 dominus
743 441 902 492 venit
934 455 1005 490 ex
1042 439 1328 490 audientia
1363 441 1422 490 et
1455 454 1728 488 commen·

202 526 354 577 sales
390 527 507 589 sui,
544 523 691 590 quod
724 525 909 575 omnia
946 528 1076 573 sunt
1097 527 1315 588 parata.
1375 523 1451 571 Et
1476 537 1596 572 cum
1620 523 1732 572 hoc

204 610 377 660 etiam
420 608 635 660 studeo.
714 608 790 656 Et
843 606 1094 658 dominus
1149 611 1312 658 meus
1359 622 1536 672 nuper
1585 606 1734 656 dixit

202 694 367 756 mihi,
414 691 559 756 quod
603 707 703 756 per
744 691 902 741 deum
940 690 1162 754 quando
1197 695 1284 741 sto
1321 706 1488 740 unum
1524 705 1729 740 annum

204 777 297 828 vel
332 776 468 827 duos
504 771 721 838 secum,
740 773 879 839 'ipse
914 775 1038 825 vult
1069 774 1206 824 mihi
1238 777 1432 826 iuvare
1469 774 1540 824 ad
1561 789 1731 824 unum

202 860 559 922 beneficium,
608 859 757 918 sicut
788 859 942 923 prius
989 859 1208 909 iuvavit
1249 859 1459 909 multis.
1526 858 1602 907 Et
1642 861 1734 908 >est

208 945 352 995 bene
386 942 738 1006 credendum,
774 943 906 1006 quia
928 946 1080 993 amat
1099 959 1185 994 me
1208 943 1457 992 multum.
1504 941 1580 990 Et
1604 957 1729 1008 pre-

208 1029 371 1093 cipue
396 1043 573 1092 nuper
597 1026 815 1091 quando
850 1026 996 1078 vidit
1030 1025 1175 1091 quod
1209 1042 1328 1077 sum
1363 1030 1558 1092 poeta,
1595 1029 1732 1074 tunc

204 1111 345 1162 dixit
396 1110 542 1176 quod
592 1111 717 1161 vult
764 1127 849 1161 me
904 1127 1121 1176 semper
1173 1111 1452 1162 amantius
1504 1109 1731 1160 habere.

206 1195 280 1245 Et
313 1196 528 1246 factum
565 1197 651 1244 est
684 1195 797 1245 ita:
842 1195 949 1245 Est
982 1209 1124 1244 unus
1163 1211 1230 1245 ex
1268 1193 1732 1244 commensalibus

209 1279 306 1341 qui
342 1281 428 1327 est
461 1281 629 1342 poeta
664 1278 724 1326 in
767 1278 879 1327 ista
923 1278 1143 1341 poetria
1189 1294 1364 1342 nova,
1413 1281 1472 1327 et
1515 1292 1733 1342 semper

206 1362 266 1411 in
312 1377 503 1412 mensa
549 1361 797 1426 loquitur
841 1360 907 1411 de
954 1362 1138 1426 poesi,
1187 1365 1246 1412 et
1277 1361 1508 1411 multum
1543 1377 1729 1426 repre-

205 1445 403 1496 hendit
449 1444 580 1494 illos
636 1445 897 1506 antiquos
949 1448 1142 1508 patres
1204 1449 1264 1495 et
1317 1445 1730 1510 grammaticoS‚

204 1527 607 1592 Alexandrum,
668 1527 1009 1594 Grecistam,
1068 1529 1256 1579 Verba
1314 1527 1732 1594 deponentalia,

205 1611 517 1676 Remigium
554 1613 611 1660 et
646 1609 809 1660 alios.
868 1609 945 1659 Et
979 1625 1152 1676 nuper
1185 1610 1326 1661 dixit
1350 1612 1496 1676 quod
1523 1613 1731 1677 aliquis

204 1695 402 1746 volens
438 1693 652 1744 discere
678 1695 825 1745 bona
852 1693 1114 1744 Carmina
1137 1695 1356 1758 facere,
1396 1695 1562 1747 debet
1586 1697 1727 1746 scire

205 1777 554 1829 Diomedem:
595 1781 653 1828 et
684 1777 827 1828 dixit
858 1777 1037 1829 multa
1061 1778 1129 1830 de
1153 1779 1259 1829 tali
1281 1779 1565 1831 Diomede.
1624 1781 1728 1830 Re-

206 1862 404 1927 spondi
438 1861 561 1927 ‘ego
597 1862 763 1910 miror
798 1861 1066 1924 quomodo
1092 1867 1279 1914 tamen
1303 1864 1540 1914 venistis
1565 1879 1732 1930 super

134 1972 140 1977 ·
208 1947 336 1997 illos
371 1959 544 1996 novos
580 1945 1003 2010 grammaticos,
1041 1950 1100 1998 et
1134 1951 1321 1998 tamen
1357 1945 1579 1998 habetis
1616 1964 1730 1998 om-

207 2031 304 2080 nia
336 2030 566 2080 metrice
602 2029 662 2078 in
698 2030 867 2079 tertia
890 2034 1050 2093 parte
1075 2029 1379 2081 Alexandri
1403 2031 1469 2082 de
1494 2031 1728 2097 pedibus

208 2117 265 2165 et
301 2114 711 2179 quantitatibus
736 2113 1110 2178 syllabarum,
1147 2118 1204 2164 et
1229 2118 1404 2164 artem
1427 2116 1731 2167 scandendi

206 2203 264 2248 et
300 2202 505 2248 cetera.
576 2197 650 2246 Et
686 2211 808 2246 cum
842 2197 948 2264 hoc
983 2198 1092 2248 iste
1127 2197 1421 2250 Diomedes
1467 2215 1578 2250 non
1621 2201 1732 2250 fuit

206 2283 386 2332 bonus
414 2281 780 2332 Christianus.
834 2282 981 2344 Quia
1004 2282 1119 2347 legi
1143 2283 1315 2333 semel
1342 2283 1586 2346 qualiter
1607 2284 1726 2346 ipse

204 2366 407 2416 habuit
436 2365 626 2429 Equos
663 2366 760 2429 qui
796 2365 1151 2416 comederunt
1183 2366 1456 2429 homines,
1505 2370 1562 2416 et
1604 2367 1726 2429 ipse

204 2449 358 2500 dedit
400 2449 482 2500 eis
528 2449 813 2501 comedere
861 2449 1144 2499 homines'.
1215 2450 1373 2499 Tunc
1408 2449 1508 2500 ille
1545 2448 1729 2498 Curti-

205 2547 376 2584 sanus
410 2533 641 2584 multum
676 2534 803 2584 risit
838 2537 893 2584 et
928 2533 1297 2582 subsannavit
1318 2548 1420 2582 me.
1481 2533 1556 2582 Et
1577 2537 1728 2596 post-

208 2633 277 2668 ea
301 2617 466 2682 dixit,
505 2618 651 2681 quod
676 2618 850 2670 debeo
876 2617 928 2667 ei
952 2616 1137 2668 dicere
1163 2615 1432 2680 quomodo
1457 2615 1726 2667 Abacuck
