<?xml version="1.0" encoding="UTF-8"?>
<!DOCTYPE html PUBLIC "-//W3C//DTD XHTML 1.0 Transitional//EN"
    "http://www.w3.org/TR/xhtml1/DTD/xhtml1-transitional.dtd">
<html xmlns="http://www.w3.org/1999/xhtml" xml:lang="en" lang="en">
 <head>
  <title>
</title>
<meta http-equiv="Content-Type" content="text/html;charset=utf-8" />
  <meta name='ocr-system' content='tesseract 3.04.00' />
  <meta name='ocr-capabilities' content='ocr_page ocr_carea ocr_par ocr_line ocrx_word'/>
</head>
<body>
  <div class='ocr_page' id='page_1' title='image "./epistolaeobscur00huttgoog_0080.png"; bbox 0 0 1942 3109; ppageno 0'>
   <div class='ocr_carea' id='block_1_1' title="bbox 374 246 1674 304">
    <p class='ocr_par' dir='ltr' id='par_1_1' title="bbox 374 246 1674 304">
     <span class='ocr_line' id='line_1_1' title="bbox 374 246 1674 304; baseline 0 -1"><span class='ocrx_word' id='word_1_1' title='bbox 374 268 507 303; x_wconf 74' lang='lat' dir='ltr'><strong>von.</strong></span> <span class='ocrx_word' id='word_1_2' title='bbox 547 266 587 302; x_wconf 85' lang='lat'><strong>1.</strong></span> <span class='ocrx_word' id='word_1_3' title='bbox 663 260 734 303; x_wconf 81' lang='lat'><strong>25.</strong></span> <span class='ocrx_word' id='word_1_4' title='bbox 774 266 1035 302; x_wconf 65' lang='lat' dir='ltr'><strong>nummu</strong></span> <span class='ocrx_word' id='word_1_5' title='bbox 1073 266 1434 304; x_wconf 71' lang='lat' dir='ltr'><strong>scunrrosis.</strong></span> <span class='ocrx_word' id='word_1_6' title='bbox 1604 246 1674 303; x_wconf 61' lang='grc' dir='ltr'>ω</span> 
     </span>
    </p>
   </div>
   <div class='ocr_carea' id='block_1_2' title="bbox 134 368 1676 1785">
    <p class='ocr_par' dir='ltr' id='par_1_2' title="bbox 134 368 1676 1785">
     <span class='ocr_line' id='line_1_2' title="bbox 135 368 1674 439; baseline -0.002 -12"><span class='ocrx_word' id='word_1_7' title='bbox 135 375 258 427; x_wconf 75' lang='lat' dir='ltr'><strong>vult</strong></span> <span class='ocrx_word' id='word_1_8' title='bbox 302 390 401 425; x_wconf 88' lang='lat' dir='ltr'><strong>eos</strong></span> <span class='ocrx_word' id='word_1_9' title='bbox 452 374 733 439; x_wconf 78' lang='lat' dir='ltr'>corrigere</span> <span class='ocrx_word' id='word_1_10' title='bbox 768 368 881 438; x_wconf 83' lang='lat' dir='ltr'><strong>&#39;pro</strong></span> <span class='ocrx_word' id='word_1_11' title='bbox 918 372 1177 437; x_wconf 76' lang='lat' dir='ltr'><strong>superbia</strong></span> <span class='ocrx_word' id='word_1_12' title='bbox 1211 388 1331 423; x_wconf 81' lang='lat' dir='ltr'><strong>sua.</strong></span> <span class='ocrx_word' id='word_1_13' title='bbox 1399 372 1522 439; x_wconf 78' lang='lat' dir='ltr'><strong>Ego</strong></span> <span class='ocrx_word' id='word_1_14' title='bbox 1555 372 1674 424; x_wconf 72' lang='lat' dir='ltr'><strong>vidi</strong></span> 
     </span>
     <span class='ocr_line' id='line_1_3' title="bbox 137 458 1676 520; baseline -0.003 -7"><span class='ocrx_word' id='word_1_15' title='bbox 137 462 280 513; x_wconf 87' lang='lat' dir='ltr'><strong>bene</strong></span> <span class='ocrx_word' id='word_1_16' title='bbox 336 460 447 511; x_wconf 82' lang='lat' dir='ltr'><strong>duo</strong></span> <span class='ocrx_word' id='word_1_17' title='bbox 491 458 653 508; x_wconf 81' lang='lat' dir='ltr'><strong>milia</strong></span> <span class='ocrx_word' id='word_1_18' title='bbox 698 472 823 507; x_wconf 86' lang='lat' dir='ltr'><strong>eum</strong></span> <span class='ocrx_word' id='word_1_19' title='bbox 860 472 959 507; x_wconf 84' lang='lat' dir='ltr'><strong>sex</strong></span> <span class='ocrx_word' id='word_1_20' title='bbox 991 458 1232 520; x_wconf 75' lang='lat' dir='ltr'><strong>baniris,</strong></span> <span class='ocrx_word' id='word_1_21' title='bbox 1269 462 1326 508; x_wconf 87' lang='lat' dir='ltr'><strong>et</strong></span> <span class='ocrx_word' id='word_1_22' title='bbox 1359 458 1676 510; x_wconf 70' lang='lat' dir='ltr'><strong>habuerunt</strong></span> 
     </span>
     <span class='ocr_line' id='line_1_4' title="bbox 136 542 1676 611; baseline -0.001 -15"><span class='ocrx_word' id='word_1_23' title='bbox 136 562 237 611; x_wconf 84' lang='lat' dir='ltr'><strong>pro</strong></span> <span class='ocrx_word' id='word_1_24' title='bbox 268 544 502 595; x_wconf 73' lang='lat' dir='ltr'><strong>dimidio</strong></span> <span class='ocrx_word' id='word_1_25' title='bbox 542 542 822 609; x_wconf 86' lang='lat' dir='ltr'><strong>cuspides,</strong></span> <span class='ocrx_word' id='word_1_26' title='bbox 863 544 919 592; x_wconf 88' lang='lat' dir='ltr'><strong>et</strong></span> <span class='ocrx_word' id='word_1_27' title='bbox 956 557 1054 607; x_wconf 88' lang='lat' dir='ltr'><strong>pro</strong></span> <span class='ocrx_word' id='word_1_28' title='bbox 1087 542 1308 593; x_wconf 83' lang='lat' dir='ltr'><strong>dimidio</strong></span> <span class='ocrx_word' id='word_1_29' title='bbox 1333 543 1549 609; x_wconf 80' lang='lat' dir='ltr'><strong>pixides</strong></span> <span class='ocrx_word' id='word_1_30' title='bbox 1573 556 1676 595; x_wconf 78' lang='lat' dir='ltr'><strong>seu</strong></span> 
     </span>
     <span class='ocr_line' id='line_1_5' title="bbox 135 626 1672 693; baseline -0.001 -11"><span class='ocrx_word' id='word_1_31' title='bbox 135 627 497 693; x_wconf 77' lang='lat' dir='ltr'><strong>bombardas,</strong></span> <span class='ocrx_word' id='word_1_32' title='bbox 536 632 593 679; x_wconf 94' lang='lat' dir='ltr'><strong>et</strong></span> <span class='ocrx_word' id='word_1_33' title='bbox 627 628 858 679; x_wconf 84' lang='lat' dir='ltr'><strong>fuerunt</strong></span> <span class='ocrx_word' id='word_1_34' title='bbox 882 628 1020 677; x_wconf 80' lang='lat' dir='ltr'><strong>satis</strong></span> <span class='ocrx_word' id='word_1_35' title='bbox 1043 626 1346 691; x_wconf 76' lang='lat' dir='ltr'><strong>terribiles,</strong></span> <span class='ocrx_word' id='word_1_36' title='bbox 1383 632 1440 679; x_wconf 86' lang='lat' dir='ltr'><strong>et</strong></span> <span class='ocrx_word' id='word_1_37' title='bbox 1459 628 1672 680; x_wconf 74' lang='lat' dir='ltr'><strong>habue-</strong></span> 
     </span>
     <span class='ocr_line' id='line_1_6' title="bbox 137 712 1674 777; baseline -0.002 -10"><span class='ocrx_word' id='word_1_38' title='bbox 137 718 267 767; x_wconf 86' lang='lat' dir='ltr'><strong>runt</strong></span> <span class='ocrx_word' id='word_1_39' title='bbox 312 715 529 765; x_wconf 78' lang='lat' dir='ltr'><strong>scissas</strong></span> <span class='ocrx_word' id='word_1_40' title='bbox 568 713 807 777; x_wconf 80' lang='lat' dir='ltr'><strong>caligas.</strong></span> <span class='ocrx_word' id='word_1_41' title='bbox 882 716 939 763; x_wconf 90' lang='lat' dir='ltr'><strong>et</strong></span> <span class='ocrx_word' id='word_1_42' title='bbox 972 712 1227 763; x_wconf 80' lang='lat' dir='ltr'><strong>fecerunt</strong></span> <span class='ocrx_word' id='word_1_43' title='bbox 1259 712 1438 763; x_wconf 83' lang='lat' dir='ltr'><strong>mults.</strong></span> <span class='ocrx_word' id='word_1_44' title='bbox 1471 712 1674 765; x_wconf 76' lang='lat' dir='ltr'><strong>damus.</strong></span> 
     </span>
     <span class='ocr_line' id='line_1_7' title="bbox 136 796 1673 863; baseline -0.003 -10"><span class='ocrx_word' id='word_1_45' title='bbox 136 802 370 852; x_wconf 76' lang='lat' dir='ltr'><strong>rusticis</strong></span> <span class='ocrx_word' id='word_1_46' title='bbox 418 803 476 850; x_wconf 87' lang='lat' dir='ltr'><strong>et</strong></span> <span class='ocrx_word' id='word_1_47' title='bbox 524 798 775 849; x_wconf 84' lang='lat' dir='ltr'><strong>villanis.</strong></span> <span class='ocrx_word' id='word_1_48' title='bbox 852 801 909 847; x_wconf 89' lang='lat' dir='ltr'><strong>et</strong></span> <span class='ocrx_word' id='word_1_49' title='bbox 951 796 1200 848; x_wconf 86' lang='lat' dir='ltr'><strong>homines</strong></span> <span class='ocrx_word' id='word_1_50' title='bbox 1233 796 1492 849; x_wconf 85' lang='lat' dir='ltr'><strong>dixerunt</strong></span> <span class='ocrx_word' id='word_1_51' title='bbox 1525 798 1673 863; x_wconf 77' lang='lat' dir='ltr'><strong>quod</strong></span> 
     </span>
     <span class='ocr_line' id='line_1_8' title="bbox 134 880 1670 951; baseline -0.002 -14"><span class='ocrx_word' id='word_1_52' title='bbox 134 886 360 937; x_wconf 79' lang='lat' dir='ltr'><strong>vellent</strong></span> <span class='ocrx_word' id='word_1_53' title='bbox 384 882 533 948; x_wconf 84' lang='lat' dir='ltr'><strong>quod</strong></span> <span class='ocrx_word' id='word_1_54' title='bbox 554 898 741 934; x_wconf 84' lang='lat' dir='ltr'><strong>omnes</strong></span> <span class='ocrx_word' id='word_1_55' title='bbox 767 880 1226 933; x_wconf 81' lang='lat' dir='ltr'><strong>interficerentur.</strong></span> <span class='ocrx_word' id='word_1_56' title='bbox 1289 882 1386 934; x_wconf 80' lang='lat' dir='ltr'><strong>sed</strong></span> <span class='ocrx_word' id='word_1_57' title='bbox 1411 898 1513 951; x_wconf 77' lang='lat' dir='ltr'><strong>ego</strong></span> <span class='ocrx_word' id='word_1_58' title='bbox 1537 888 1670 950; x_wconf 90' lang='lat' dir='ltr'><strong>opto</strong></span> 
     </span>
     <span class='ocr_line' id='line_1_9' title="bbox 138 966 1672 1036; baseline -0.001 -15"><span class='ocrx_word' id='word_1_59' title='bbox 138 970 290 1036; x_wconf 87' lang='lat' dir='ltr'><strong>quod</strong></span> <span class='ocrx_word' id='word_1_60' title='bbox 326 968 585 1020; x_wconf 83' lang='lat' dir='ltr'><strong>redibunt</strong></span> <span class='ocrx_word' id='word_1_61' title='bbox 620 984 744 1017; x_wconf 88' lang='lat' dir='ltr'><strong>cum</strong></span> <span class='ocrx_word' id='word_1_62' title='bbox 780 967 1045 1017; x_wconf 82' lang='lat' dir='ltr'><strong>sanitate.</strong></span> <span class='ocrx_word' id='word_1_63' title='bbox 1113 966 1353 1018; x_wconf 75' lang='lat' dir='ltr'><strong>Mittatis</strong></span> <span class='ocrx_word' id='word_1_64' title='bbox 1389 968 1524 1019; x_wconf 80' lang='lat' dir='ltr'><strong>mihi</strong></span> <span class='ocrx_word' id='word_1_65' title='bbox 1548 984 1672 1019; x_wconf 84' lang='lat' dir='ltr'><strong>cum</strong></span> 
     </span>
     <span class='ocr_line' id='line_1_10' title="bbox 134 1050 1674 1108; baseline -0.002 0"><span class='ocrx_word' id='word_1_66' title='bbox 134 1057 249 1108; x_wconf 84' lang='lat' dir='ltr'><strong>isto</strong></span> <span class='ocrx_word' id='word_1_67' title='bbox 304 1055 508 1105; x_wconf 89' lang='lat' dir='ltr'><strong>nuncio</strong></span> <span class='ocrx_word' id='word_1_68' title='bbox 562 1052 941 1105; x_wconf 79' lang='lat' dir='ltr'><strong>formalitates</strong></span> <span class='ocrx_word' id='word_1_69' title='bbox 987 1053 1044 1102; x_wconf 90' lang='lat' dir='ltr'><strong>et</strong></span> <span class='ocrx_word' id='word_1_70' title='bbox 1087 1050 1472 1105; x_wconf 75' lang='lat' dir='ltr'><strong>distinctiones</strong></span> <span class='ocrx_word' id='word_1_71' title='bbox 1517 1052 1674 1105; x_wconf 80' lang='lat' dir='ltr'><strong>Scoti</strong></span> 
     </span>
     <span class='ocr_line' id='line_1_11' title="bbox 144 1136 1672 1206; baseline -0.003 -15"><span class='ocrx_word' id='word_1_72' title='bbox 144 1154 295 1206; x_wconf 78' lang='lat' dir='ltr'><strong>quas</strong></span> <span class='ocrx_word' id='word_1_73' title='bbox 334 1139 631 1203; x_wconf 79' lang='lat' dir='ltr'><strong>composuit</strong></span> <span class='ocrx_word' id='word_1_74' title='bbox 654 1136 924 1187; x_wconf 86' lang='lat' dir='ltr'><strong>Brulifer.</strong></span> <span class='ocrx_word' id='word_1_75' title='bbox 977 1141 1031 1187; x_wconf 86' lang='lat' dir='ltr'><strong>et</strong></span> <span class='ocrx_word' id='word_1_76' title='bbox 1055 1138 1224 1187; x_wconf 77' lang='lat' dir='ltr'><strong>etiam</strong></span> <span class='ocrx_word' id='word_1_77' title='bbox 1247 1136 1503 1202; x_wconf 73' lang='lat' dir='ltr'><strong>clipeum</strong></span> <span class='ocrx_word' id='word_1_78' title='bbox 1527 1137 1672 1187; x_wconf 86' lang='lat' dir='ltr'><strong>Tho·</strong></span> 
     </span>
     <span class='ocr_line' id='line_1_12' title="bbox 138 1220 1670 1289; baseline -0.002 -13"><span class='ocrx_word' id='word_1_79' title='bbox 138 1226 430 1276; x_wconf 81' lang='lat' dir='ltr'><strong>mistarum</strong></span> <span class='ocrx_word' id='word_1_80' title='bbox 481 1223 539 1273; x_wconf 82' lang='lat' dir='ltr'><strong>in</strong></span> <span class='ocrx_word' id='word_1_81' title='bbox 582 1220 775 1273; x_wconf 82' lang='lat' dir='ltr'><strong>littera</strong></span> <span class='ocrx_word' id='word_1_82' title='bbox 820 1220 980 1286; x_wconf 81' lang='lat' dir='ltr'><strong>Aldi,</strong></span> <span class='ocrx_word' id='word_1_83' title='bbox 1038 1222 1087 1271; x_wconf 90' lang='lat' dir='ltr'><strong>si</strong></span> <span class='ocrx_word' id='word_1_84' title='bbox 1132 1222 1366 1287; x_wconf 82' lang='lat' dir='ltr'><strong>potestis</strong></span> <span class='ocrx_word' id='word_1_85' title='bbox 1409 1222 1670 1289; x_wconf 83' lang='lat' dir='ltr'><strong>reperire.</strong></span> 
     </span>
     <span class='ocr_line' id='line_1_13' title="bbox 138 1306 1672 1361; baseline -0.001 0"><span class='ocrx_word' id='word_1_86' title='bbox 138 1312 331 1361; x_wconf 72' lang='lat' dir='ltr'><strong>Etiam</strong></span> <span class='ocrx_word' id='word_1_87' title='bbox 352 1308 560 1360; x_wconf 85' lang='lat' dir='ltr'><strong>vellem</strong></span> <span class='ocrx_word' id='word_1_88' title='bbox 584 1307 827 1359; x_wconf 84' lang='lat' dir='ltr'><strong>libenter</strong></span> <span class='ocrx_word' id='word_1_89' title='bbox 848 1306 1040 1358; x_wconf 85' lang='lat' dir='ltr'><strong>videre</strong></span> <span class='ocrx_word' id='word_1_90' title='bbox 1064 1306 1280 1357; x_wconf 81' lang='lat' dir='ltr'><strong>modum</strong></span> <span class='ocrx_word' id='word_1_91' title='bbox 1301 1306 1672 1359; x_wconf 75' lang='lat' dir='ltr'><strong>metrificandi</strong></span> 
     </span>
     <span class='ocr_line' id='line_1_14' title="bbox 139 1392 1672 1461; baseline -0.003 -15"><span class='ocrx_word' id='word_1_92' title='bbox 139 1410 306 1461; x_wconf 80' lang='lat' dir='ltr'><strong>quem</strong></span> <span class='ocrx_word' id='word_1_93' title='bbox 338 1406 441 1445; x_wconf 72' lang='lat' dir='ltr'><strong>vos</strong></span> <span class='ocrx_word' id='word_1_94' title='bbox 480 1392 883 1458; x_wconf 75' lang='lat' dir='ltr'><strong>composuistis.</strong></span> <span class='ocrx_word' id='word_1_95' title='bbox 954 1392 1032 1442; x_wconf 88' lang='lat' dir='ltr'><strong>Et</strong></span> <span class='ocrx_word' id='word_1_96' title='bbox 1060 1393 1223 1443; x_wconf 84' lang='lat' dir='ltr'><strong>emite</strong></span> <span class='ocrx_word' id='word_1_97' title='bbox 1250 1392 1385 1442; x_wconf 83' lang='lat' dir='ltr'><strong>mihi</strong></span> <span class='ocrx_word' id='word_1_98' title='bbox 1405 1392 1672 1443; x_wconf 85' lang='lat' dir='ltr'><strong>Boecium</strong></span> 
     </span>
     <span class='ocr_line' id='line_1_15' title="bbox 136 1472 1670 1544; baseline -0.004 -13"><span class='ocrx_word' id='word_1_99' title='bbox 136 1484 201 1531; x_wconf 86' lang='lat' dir='ltr'><strong>in</strong></span> <span class='ocrx_word' id='word_1_100' title='bbox 235 1476 491 1531; x_wconf 83' lang='lat' dir='ltr'><strong>omnibus</strong></span> <span class='ocrx_word' id='word_1_101' title='bbox 528 1478 645 1527; x_wconf 81' lang='lat' dir='ltr'><strong>suis</strong></span> <span class='ocrx_word' id='word_1_102' title='bbox 682 1478 967 1543; x_wconf 84' lang='lat' dir='ltr'><strong>operibus,</strong></span> <span class='ocrx_word' id='word_1_103' title='bbox 1007 1482 1062 1528; x_wconf 84' lang='lat' dir='ltr'><strong>et</strong></span> <span class='ocrx_word' id='word_1_104' title='bbox 1095 1477 1360 1544; x_wconf 73' lang='lat' dir='ltr'><strong>precipue</strong></span> <span class='ocrx_word' id='word_1_105' title='bbox 1399 1474 1465 1527; x_wconf 85' lang='lat' dir='ltr'><strong>de</strong></span> <span class='ocrx_word' id='word_1_106' title='bbox 1499 1472 1670 1526; x_wconf 85' lang='lat' dir='ltr'><strong>disci·</strong></span> 
     </span>
     <span class='ocr_line' id='line_1_16' title="bbox 138 1561 1670 1636; baseline -0.002 -21"><span class='ocrx_word' id='word_1_107' title='bbox 138 1566 299 1636; x_wconf 81' lang='lat' dir='ltr'><strong>plina</strong></span> <span class='ocrx_word' id='word_1_108' title='bbox 344 1561 710 1626; x_wconf 84' lang='lat' dir='ltr'><strong>scholarium,</strong></span> <span class='ocrx_word' id='word_1_109' title='bbox 770 1566 827 1613; x_wconf 87' lang='lat' dir='ltr'><strong>et</strong></span> <span class='ocrx_word' id='word_1_110' title='bbox 868 1562 936 1613; x_wconf 86' lang='lat' dir='ltr'><strong>de</strong></span> <span class='ocrx_word' id='word_1_111' title='bbox 985 1562 1368 1613; x_wconf 80' lang='lat' dir='ltr'><strong>consolatione</strong></span> <span class='ocrx_word' id='word_1_112' title='bbox 1421 1561 1670 1628; x_wconf 82' lang='lat' dir='ltr'><strong>philoso—</strong></span> 
     </span>
     <span class='ocr_line' id='line_1_17' title="bbox 137 1646 1672 1716; baseline -0.003 -16"><span class='ocrx_word' id='word_1_113' title='bbox 137 1650 311 1716; x_wconf 79' lang='lat' dir='ltr'><strong>phica</strong></span> <span class='ocrx_word' id='word_1_114' title='bbox 358 1663 483 1698; x_wconf 90' lang='lat' dir='ltr'><strong>cum</strong></span> <span class='ocrx_word' id='word_1_115' title='bbox 531 1652 832 1698; x_wconf 88' lang='lat' dir='ltr'><strong>commento</strong></span> <span class='ocrx_word' id='word_1_116' title='bbox 874 1648 1137 1698; x_wconf 89' lang='lat' dir='ltr'><strong>Doctoris</strong></span> <span class='ocrx_word' id='word_1_117' title='bbox 1179 1646 1380 1699; x_wconf 84' lang='lat' dir='ltr'><strong>sancti.</strong></span> <span class='ocrx_word' id='word_1_118' title='bbox 1453 1650 1512 1697; x_wconf 85' lang='lat' dir='ltr'><strong>et</strong></span> <span class='ocrx_word' id='word_1_119' title='bbox 1547 1660 1672 1695; x_wconf 86' lang='lat' dir='ltr'><strong>cum</strong></span> 
     </span>
     <span class='ocr_line' id='line_1_18' title="bbox 136 1730 1670 1785; baseline -0.003 0"><span class='ocrx_word' id='word_1_120' title='bbox 136 1735 247 1785; x_wconf 89' lang='lat' dir='ltr'><strong>hoc</strong></span> <span class='ocrx_word' id='word_1_121' title='bbox 292 1733 498 1785; x_wconf 83' lang='lat' dir='ltr'><strong>Valete</strong></span> <span class='ocrx_word' id='word_1_122' title='bbox 548 1736 604 1783; x_wconf 88' lang='lat' dir='ltr'><strong>et</strong></span> <span class='ocrx_word' id='word_1_123' title='bbox 646 1732 902 1783; x_wconf 81' lang='lat' dir='ltr'><strong>habeatis</strong></span> <span class='ocrx_word' id='word_1_124' title='bbox 948 1748 1034 1784; x_wconf 87' lang='lat' dir='ltr'><strong>me</strong></span> <span class='ocrx_word' id='word_1_125' title='bbox 1073 1730 1526 1785; x_wconf 71' lang='lat' dir='ltr'><strong>commendatum.</strong></span> <span class='ocrx_word' id='word_1_126' title='bbox 1601 1746 1670 1781; x_wconf 81' lang='lat' dir='ltr'><strong>ex</strong></span> 
     </span>
    </p>
   </div>
   <div class='ocr_carea' id='block_1_3' title="bbox 138 1820 413 1887">
    <p class='ocr_par' dir='ltr' id='par_1_3' title="bbox 138 1820 413 1887">
     <span class='ocr_line' id='line_1_19' title="bbox 138 1820 413 1887; baseline -0.011 -17"><span class='ocrx_word' id='word_1_127' title='bbox 138 1820 413 1887; x_wconf 79' lang='lat' dir='ltr'><strong>Augusta.</strong></span> 
     </span>
    </p>
   </div>
   <div class='ocr_carea' id='block_1_4' title="bbox 180 2048 1609 2243">
    <p class='ocr_par' dir='ltr' id='par_1_4' title="bbox 180 2048 1609 2243">
     <span class='ocr_line' id='line_1_20' title="bbox 857 2048 957 2109; baseline 0 0"><span class='ocrx_word' id='word_1_128' title='bbox 857 2048 957 2109; x_wconf 77' lang='lat'><strong>25.</strong></span> 
     </span>
     <span class='ocr_line' id='line_1_21' title="bbox 180 2152 1609 2243; baseline -0.003 -19"><span class='ocrx_word' id='word_1_129' title='bbox 180 2157 585 2243; x_wconf 78' lang='lat' dir='ltr'><strong>Magister</strong></span> <span class='ocrx_word' id='word_1_130' title='bbox 638 2152 1074 2239; x_wconf 84' lang='lat' dir='ltr'><strong>Philippus</strong></span> <span class='ocrx_word' id='word_1_131' title='bbox 1133 2152 1609 2241; x_wconf 74' lang='lat' dir='ltr'><strong>Scalptoris</strong></span> 
     </span>
    </p>
   </div>
   <div class='ocr_carea' id='block_1_5' title="bbox 142 2274 1667 2652">
    <p class='ocr_par' dir='ltr' id='par_1_5' title="bbox 142 2274 1667 2652">
     <span class='ocr_line' id='line_1_22' title="bbox 697 2274 1119 2327; baseline -0.005 0"><span class='ocrx_word' id='word_1_132' title='bbox 697 2274 946 2327; x_wconf 82' lang='lat' dir='ltr'><strong>Salutem</strong></span> <span class='ocrx_word' id='word_1_133' title='bbox 981 2274 1119 2326; x_wconf 87' lang='lat' dir='ltr'><strong>dicit</strong></span> 
     </span>
     <span class='ocr_line' id='line_1_23' title="bbox 420 2376 1393 2447; baseline -0.001 -17"><span class='ocrx_word' id='word_1_134' title='bbox 420 2380 767 2447; x_wconf 80' lang='lat' dir='ltr'><strong>Magistro</strong></span> <span class='ocrx_word' id='word_1_135' title='bbox 804 2378 1096 2431; x_wconf 84' lang='lat' dir='ltr'><strong>Ortvino</strong></span> <span class='ocrx_word' id='word_1_136' title='bbox 1132 2376 1393 2431; x_wconf 77' lang='lat' dir='ltr'><strong>Gratio.</strong></span> 
     </span>
     <span class='ocr_line' id='line_1_24' title="bbox 238 2497 1667 2567; baseline -0.003 -15"><span class='ocrx_word' id='word_1_137' title='bbox 238 2501 404 2553; x_wconf 74' lang='lat' dir='ltr'><strong>Sicut</strong></span> <span class='ocrx_word' id='word_1_138' title='bbox 434 2500 641 2565; x_wconf 85' lang='lat' dir='ltr'><strong>scripsi</strong></span> <span class='ocrx_word' id='word_1_139' title='bbox 663 2499 821 2550; x_wconf 85' lang='lat' dir='ltr'><strong>vobis</strong></span> <span class='ocrx_word' id='word_1_140' title='bbox 846 2514 996 2567; x_wconf 76' lang='lat' dir='ltr'><strong>sepe,</strong></span> <span class='ocrx_word' id='word_1_141' title='bbox 1025 2514 1127 2564; x_wconf 88' lang='lat' dir='ltr'><strong>ego</strong></span> <span class='ocrx_word' id='word_1_142' title='bbox 1151 2498 1333 2549; x_wconf 82' lang='lat' dir='ltr'><strong>habeo</strong></span> <span class='ocrx_word' id='word_1_143' title='bbox 1357 2497 1667 2551; x_wconf 82' lang='lat' dir='ltr'><strong>molestiam</strong></span> 
     </span>
     <span class='ocr_line' id='line_1_25' title="bbox 142 2580 1666 2652; baseline -0.003 -15"><span class='ocrx_word' id='word_1_144' title='bbox 142 2586 287 2652; x_wconf 83' lang='lat' dir='ltr'><strong>quod</strong></span> <span class='ocrx_word' id='word_1_145' title='bbox 330 2588 447 2637; x_wconf 78' lang='lat' dir='ltr'><strong>ista.</strong></span> <span class='ocrx_word' id='word_1_146' title='bbox 483 2582 755 2636; x_wconf 76' lang='lat' dir='ltr'><strong>ribaldria</strong></span> <span class='ocrx_word' id='word_1_147' title='bbox 770 2622 784 2648; x_wconf 89' lang='lat'>‚</span> <span class='ocrx_word' id='word_1_148' title='bbox 822 2584 1045 2635; x_wconf 85' lang='lat' dir='ltr'><strong>scilicet</strong></span> <span class='ocrx_word' id='word_1_149' title='bbox 1078 2580 1322 2633; x_wconf 80' lang='lat' dir='ltr'><strong>facultas</strong></span> <span class='ocrx_word' id='word_1_150' title='bbox 1357 2588 1666 2647; x_wconf 88' lang='lat' dir='ltr'><strong>poetarum,</strong></span> 
     </span>
    </p>
   </div>
   <div class='ocr_carea' id='block_1_6' title="bbox 140 2667 1675 2823">
    <p class='ocr_par' dir='ltr' id='par_1_6' title="bbox 140 2667 1675 2823">
     <span class='ocr_line' id='line_1_26' title="bbox 140 2667 1670 2735; baseline -0.007 -13"><span class='ocrx_word' id='word_1_151' title='bbox 140 2672 199 2722; x_wconf 86' lang='lat' dir='ltr'><strong>fit</strong></span> <span class='ocrx_word' id='word_1_152' title='bbox 246 2673 555 2723; x_wconf 76' lang='lat' dir='ltr'><strong>communis</strong></span> <span class='ocrx_word' id='word_1_153' title='bbox 604 2672 661 2721; x_wconf 81' lang='lat' dir='ltr'><strong>et</strong></span> <span class='ocrx_word' id='word_1_154' title='bbox 706 2674 939 2735; x_wconf 81' lang='lat' dir='ltr'><strong>augetur</strong></span> <span class='ocrx_word' id='word_1_155' title='bbox 985 2684 1084 2733; x_wconf 88' lang='lat' dir='ltr'><strong>per</strong></span> <span class='ocrx_word' id='word_1_156' title='bbox 1129 2682 1316 2719; x_wconf 86' lang='lat' dir='ltr'><strong>omnes</strong></span> <span class='ocrx_word' id='word_1_157' title='bbox 1351 2667 1670 2729; x_wconf 73' lang='lat' dir='ltr'><strong>provincias</strong></span> 
     </span>
     <span class='ocr_line' id='line_1_27' title="bbox 143 2750 1675 2823; baseline -0.011 -15"><span class='ocrx_word' id='word_1_158' title='bbox 143 2760 196 2808; x_wconf 88' lang='lat' dir='ltr'><strong>et</strong></span> <span class='ocrx_word' id='word_1_159' title='bbox 250 2756 531 2823; x_wconf 83' lang='lat' dir='ltr'><strong>regiones.</strong></span> <span class='ocrx_word' id='word_1_160' title='bbox 612 2756 877 2818; x_wconf 85' lang='lat' dir='ltr'><strong>tempore·</strong></span> <span class='ocrx_word' id='word_1_161' title='bbox 917 2766 1040 2802; x_wconf 84' lang='lat' dir='ltr'><strong>meo</strong></span> <span class='ocrx_word' id='word_1_162' title='bbox 1097 2750 1208 2799; x_wconf 81' lang='lat' dir='ltr'><strong>fuit</strong></span> <span class='ocrx_word' id='word_1_163' title='bbox 1263 2750 1483 2795; x_wconf 80' lang='lat' dir='ltr'><strong>tantum</strong></span> <span class='ocrx_word' id='word_1_164' title='bbox 1531 2756 1675 2793; x_wconf 84' lang='lat' dir='ltr'><strong>unus</strong></span> 
     </span>
    </p>
   </div>
  </div>
 </body>
</html>
