1942 3109
311 693 876 771 APPENDEX
927 686 1687 770 EPISTOLARVM.

704 865 806 924 42.
875 864 1207 934 Appendicis
1244 866 1291 916 1.

735 967 1147 1032 Antonius
1192 965 1275 1030 N.

637 1079 917 1148 Medicine
953 1081 1118 1146 quasi
1151 1079 1365 1143 doetor,

321 1175 379 1224 id
417 1179 502 1225 est
535 1175 915 1240 Licentiatus,
953 1175 1145 1242 statim
1181 1177 1369 1224 autem
1401 1175 1685 1238 promotus

773 1268 1084 1334 Spectabili
1116 1270 1237 1328 viro

521 1361 865 1428 Magistro
901 1361 1193 1414 Ortvino
1230 1361 1473 1413 Gratio

479 1457 795 1523 preceptori
829 1471 928 1508 suo
963 1455 1194 1508 multum
1226 1453 1543 1508 venerando

787 1549 1037 1602 Salutem
1070 1550 1223 1600 dicit.

345 1687 649 1754 Preceptor
705 1685 1179 1752 singularissime,
1250 1684 1551 1737 seeundum
1622 1684 1774 1748 quod

243 1772 551 1838 scripsistis
585 1771 722 1823 mihi
755 1787 932 1838 nuper
967 1770 1113 1837 quod
1146 1770 1379 1822 debeam
1425 1769 1584 1820 vobis
1630 1771 1773 1820 seri-

241 1858 374 1907 bere
418 1857 675 1923 novalia,
723 1858 920 1908 sciatis
968 1855 1113 1921 quod
1148 1873 1251 1922 ego
1288 1855 1599 1920 nuperrime
1635 1855 1773 1906 veni

243 1959 311 1991 ex
333 1941 726 2007 Heydelberga
762 1941 832 1993 ad
861 1941 1171 2006 Strassburg
1202 1940 1397 1992 volens
1424 1954 1606 1990 emere
1631 1955 1770 2008 que-

242 2024 366 2076 dam
401 2027 719 2078 materialia
767 2028 968 2092 quibus
1013 2027 1217 2076 utimur
1260 2027 1319 2075 in
1354 2025 1561 2076 nostris
1589 2023 1773 2075 ,medi-

246 2111 552 2177 einalibus,
599 2117 662 2161 nt
695 2113 854 2163 scitis
893 2111 1088 2162 oredo:
1136 2111 1267 2175 quia
1305 2111 1476 2160 etiam
1512 2112 1598 2159 est
1636 2123 1770 2159 eon-

241 2195 473 2246 suetudo
511 2196 656 2262 apud
690 2201 910 2248 vestros
945 2195 1209 2259 medicos,
1244 2198 1308 2245 ut
1342 2196 1391 2245 si
1424 2210 1535 2245 non
1558 2194 1773 2268 habent

243 2282 302 2330 in
335 2283 451 2332 suis
489 2282 770 2348 apotecis,
817 2285 952 2330 tune
998 2281 1181 2332 solent
1224 2295 1453 2345 pergere
1502 2281 1559 2328 in
1596 2278 1770 2328 aliam

245 2366 534 2416 civitatem
577 2369 642 2415 ut
682 2366 899 2430 possint
944 2381 1123 2416 emere
1180 2359 1249 2413 ad
1301 2365 1769 2429 practicationem

243 2465 428 2500 suam:
475 2448 576 2500 sed
609 2453 758 2500 stent
791 2448 911 2499 illa.
987 2448 1123 2499 Cum
1159 2451 1351 2514 itaque
1384 2449 1662 2500 venissem
1698 2448 1767 2498 il—

242 2535 365 2599 lue,
423 2535 580 2586 venit
625 2533 694 2584 ad
738 2549 822 2584 me
869 2549 1011 2584 unus
1055 2535 1233 2586 bonus
1280 2535 1491 2584 amiens
1538 2534 1635 2598 qui
1681 2537 1769 2583 est

242 2619 379 2670 mihi
411 2619 642 2670 multum
676 2619 1034 2683 favorabiliS,
1074 2621 1130 2670 et
1166 2633 1327 2683 quem
1358 2634 1459 2669 vos
1494 2619 1637 2669 bene
1674 2633 1766 2668 eo-

244 2705 532 2770 gnoscitis,
571 2703 704 2767 quia
739 2704 849 2754 fuit
883 2702 979 2753 diu
1015 2704 1183 2754 etiam
1209 2701 1439 2770 Colonie
1476 2705 1577 2754 sub
1604 2704 1766 2770 virga
