1942 3109
221 199 252 245 2
479 212 768 246 EPISTOLAE
807 212 1175 247 onscvnossvu
1212 213 1483 247 VIBORVM.

220 317 454 383 pientie,
491 315 762 378 loquendo
799 316 1033 380 poetice.
1104 316 1213 365 Est·
1240 321 1426 366 autem
1460 318 1561 368 illa
1600 335 1735 388 que-

221 403 326 450 stio
375 402 457 450 sic
503 399 844 450 introducta:
891 400 1111 450 Dudum
1156 402 1265 450 fuit
1308 402 1400 451 hic
1444 404 1733 467 prandium

220 485 564 548 AristoteliS,
613 490 668 534 et
702 485 971 548 doctores,
1010 484 1321 551 licenciati,
1367 503 1580 538 necnon
1616 506 1734 540 ma-

221 572 380 636 gistri
417 572 642 620 fuerunt
675 571 733 620 in
767 587 968 636 magna
1001 571 1211 638 letitia,
1250 575 1306 622 et
1329 589 1429 638 ego
1454 574 1537 624 fui
1560 575 1733 623 etiam

222 657 327 719 ibi,
377 659 432 705 et
475 657 714 706 bibimus
755 672 856 720 pro
893 656 1067 720 primo
1104 656 1315 706 ferculo
1351 660 1463 706 tres
1498 657 1732 708 haustus

221 741 286 789 de
323 741 639 803 malvatico,
678 744 732 790 et
766 756 862 804 pro
899 741 1073 804 prima
1107 741 1231 790 vice
1267 742 1619 806 imposuimus
1642 759 1733 793 se-

221 826 416 876 mellas
453 830 720 888 recentes,
759 829 814 875 et
848 826 1081 875 fecimus
1116 823 1296 890 offam,
1336 831 1391 875 et
1414 826 1607 876 deinde
1630 828 1733 878 ha-

221 913 438 962 buimus
475 927 572 960 sex
606 911 822 960 fercula
856 909 922 959 de
961 910 1247 972 carnibus,
1295 915 1349 960 et
1384 912 1636 975 gallinis,
1678 919 1737 962 et

225 997 556 1061 caponibuS,
596 1000 652 1045 et
685 1011 851 1044 unum
886 995 951 1044 de
988 995 1259 1060 piscibus;
1298 999 1355 1044 et
1388 998 1735 1060 procedendo

223 1082 291 1132 de
327 1097 433 1131 uno
469 1081 680 1131 ferculo
716 1081 774 1128 in
810 1080 992 1143 aliud,
1030 1095 1242 1145 semper
1275 1081 1511 1131 bibimus
1545 1083 1736 1132 vinum

223 1168 658 1231 Kotzborgense,
692 1165 1008 1228 Rhenense,
1048 1169 1105 1214 et
1140 1167 1464 1215 cerevisiam
1498 1167 1735 1218 Embec-

229 1259 474 1315 c¹ensem,
521 1266 734 1300 necnon
771 1251 1143 1314 Thurgensem
1180 1254 1235 1300 et
1268 1251 1733 1314 Neuburgensem.

225 1337 298 1385 Et
343 1337 594 1400 magistri
637 1337 862 1384 fuerunt
892 1335 1035 1384 bene
1074 1336 1343 1399 contenti,
1390 1339 1445 1384 et
1477 1334 1739 1384 dixerunt

221 1420 364 1486 quod
398 1419 602 1470 domini
635 1419 889 1484 magistri
923 1419 1134 1470 novelli
1166 1420 1306 1470 bene
1334 1419 1737 1484 expediverunt

219 1523 296 1569 se,
337 1514 392 1554 et
429 1521 550 1554 cum
584 1520 780 1569 magno
816 1504 1037 1553 honore.
1110 1505 1265 1552 Tunc
1300 1505 1552 1568 magistri
1586 1504 1733 1554 hila-

219 1591 423 1640 rificati
460 1591 782 1653 inceperunt
817 1589 969 1651 loqui
1006 1587 1375 1637 artificialiter
1411 1587 1476 1637 de
1513 1591 1731 1652 magnis
1786 1574 1789 1576 v

223 1676 634 1742 questionibus:
669 1675 744 1723 Et
776 1689 916 1724 unus
943 1674 1201 1740 quesivit,
1238 1677 1418 1721 utrum
1442 1671 1733 1724 dicendum

222 1761 504 1826 ‘magister
536 1759 884 1809 nostrandus’
920 1759 1010 1809 vel
1049 1758 1253 1808 ‘noster
1285 1757 1731 1823 magistrandus',

220 1863 316 1911 pro
351 1861 586 1911 persona
612 1848 745 1909 apta
769 1848 904 1892 nata
931 1843 1000 1892 ad
1026 1842 1259 1892 fiendum
1282 1841 1471 1891 doctor
1493 1843 1551 1890 in
1576 1842 1731 1892 theo-

220 1932 396 1996 logia,
444 1931 590 1980 sicut
635 1944 880 1994 pronunc
927 1932 1013 1978 est
1055 1929 1113 1976 in
1160 1926 1391 1976 Colonia
1437 1927 1733 1977 mellifluus

221 2020 380 2082 pater
412 2017 587 2065 frater
623 2013 991 2063 Theodericus
1024 2013 1089 2062 de
1116 2011 1329 2076 Gauda,
1366 2013 1570 2062 ordinis
1596 2012 1733 2062 Gar—

222 2101 534 2150 melitarum
566 2099 1067 2150 venerandissimus
1098 2098 1317 2162 legatus
1344 2098 1485 2164 alme
1511 2098 1731 2147 univer-

223 2187 410 2236 sitatis
449 2185 810 2247 ColoniensiS,
847 2183 1258 2249 providissimus
1296 2184 1513 2244 artista,
1551 2181 1733 2246 philo-

223 2271 444 2336 sophuS,
471 2272 898 2335 argumentator,
924 2272 981 2317 et
997 2267 1285 2332 theologus
1304 2267 1731 2331 supereminens.

225 2357 298 2404 Et
332 2355 520 2404 statim
555 2353 837 2419 respondit
869 2354 1131 2418 magister
1148 2353 1559 2402 Warmsemmel
1582 2352 1731 2401 lans-

225 2455 454 2490 mannus
509 2454 688 2501 meus,
747 2440 840 2502 qui
895 2442 978 2488 est
1024 2436 1267 2487 Scotista
1314 2437 1734 2499 subtilissimus,

229 2531 283 2576 et
318 2522 580 2589 magister
611 2539 757 2572 xv111
795 2537 1084 2587 annorum,
1124 2526 1180 2572 et
1213 2523 1321 2572 fuit
1355 2525 1595 2587 tempore
1632 2537 1734 2570 suo

227 2626 324 2676 pro
360 2608 530 2674 gradu
565 2608 872 2672 magisterii
905 2608 992 2658 bis
1028 2608 1307 2670 reiicitus,
1356 2611 1411 2656 et
1446 2612 1530 2657 ter
1562 2607 1735 2667 impe-

229 2695 394 2757 ditus,
432 2698 486 2743 et
519 2697 706 2743 tamen
741 2694 897 2742 stetit
929 2692 1161 2742 ulterius
1188 2692 1369 2756 quoad
1392 2693 1498 2742 fuit
1522 2705 1734 2756 promo-
