1942 3109
115 279 314 316 PEPER.
342 275 656 314 ancnmm
680 275 1027 314 AaoqunTA
1049 277 1249 314 REPV'I'.
1278 276 1510 316 s'rvmt‘r.
1560 264 1649 314 141

115 401 152 434 a
186 401 247 435 se
276 387 470 434 contra
493 381 694 452 Iudeos
731 384 1045 448 approbata
1079 385 1137 434 in
1172 399 1274 434 sua
1309 384 1653 449 postmodum

116 469 533 519 consultatione
556 473 749 519 contra
766 485 852 520 me
873 469 1173 534 proditor-le
1193 469 1485 520 scribendo
1503 471 1655 520 vice-

111 570 284 606 versa
319 555 700 620 impugnasse,
737 554 836 605 sed
872 569 1091 604 suorum
1116 553 1187 604 ad
1210 555 1389 605 virum
1412 553 1655 606 nobilem

113 641 411 691 verborum
458 656 664 691 memor
707 639 1089 704 blasphemias
1136 643 1194 689 et
1238 638 1519 690 occultam
1564 639 1655 688 Iu-

112 725 343 792 deorum
377 726 689 790 nequitiam
727 728 1049 776 constanter
1083 739 1297 774 mecum
1337 723 1653 788 infregisse.

224 803 275 862 (I
313 810 473 874 Quod
521 814 708 861 autem
751 809 890 860 dicit
933 810 991 858 in
1038 808 1361 859 defensione
1408 824 1509 859 sua
1556 824 1654 859 seu

118 897 308 961 potius
345 895 652 945 offensione
689 895 882 944 littera
905 893 955 960 ᾧ
996 892 1253 964 columna
1288 894 1491 958 prima,
1528 909 1651 944 sese

115 980 568 1045 argumentative
613 979 903 1028 dumtaxat
950 982 1007 1028 et
1064 994 1175 1028 non
1230 976 1653 1030 determinative

117 1068 318 1114 contra
363 1061 562 1131 Iudeos
617 1063 940 1128 scripsisse,
998 1063 1065 1113 In
1110 1063 1215 1113 hoc
1263 1066 1320 1112 et
1364 1064 1415 1114 si
1459 1065 1654 1114 merito

118 1147 504 1213 corripiendus
540 1149 772 1199 veritati
807 1152 993 1199 tamen
1028 1150 1238 1213 parcit,
1276 1151 1339 1198 ut
1374 1148 1460 1198 his
1496 1152 1655 1214 patet

116 1235 218 1296 qui
241 1234 421 1297 ipsius
448 1232 518 1282 ad
543 1232 786 1283 nobilem
810 1233 1023 1298 scripta
1048 1233 1358 1283 alemanice
1383 1234 1655 1298 impressa

113 1320 393 1381 legerunt.
456 1316 809 1382 Quapropter
829 1331 897 1366 ne
933 1317 1181 1368 levitatis
1218 1321 1561 1383 argueretur,
1598 1318 1656 1367 in

113 1401 265 1452 libro
299 1399 658 1468 ,defensionis
703 1417 804 1468 sue
852 1406 950 1452 aut
993 1403 1177 1467 potius
1222 1401 1662 1476 mendaciorum,

114 1488 352 1538 sinistra
391 1490 478 1537 est
513 1499 646 1536 usus
680 1487 1065 1553 persuasione.

297 1623 473 1674 Nota
511 1625 800 1688 septimo
840 1603 1125 1691 quedam
1161 1624 1475 1690 pulchra.

263 1731 314 1790 (I
349 1741 560 1793 Vereor
593 1741 700 1791 hoc
735 1741 859 1792 loco
897 1757 966 1792 ea
1001 1742 1071 1793 ob
1097 1744 1467 1794 reverentiam
1490 1744 1657 1795 Ihesu

120 1823 336 1875 Christi
355 1840 636 1893 enarrare,
658 1840 765 1893 que
784 1826 1025 1877 Ioannes
1045 1827 1319 1878 Reuchlin
1338 1826 1408 1877 ad
1424 1827 1656 1878 eundem

115 1909 304 1960 virum
327 1908 568 1960 nobilem
590 1911 880 1963 verissime
917 1912 1161 1977 scripsit,
1198 1912 1354 1963 modo
1393 1918 1656 1964 constans

117 1996 244 2058 ipse
290 1993 632 2058 postmodum
676 1996 734 2045 in
783 1997 899 2046 suis
957 1996 1183 2060 scriptis
1240 1999 1656 2060 permansisset.

115 2079 274 2128 Inter
309 2082 496 2128 cetera
531 2078 671 2129 dicit
702 2079 902 2148 Iudeos
937 2080 1134 2129 mirum
1168 2080 1227 2128 in
1250 2080 1465 2130 modum
1489 2080 1659 2149 letari

121 2175 252 2210 cum
289 2159 561 2210 salvatori
595 2168 783 2214 nostro
819 2164 1065 2214 illudant
1099 2179 1256 2214 omne
1303 2165 1657 2231 vituperium,

119 2257 450 2306 omnemque
489 2248 883 2299 contumeliam
917 2254 1035 2300 tam
1072 2249 1444 2316 excogitando
1492 2265 1658 2316 quam

123 2325 523 2393 componendo.
583 2327 794 2380 AdiIeit
827 2348 1047 2398 quoque
1072 2333 1273 2402 Iudeos
1309 2336 1367 2385 in
1402 2336 1657 2386 omnibus

119 2417 242 2468 suis
299 2411 551 2479 negociis
609 2418 665 2462 et
716 2414 776 2462 in
831 2419 1081 2468 oratione
1129 2418 1455 2483 quotidiana
1490 2423 1559 2478 ,et
1601 2421 1659 2468 in

120 2500 241 2551 suis
277 2499 437 2550 libris
475 2512 613 2563 quos
653 2503 846 2550 contra
870 2514 970 2551 nos
996 2502 1247 2554 scribunt
1272 2507 1441 2568 atque
1466 2503 1660 2569 legunt

124 2589 184 2634 et
239 2586 296 2634 in
352 2584 604 2636 oratione
662 2583 886 2636 tandem
940 2585 1549 2653 Felamschummodym
1602 2588 1659 2638 id

122 2670 316 2719 facere
371 2670 552 2721 indies
609 2670 822 2722 solitos.
901 2671 1151 2736 Idipsum
1210 2677 1395 2723 autem
1454 2677 1510 2722 et
1557 2689 1659 2737 ego

121 2752 474 2806 verissimum
522 2771 644 2808 esse
691 2755 981 2823 profiteor,
1038 2755 1137 2807 sed
1192 2758 1313 2822 ipse
1362 2754 1518 2807 modo
1565 2757 1661 2819 qui
