1942 3109
259 193 364 245 210
439 208 730 244 nns‘ronffl
757 208 1123 245 onscvaonvn
1148 208 1403 245 vmouvu
1429 208 1610 245 novin.

243 313 577 381 hereticus&
646 313 722 363 Et
763 314 993 380 gavisus
1038 329 1159 363 sum
1191 312 1387 379 valde,
1430 318 1487 365 et
1520 313 1637 363 dixi
1674 312 1791 365 ‘det

258 396 509 449 dominus
544 397 681 449 deus
717 399 862 463 quod
895 398 996 448 fiat
1028 398 1329 449 seeundum
1361 399 1534 450 verba
1556 400 1790 449 vestra'.

257 482 332 531 Et
365 484 556 534 inveni
589 484 670 534 ibi
703 484 904 535 multos
941 482 1271 534 Curtisanos
1312 483 1448 533 mihi
1488 487 1684 547 notos,
1732 486 1790 533 et

255 567 495 619 invitavi
539 583 632 619 eos
678 568 748 618 ad
793 569 1113 633 hospitium.
1202 566 1419 617 Deinde
1462 570 1669 619 ivimus
1716 567 1789 617 ad

255 652 627 717 Florentiam,
674 668 780 720 quq
830 657 914 703 est
957 654 1041 711 ita
1085 652 1321 717 pulchra
1369 651 1589 703 Civitas
1634 653 1789 701 sicut

259 741 346 787 est
379 740 438 787 in
472 737 688 789 mundo.
758 737 833 786 Et
874 739 1075 803 postea
1110 735 1340 803 Senam,
1387 738 1484 787 ubi
1529 739 1617 786 est
1662 737 1785 785 uni-

255 824 522 887 versitas,
561 822 659 872 sed
693 825 823 872 sunt
857 823 1027 887 pauci
1060 821 1351 887 Theologi.
1408 819 1616 871 Postea
1654 824 1787 871 sunt

257 920 428 971 parve
475 905 778 971 Civitates,
826 909 882 956 et
925 920 1039 957 una
1080 910 1316 957 vocatur
1348 906 1783 956 Monteflaseon:

255 989 344 1059 Ibi
376 990 616 1043 bibimus
653 992 918 1055 optimum
948 990 1165 1053 vinum,
1212 990 1377 1054 quale
1424 1006 1535 1041 non
1570 990 1693 1041 bibi
1725 990 1784 1039 in

254 1076 379 1125 vita
411 1091 562 1126 mea:
602 1078 659 1125 et
689 1076 1037 1141 interrogavi
1069 1075 1344 1139 hospitem
1380 1073 1653 1139 quomodo
1687 1090 1784 1125 vo-

259 1163 418 1209 catur
453 1159 592 1209 illud
627 1161 852 1210 vinum?
897 1158 1205 1225 Respondit
1247 1158 1395 1223 quod
1438 1162 1523 1209 est
1559 1157 1783 1223 lachry-

253 1258 345 1292 ma
391 1242 618 1292 Christi.
697 1243 855 1292 Tunc
899 1242 1043 1293 dixit
1084 1244 1273 1294 socius
1316 1258 1497 1293 meus=
1545 1241 1785 1293 ‘utinam

257 1324 510 1376 Christus
545 1324 722 1377 vellet
757 1326 926 1376 etiam
959 1326 1091 1376 flere
1126 1328 1187 1376 in
1208 1328 1394 1393 patria
1418 1329 1646 1377 nostra'.
1708 1328 1785 1377 Et

257 1412 339 1460 sic
383 1411 623 1461 bibimus
667 1412 870 1462 bonam
913 1410 1263 1474 positionem.
1354 1412 1429 1462 Et
1471 1417 1601 1477 post
1644 1411 1783 1462 duos

255 1493 374 1545 dies
409 1495 736 1545 intravimus
769 1494 1016 1545 Romam.
1084 1496 1373 1547 Laudetur
1406 1496 1541 1547 deus
1580 1498 1678 1561 qui
1712 1496 1783 1545 li-

251 1578 474 1629 beravit
506 1594 608 1630 nos
642 1578 711 1629 de
753 1578 946 1630 multis
989 1579 1451 1632 tribulationibus
1496 1596 1603 1647 que
1652 1586 1785 1631 sunt

253 1663 312 1713 in
355 1666 480 1714 tota
522 1664 646 1728 via,
702 1678 920 1714 necnon
964 1665 1022 1713 in
1064 1664 1217 1715 mala
1263 1664 1584 1731 Scarparia.
1670 1666 1782 1716 Sed

252 1763 400 1798 nunc
443 1749 504 1797 in
541 1746 710 1799 Curia
753 1764 864 1800 non
905 1748 1163 1799 intellexi
1210 1749 1405 1814 aliqua
1451 1766 1623 1814 nova,
1672 1751 1781 1799 nisi

253 1834 400 1896 quod
443 1832 562 1884 vidi
603 1834 696 1882 hic
741 1848 910 1883 unum
953 1832 1175 1882 Animal
1218 1834 1365 1885 bene
1400 1834 1485 1884 ita
1517 1850 1780 1901 magnum

251 1918 400 1967 sicut
444 1920 682 1980 quatuor
725 1918 880 1981 equi,
937 1921 994 1966 et
1036 1917 1206 1967 habet
1247 1923 1482 1969 rostrum
1528 1920 1612 1969 ita
1658 1921 1781 1971 lon-

250 2016 379 2065 gum
413 2001 561 2050 sieut
597 2016 727 2066 ego,
765 2005 822 2051 et
845 2005 930 2051 est
951 2001 1229 2051 mirabilis
1251 2006 1527 2053 creatura.
1589 2004 1781 2065 Quan-

249 2084 318 2135 do
354 2084 498 2150 vidi,
542 2088 678 2135 tunc
720 2084 836 2135 dixi
890 2084 1191 2136 ‘Mirabilis
1235 2085 1371 2137 deus
1419 2088 1477 2136 in
1514 2088 1777 2152 operibus

247 2171 402 2219 suis'.
482 2169 602 2233 Ego
654 2170 858 2220 vellem
912 2170 1047 2220 dare
1102 2186 1270 2220 unum
1316 2172 1583 2221 florenum
1629 2171 1779 2236 quod

245 2252 434 2304 videre
470 2252 750 2303 deberetis
783 2253 943 2303 illam
976 2255 1235 2313 bestiam.
1310 2254 1421 2305 Sed
1466 2255 1631 2307 eredo
1677 2271 1780 2321 per

246 2338 410 2389 deum
457 2337 604 2401 quod
649 2338 787 2387 satis
829 2339 972 2389 bene
1020 2337 1277 2404 expedivi
1320 2354 1406 2389 me
1460 2340 1777 2393 scribendo.

244 2424 359 2474 Vos
393 2422 651 2473 similiter
684 2423 935 2486 faciatis),
975 2423 1119 2473 alias
1144 2439 1426 2488 nunquam
1450 2425 1611 2476 vobis
1638 2427 1779 2475 scri·

244 2505 390 2557 bam.
471 2508 547 2555 Et
591 2506 779 2557 valete
826 2508 1057 2558 saniter.
1126 2509 1333 2558 Datum
1376 2509 1582 2574 raptim
1626 2510 1777 2560 Rho-

245 2580 408 2657 manq
447 2590 628 2656 Curio.
