1942 3109
84 246 549 289 isusnn'nozms
586 246 889 282 osscvnon.
917 246 1222 282 usvcnmn.
1249 247 1430 282 novar.
1495 233 1592 281 271

84 350 346 407 Ascendit
403 350 610 401 clamor
665 352 853 402 vester
908 349 967 397 in
1025 348 1200 399 altum
1272 353 1328 399 et
1382 352 1595 401 montes

82 436 316 501 Caspios
353 435 636 487 horrisono
674 436 893 500 fragore
942 434 1238 484 concussit.
1308 432 1599 483 Insolitum

82 520 340 586 deponite
377 520 643 571 timorem.
690 519 887 569 Estote
922 518 1095 569 fortes
1131 518 1189 566 in
1222 516 1371 568 bello
1409 522 1602 567 contra.

82 609 364 668 virtutem,
388 620 459 653 ne
494 603 707 655 inimici
740 603 915 655 nostri
948 603 1010 653 in
1045 603 1261 663 cunctis
1297 601 1423 667 plus
1461 615 1602 667 equo

82 689 437 756 triumphent.
450 687 863 739 Annunciamus
875 686 1034 739 vobis
1052 685 1312 752 gaudium
1330 699 1604 750 magnum,

82 774 228 841 quod
273 779 463 827 notum
510 774 619 826 erit
661 774 807 824 omni
850 772 1084 839 popu10,
1143 770 1274 835 quia
1319 773 1483 819 natus
1520 773 1606 819 est

82 861 241 913 vobis
276 864 528 909 servator
564 857 943 909 Antichristus
989 858 1049 904 in
1083 855 1362 906 montibus
1397 853 1604 905 nostris

80 959 153 992 ex
211 941 473 993 edentula
529 941 767 1003 quadam
822 955 931 990 anu
977 940 1312 1004 Blasphema
1369 938 1602 989 nomine.

80 1030 205 1092 Que
242 1026 483 1089 superba
518 1024 701 1089 nimis,
738 1039 953 1089 semper
989 1024 1046 1071 in
1083 1039 1174 1074 ore
1210 1024 1380 1074 habet
1412 1024 1602 1089 Vergi-

81 1112 298 1163 lianum
332 1108 473 1161 illud

358 1194 463 1244 ‘En
501 1212 603 1260 ego
640 1194 835 1245 incedo
871 1194 1066 1259 regina
1100 1193 1359 1257 Iovisque

223 1284 279 1330 et
314 1294 469 1329 soror
505 1283 561 1329 et
599 1278 871 1328 coniunx'.

80 1365 232 1415 Hinc
270 1368 355 1414 est
391 1362 535 1428 quod
570 1364 745 1413 nostri
780 1363 1053 1427 doctores,
1091 1362 1148 1412 in
1183 1361 1392 1413 fabulis
1429 1360 1606 1412 ethni-

81 1464 271 1507 corum
317 1448 547 1512 multum
594 1446 819 1511 eruditi,
861 1464 983 1498 eam
1018 1447 1283 1498 Iunonem
1319 1462 1440 1497 esse
1480 1462 1608 1497 con·

79 1532 329 1583 tendant.
399 1534 517 1585 Nec
561 1533 846 1584 immerito.
917 1532 1106 1583 Habet
1161 1531 1306 1583 enim
1357 1532 1606 1598 pedisse-

79 1634 221 1683 quas
258 1618 527 1683 insignes,
563 1621 678 1669 tres
715 1618 1019 1669 inferorum
1040 1618 1240 1667 Furias
1268 1620 1324 1668 et
1345 1617 1606 1683 Harpyas

80 1706 348 1767 quatuor,
394 1703 539 1752 inter
574 1717 715 1766 quas
753 1701 960 1769 Celeno
996 1702 1154 1753 vobis
1193 1702 1489 1765 Obscuris,
1535 1718 1605 1753 ac

79 1785 271 1833 vestro
314 1784 538 1833 tandem
580 1788 843 1846 patrono,
889 1786 1130 1849 pessima
1178 1798 1394 1850 queque
1442 1802 1605 1835 even-

80 1872 211 1917 tura.
256 1864 512 1933 predicit.
582 1866 693 1915 Nos
738 1869 924 1915 tamen
968 1866 1123 1916 illius
1157 1866 1428 1917 vaticinia
1478 1884 1604 1919 con-

84 1948 396 2012 temnimus,
435 1950 566 2012 quia
602 1954 663 1998 ut
698 1950 755 1998 in
791 1951 969 2001 veteri
997 1954 1080 1999 est
1101 1952 1412 2016 proverbio,
1435 1951 1602 2022 ‘Male

84 2049 220 2085 aves
254 2023 457 2083 malam
492 2034 818 2099 presagiunt
853 2035 1078 2083 auram'.
1125 2034 1324 2084 Valete
1361 2036 1604 2087 feliciter

86 2134 209 2169 cum
243 2120 427 2168 vestro
466 2116 769 2181 Gapnione.
838 2117 1046 2166 Datum
1090 2117 1149 2165 in
1183 2118 1460 2170 montibus
1500 2120 1602 2171 Ca-

86 2203 225 2268 spiis
259 2200 417 2252 Anno
456 2217 488 2251 a
525 2200 824 2253 nativitate
860 2198 1193 2252 Antichristi
1229 2202 1487 2255 secundo.

154 2492 174 2522 ⁶
210 2499 309 2542 na⁹
333 2493 383 2544 2.
408 2492 505 2541 sed
525 2489 635 2554 ipse
663 2488 897 2540 Ortvz‘nus
920 2491 1170 2539 correxit.
