1942 3109
581 256 648 302 56.
673 262 944 300 sunnam
969 231 1328 300 nonani-omn
1608 248 1709 302 333

191 371 384 436 nonie.
455 367 672 418 Balnea
711 371 795 417 est
826 381 928 418 vas
962 367 1181 432 lucens,
1226 369 1319 419 vel
1355 371 1518 433 quasi
1548 372 1707 422 baiu-

193 458 325 508 lans
373 455 554 505 lueem
597 452 688 503 vel
741 451 971 502 lancem.
1052 453 1378 518 Prothyrum
1424 470 1457 504 a
1502 455 1706 522 thyros,

196 540 347 607 quod
385 543 470 590 est
503 537 792 602 magister,
843 541 896 587 et
940 538 1185 588 nescitur
1233 539 1361 602 quid
1397 540 1471 588 sit
1504 539 1705 590 dicere.

194 625 309 678 Vel
343 625 432 674 dio
471 622 614 689 quod
651 626 736 672 est
769 622 905 672 illud
941 622 1086 687 quod
1119 622 1313 687 procul
1346 623 1613 688 trahitur,
1647 629 1709 675 ut

198 725 352 775 aqua
384 709 478 761 vel
516 706 728 771 aliquid
763 707 940 772 aliud,
978 711 1039 757 ut
1063 710 1123 757 in
1146 707 1303 760 domo
1327 706 1581 759 Accursii
1605 707 1707 774 Cy-

195 795 360 846 rella.
446 793 817 844 obsonatores
865 796 995 842 sunt
1039 793 1135 856 qui
1180 793 1494 844 custodiunt
1539 793 1709 844 domi-

192 896 327 930 num
369 880 426 928 in
472 877 636 928 lecto.
704 877 797 929 vel
833 879 1191 928 obsonatores
1227 879 1323 942 qui
1356 883 1617 930 resonant
1652 883 1708 930 et

195 967 433 1016 cantant
482 962 697 1013 domino
750 962 810 1010 in
862 976 1069 1010 mensa.
1157 963 1572 1026 Hypoeaustum
1626 969 1711 1014 est

198 1050 356 1101 locus
400 1047 493 1097 ubi
535 1050 688 1097 stant
737 1045 915 1112 egroti
959 1045 1055 1110 qui
1102 1046 1427 1110 quandoque
1461 1045 1711 1112 indigent

192 1137 345 1201 igne.
429 1131 624 1184 Gallus
661 1130 992 1197 gallinatius
1028 1129 1229 1180 dieitur
1264 1130 1461 1182 Gallus
1500 1135 1709 1182 eastra-

192 1225 289 1270 tus
336 1221 391 1269 et
433 1220 515 1268 sio
558 1216 718 1278 vilis,
775 1230 937 1280 quem
992 1215 1180 1265 dicunt
1221 1216 1418 1266 fortius
1464 1232 1709 1282 pugnare

197 1320 324 1356 cum
359 1305 634 1368 serpente.
693 1300 797 1350 Vel
833 1299 922 1350 dic
949 1299 1149 1350 Gallus
1185 1301 1538 1366 gallinae-ius,
1577 1305 1709 1366 quia

195 1392 352 1441 amat
393 1388 664 1453 gallinas,
709 1389 770 1434 ut
813 1386 899 1436 vir
943 1386 1168 1436 uxorius
1218 1386 1311 1450 qui
1357 1387 1591 1438 feminas
1628 1388 1710 1438 di-

192 1474 340 1539 ligit.
409 1473 487 1523 Ut
531 1473 589 1520 in
627 1469 760 1521 Odis
794 1470 1035 1520 Horatii.
1102 1471 1272 1539 Dieta
1322 1475 1405 1524 est
1448 1472 1603 1525 locus
1647 1475 1706 1526 in

192 1558 373 1622 aulis,
421 1557 519 1607 ubi
561 1542 766 1606 domini
810 1559 961 1605 stant
998 1555 1068 1606 ad
1102 1557 1303 1622 ignem.
1375 1557 1583 1610 Chorus
1622 1565 1706 1612 est

189 1641 494 1694 multitudo
518 1656 792 1691 servorum
818 1641 1160 1690 cantantium
1196 1657 1316 1692 eum
1354 1645 1588 1706 quodam
1622 1646 1704 1694 in-

191 1727 502 1780 strumento
536 1724 740 1776 musico
768 1725 912 1789 quod
936 1725 1139 1774 dieitur
1164 1724 1390 1777 Chorus.
1452 1729 1703 1780 Centum-

191 1812 310 1863 viri
353 1813 478 1861 sunt
513 1809 806 1861 Senatores
855 1811 950 1874 qui
996 1814 1213 1861 eentum
1256 1827 1479 1864 numero
1529 1819 1703 1864 erant.

198 1894 470 1945 Patritius
523 1895 721 1944 dicitur
776 1897 938 1959 quasi
980 1896 1245 1961 principis
1291 1901 1467 1962 pater.
1546 1899 1704 1949 Unde

199 1978 477 2030 Salustius
532 1979 596 2031 ‘0
642 1983 830 2045 patres
878 1978 1221 2045 Conseripti’.
1299 1981 1441 2031 Nam
1494 1984 1704 2046 scripta

196 2068 362 2116 erant
398 2080 582 2115 eorum
615 2065 838 2116 nomina
873 2065 933 2114 in
969 2064 1156 2127 aliquo
1194 2064 1344 2127 loco,
1380 2063 1472 2115 vel
1505 2065 1564 2114 in
1602 2063 1705 2116 Co-

191 2165 335 2200 rona
381 2151 578 2216 eapitis
625 2165 810 2200 eorum
853 2149 946 2199 vel
993 2148 1153 2198 alias.
1225 2147 1450 2214 Semper
1485 2150 1702 2216 quando

191 2233 420 2284 habetis
455 2234 644 2299 aliqua
681 2234 848 2285 dubia
883 2235 940 2284 in
974 2237 1205 2298 utroque
1240 2234 1387 2298 iure,
1434 2240 1566 2288 tune
1611 2236 1703 2288 de-

191 2320 340 2371 betis
365 2319 679 2386 significare
703 2320 862 2383 mihi,
902 2323 957 2370 et
983 2335 1251 2385 exponam
1272 2320 1430 2371 vobis
1455 2321 1538 2371 ita
1560 2322 1701 2372 bene

188 2405 337 2456 sicut
369 2404 649 2455 Iohannes
682 2404 952 2454 Reuehlin
984 2403 1080 2456 vel
1123 2404 1325 2466 aliquis
1359 2404 1563 2453 Iurista
1608 2406 1704 2468 qui

189 2493 319 2541 sunt
361 2490 420 2539 in
464 2487 681 2539 mundo.
749 2487 822 2538 Et
869 2503 989 2538 eum
1023 2488 1128 2540 hoe
1161 2486 1431 2538 Valeatis.
1497 2488 1703 2539 Datum

187 2573 524 2640 Ingolstadt.
