1942 3109
455 241 518 284 64.
547 235 936 291 [2.]v0LW1m1
963 248 1035 282 nn
1064 248 1526 286 Mon'rarzAscoN.
1652 235 1747 286 361

222 351 357 420 gule
393 351 844 417 grammaticales
881 351 1181 402 secundum
1218 355 1365 404 viam
1401 356 1751 419 antiquorum

225 451 352 486 cum
386 437 494 486 isto
533 437 808 486 carmine:

347 521 616 586 Accipias
653 522 799 569 tanti
833 520 1074 574 doctoris
1109 522 1367 588 dogmata
1404 527 1616 588 sancti,

219 608 374 656 inter
417 606 570 670 ipsos
615 605 900 670 monachi,
961 608 1059 670 qui
1108 607 1304 658 volunt
1348 608 1491 658 alios
1537 625 1754 674 semper

220 693 412 742 facere
447 690 753 758 hereticos,
793 704 963 754 quare
1002 692 1173 742 etiam
1206 707 1307 741 nos
1346 693 1637 743 stimulant
1660 709 1749 742 su-

221 791 322 842 per
357 775 514 839 illos,
554 779 611 826 et
646 775 956 841 producunt
1001 776 1419 840 inquisitionem
1454 793 1621 843 super
1656 769 1750 828 eos

220 876 390 926 super
426 860 676 928 heretica
711 861 1021 925 pravitate,
1068 864 1165 924 qui
1207 861 1418 912 habent
1452 867 1537 914 tot
1573 863 1747 912 multa

222 944 528 1008 beneficia,
563 959 708 995 unus
746 960 871 1008 sex,
921 945 1065 995 alter
1100 945 1318 1009 decem,
1368 948 1511 996 alius
1546 947 1751 1012 viginti

225 1033 286 1080 et
307 1030 506 1094 magis,
546 1033 603 1078 et
639 1034 985 1094 congregant
1020 1033 1136 1079 tam
1171 1029 1402 1078 multam
1438 1032 1751 1094 pecuniam,

223 1119 282 1165 ct
335 1118 550 1164 tantam
605 1113 946 1164 credentiam
1002 1131 1071 1164 ex
1122 1113 1371 1164 flasculis
1424 1119 1482 1164 et
1533 1115 1750 1181 poculis

219 1199 527 1264 pecheriis,
565 1199 714 1249 sicut
748 1198 799 1248 si
834 1203 1022 1248 essent
1056 1199 1159 1249 filii
1193 1199 1506 1264 principum
1538 1199 1632 1250 vel
1660 1213 1749 1248 co·

221 1284 444 1346 mitum,
494 1286 552 1334 et
594 1283 653 1333 in
701 1283 858 1334 domo
894 1283 1151 1333 nutriunt
1184 1287 1426 1348 putanas
1464 1285 1583 1334 sive
1623 1299 1751 1333 con-

221 1369 457 1418 cubinas
491 1369 744 1432 preciose
780 1383 902 1418 cum
929 1368 1183 1419 cathenis
1207 1369 1266 1417 in
1292 1369 1465 1433 collo,
1504 1384 1627 1418 cum
1652 1384 1748 1418 an-

219 1453 370 1502 nulis
407 1453 466 1502 in
501 1453 785 1515 manibus,
838 1467 961 1502 cum
997 1453 1225 1504 schubis
1260 1454 1439 1504 veluti
1474 1455 1523 1504 si
1560 1458 1750 1504 essent

217 1551 422 1586 uxores
445 1536 702 1588 militum.
762 1533 838 1586 Et
859 1538 1135 1589 interdum
1161 1553 1301 1588 unus
1327 1539 1549 1590 illorum
1573 1538 1745 1590 habet

219 1626 338 1671 tres
377 1619 660 1670 Canonias
707 1621 870 1672 simul
916 1627 972 1672 et
1017 1624 1215 1688 semel,
1265 1628 1321 1672 et
1365 1625 1634 1674 imbui-sat
1678 1623 1745 1672 de

219 1704 476 1756 omnibus
501 1704 616 1755 illis
640 1706 816 1756 tribus
841 1707 1043 1772 giltas,
1083 1707 1228 1772 quod
1264 1707 1392 1758 inde
1427 1710 1613 1772 potest
1647 1707 1746 1756 ha-

219 1792 354 1840 bere
401 1788 601 1839 multas
647 1791 877 1856 zachae,
923 1792 999 1842 Et
1040 1796 1229 1856 potest
1273 1792 1447 1842 solum
1494 1796 1645 1842 stare
1692 1795 1748 1842 et

225 1889 351 1923 esse
397 1875 454 1922 in
499 1889 607 1924 uno
655 1877 848 1940 choro,
897 1881 954 1927 et
996 1877 1052 1925 in
1100 1876 1228 1926 aliis
1263 1892 1389 1926 non.
1460 1876 1537 1925 Et
1568 1877 1653 1925 sic
1689 1871 1745 1925 in

225 1957 356 2007 aliis
407 1957 582 2009 choris
627 1959 818 2010 nullus
866 1964 922 2010 et
966 1975 1125 2012 nemo
1171 1965 1287 2010 stat
1331 1976 1429 2026 pro
1488 1960 1596 2022 eis,
1652 1961 1748 2023 qui

221 2041 416 2092 laudat
447 2043 609 2094 deum
645 2049 702 2096 et
737 2048 900 2110 rogat
934 2061 1032 2110 pro
1055 2045 1201 2096 vivis
1228 2047 1285 2094 et
1307 2059 1406 2109 pro
1432 2043 1741 2093 defunctis:

219 2132 379 2178 estne
423 2129 530 2179 hoc
574 2132 762 2180 recte?
810 2131 997 2192 Quare
1044 2145 1154 2180 non
1190 2130 1547 2194 inquiruntur
1580 2144 1747 2194 super

217 2229 314 2263 eos
353 2217 410 2263 et
444 2214 794 2278 interrogant
830 2229 1015 2265 coram
1051 2215 1239 2265 multis
1265 2216 1501 2266 notariis
1530 2219 1584 2264 et
1606 2215 1744 2264 mul-

213 2299 291 2347 tis
335 2299 578 2350 testibus
627 2295 796 2362 (sicut
841 2298 972 2349 olim
1018 2301 1077 2349 in
1120 2299 1307 2362 Mentz
1352 2299 1633 2365 fecerunt)
1690 2304 1747 2349 et

214 2381 413 2432 dicunt
448 2380 624 2444 “quid
661 2382 923 2432 creditis?
959 2385 1043 2434 ita
1077 2384 1171 2435 vel
1206 2388 1352 2434 non?
1391 2385 1617 2434 creditis
1651 2384 1744 2434 vel

213 2481 326 2516 non
364 2464 629 2516 creditis?
666 2465 798 2530 quid
837 2467 1061 2518 creditis
1088 2467 1154 2518 de
1180 2469 1544 2519 sacramentis
1571 2469 1628 2518 in
1654 2483 1743 2518 ec-

217 2550 396 2600 clesia
431 2550 558 2601 dei?
593 2551 813 2601 Dicatis
849 2552 1009 2603 nobis
1048 2557 1182 2616 quot
1218 2557 1347 2602 sunt
1370 2556 1741 2615 sacramenta,

218 2637 277 2683 et
313 2648 478 2696 quam
514 2634 674 2686 fidem
711 2636 768 2685 in
795 2636 956 2687 corde
984 2639 1171 2686 vestro
1198 2639 1434 2700 portatis
1460 2637 1527 2684 de
1554 2650 1744 2685 sacra·-

217 2721 403 2767 mento
452 2719 819 2786 eucharistie:
867 2723 1025 2769 estne
1072 2721 1151 2768 ibi
1188 2733 1387 2782 corpus
1424 2723 1481 2766 et
1516 2717 1744 2776 sanguis
