1942 3109
900 751 930 786 '¹‘
957 752 1037 803 1:

445 850 881 937 Vullupius
937 851 1460 917 Timanoetus

419 956 585 1003 trium
621 956 952 1019 optimarum
990 956 1190 1005 artium
1224 956 1495 1020 Magister

363 1038 810 1103 Theologisticus
846 1044 903 1088 et
939 1039 1539 1091 conscientiosissimus

427 1124 478 1173 D
495 1124 711 1173 omino
748 1123 1067 1189 Marfeeno
1103 1122 1480 1175 Anoretino

582 1208 968 1259 Baccalaureo
1004 1208 1330 1260 felicissimo

215 1352 224 1363 ,
259 1293 686 1347 aeternissimam
719 1290 1102 1345 valetudinem
1138 1297 1196 1346 et
1228 1294 1664 1347 beneveeturam

868 1383 1045 1446 optat.

293 1488 534 1566 Scripsit
589 1498 660 1549 ad
712 1515 797 1551 me
844 1514 1022 1566 nuper
1072 1516 1214 1552 unus
1259 1500 1439 1553 bonus
1486 1503 1719 1567 amicus,

191 1604 354 1654 quem
390 1601 491 1637 nos
529 1586 688 1637 ambo
724 1586 866 1638 bene
903 1586 1177 1651 novimus,
1215 1590 1272 1637 et
1309 1588 1405 1651 qui
1442 1588 1589 1639 sieut
1612 1588 1720 1637 Pa-

190 1675 308 1723 stor
341 1670 618 1736 perditum
652 1686 814 1721 ovum
851 1674 907 1722 et
937 1672 1145 1721 misera
1166 1671 1433 1721 meretrix
1457 1674 1723 1722 amissum

190 1758 458 1807 ducatum
482 1754 680 1819 quaerit
706 1769 829 1805 eum
861 1757 983 1806 toto
1008 1754 1213 1820 stadie,
1251 1754 1397 1820 quod
1420 1770 1522 1806 nos
1551 1756 1721 1807 etiam

190 1840 492 1893 debeamus
515 1840 704 1905 magni
725 1840 833 1890 viri
857 1839 995 1903 fieri,
1022 1838 1169 1903 quod
1194 1840 1380 1891 affinis
1408 1842 1527 1891 eius
1548 1840 1724 1892 vellet

193 1924 264 1975 de
289 1937 432 1973 novo
456 1923 516 1971 in
539 1934 855 1987 pressuram
879 1922 1013 1973 dare
1039 1924 1307 1988 epistolas
1333 1924 1721 1988 Obseurorum,

190 2008 288 2061 vel
344 2005 490 2072 quod
545 2006 806 2070 idumque
861 2010 977 2070 est,
1034 2006 1308 2057 clarorum
1351 2008 1621 2070 virorum,
1670 2011 1727 2057 et

189 2094 372 2146 vellet
406 2095 632 2159 optare,
671 2089 816 2155 quod
850 2089 966 2155 illi,
1006 2092 1103 2156 qui
1136 2090 1482 2157 voluptatem
1517 2091 1727 2143 habent

193 2175 411 2241 aliquid
447 2176 720 2240 scribere,
758 2175 928 2227 etiam
962 2176 1109 2227 tales
1146 2176 1416 2243 epistolas
1454 2176 1525 2229 ad
1558 2192 1725 2229 unum

194 2262 474 2314 scribant.
519 2261 594 2312 Et
630 2262 831 2329 fateor,
861 2242 1007 2327 qued
1040 2278 1150 2314 non
1188 2262 1263 2313 sit
1296 2261 1578 2315 minimam
1602 2264 1724 2315 lau-

190 2348 336 2414 dem,
375 2345 595 2412 quando
630 2346 990 2412 postmundus
1028 2351 1195 2400 etiam
1231 2364 1453 2400 manum
1476 2353 1724 2401 nostram

191 2438 253 2486 et
308 2435 558 2484 nostrum
610 2431 851 2483 studium
904 2433 962 2483 in
1016 2449 1278 2499 pressura.
1334 2434 1505 2485 videt.
1582 2434 1725 2484 Nam

190 2517 416 2585 quando
452 2518 749 2581 morituus,
795 2521 928 2568 tune
963 2516 1149 2569 omnia.
1185 2517 1368 2569 altera
1405 2534 1529 2570 eum
1562 2518 1723 2570 nobis

299 2670 344 2719 ⁴*)
371 2658 644 2712 praefationis
669 2667 792 2710 locus
819 2668 860 2709 ei
893 2666 1027 2719 capiti
1058 2666 1127 2709 cui
1154 2680 1376 2711 numerum
1406 2669 1465 2710 10.
1493 2666 1722 2718 adscripsi·

189 2748 320 2789 mus,
349 2737 387 2777 si
414 2738 512 2791 quis
537 2738 620 2779 has
645 2741 794 2790 partes
819 2734 1024 2789 digerere
1048 2734 1168 2788 velit,
1197 2736 1347 2779 deberi
1374 2734 1563 2775 videtur.
