1942 3109
267 240 364 292 144
391 255 769 294 Pnrnmconm
791 256 1032 294 marsus.
1053 256 1272 294 com-BA
1294 257 1498 292 unos.
1525 259 1578 294 o.
1594 259 1655 295 v,
1678 261 1807 298 epp.

261 363 502 432 Francie
551 368 607 415 et
649 366 942 431 presertim
990 363 1057 413 de
1094 362 1369 414 mandatis
1406 363 1805 428 imperialibus

265 453 459 498 eontra
504 449 678 499 libros
722 449 1063 500 Reuchlinos
1108 449 1323 498 emissis
1372 451 1429 496 et
1476 463 1805 514 quanquam

262 532 380 584 Rex
414 534 652 601 Francie
702 538 757 584 et
802 527 1102 600 imperator
1147 534 1207 584 in
1241 533 1405 582 rebus
1442 533 1805 599 secularibus

265 622 426 668 erant
480 618 788 684 discordes,
843 623 1031 670 tamen
1076 623 1138 668 ut
1182 619 1287 686 hec
1334 621 1391 667 et
1435 618 1658 686 similia
1704 622 1802 672 hoc

145 699 389 766 §ijbloeo
425 705 594 754 missa
631 720 732 770 ego
769 705 1005 767 faciam,
1051 703 1059 768 Ι
1090 704 1412 768 imperatori
1444 701 1613 753 fidem
1670 706 1801 754 chri·

266 792 507 839 stianam
531 790 824 852 tangentia
851 789 1136 839 consensit
1164 802 1230 836 ac
1256 791 1563 851 sequentes
1584 789 1798 840 litteras

267 872 336 922 ad
389 875 802 922 sanctissimum
839 871 1061 938 Jpapam
1115 873 1341 936 scripsit
1400 877 1683 924 sonantes
1736 874 1797 922 de

263 958 434 1009 verbo
474 957 543 1008 ad
580 958 807 1008 verbum
841 957 949 1008 hoc
986 956 1160 1008 modo.

406 1103 457 1160 (I
493 1111 764 1178 Littere
800 1111 1006 1175 Regis
1042 1111 1333 1177 Francie
1372 1109 1452 1160 ad
1492 1109 1659 1162 Sum-

399 1211 562 1246 mum
599 1195 1007 1262 pontificem
1047 1198 1280 1245 contra
1314 1193 1661 1245 libroslo-

402 1282 603 1331 annis
658 1280 993 1331 Reuchlin
1054 1295 1191 1344 quos
1246 1277 1670 1344 supprimendos

850 1380 970 1415 esse
1012 1368 1222 1414 censet.

371 1475 422 1532 (I
458 1483 789 1533 Beatissime
825 1488 1016 1547 pater,
1062 1483 1440 1534 intelleximus
1478 1483 1540 1532 in
1578 1499 1801 1552 presen-

261 1571 467 1620 tiarum
504 1565 649 1630 quod
686 1570 771 1617 est
808 1565 1030 1630 quidam
1070 1571 1255 1618 certus
1280 1582 1579 1632 processus
1606 1566 1799 1618 lauda-

263 1653 397 1704 bilis
444 1654 504 1702 in
551 1652 706 1702 curia
740 1651 991 1702 Romana
1036 1653 1182 1702 inter
1228 1653 1662 1702 universitatem
1702 1651 1802 1702 Co·

264 1738 570 1789 loniensem
617 1741 674 1788 et
719 1736 987 1802 quosdam
1036 1738 1134 1801 qui
1176 1737 1433 1787 fecerunt
1480 1741 1539 1787 et
1582 1753 1807 1802 compo-

265 1827 496 1876 suerunt
543 1827 722 1874 certos
767 1823 940 1873 libros
998 1822 1348 1874 continentes
1402 1821 1671 1886 plurimos
1722 1838 1810 1872 er-

265 1924 418 1959 rores
455 1911 512 1958 et
547 1907 772 1974 hereses
809 1911 1003 1957 contra
1049 1910 1295 1957 nostram
1341 1909 1597 1958 sanctam
1647 1907 1809 1957 fidem

271 1995 609 2046 catholicam
646 1993 797 2056 Quos
834 1996 1100 2057 tanquam
1137 1991 1410 2044 obstinati
1448 1995 1504 2041 et
1550 1990 1663 2042 filii
1690 1979 1809 2041 'ini-

271 2081 503 2144 quitatis
557 2078 852 2130 defendere
898 2078 1122 2140 volunt,
1176 2077 1299 2128 Non
1346 2075 1611 2126 obstante
1668 2076 1808 2142 quod

271 2167 384 2214 sint
409 2162 758 2214 condemnati
782 2179 880 2227 per
904 2163 1160 2214 doctores
1197 2164 1255 2210 in
1290 2160 1577 2226 theologia
1620 2165 1685 2212 et
1717 2176 1816 2227 per

269 2247 632 2310 inquisitores
667 2249 856 2312 nostre
893 2245 1021 2296 fidei
1059 2245 1336 2314 catholice
1382 2249 1495 2294 tam
1545 2246 1605 2296 in
1659 2247 1815 2298 dicte

271 2330 636 2384 universitate
681 2327 1003 2380 Coloniensi
1056 2343 1222 2394 quam
1264 2331 1322 2379 in
1368 2328 1629 2395 pluribus
1684 2332 1819 2382 aliis

269 2416 731 2468 universitatibus
767 2414 1023 2482 Almanie
1062 2420 1118 2466 et
1153 2416 1322 2466 etiam
1358 2415 1415 2465 in
1450 2418 1652 2466 nostra
1692 2418 1821 2467 nni-

267 2502 540 2551 versitate
563 2501 966 2566 Parrhysiensi.
1026 2501 1258 2564 Insuper
1284 2504 1339 2550 et
1362 2498 1637 2550 scivimus
1666 2501 1822 2566 quod

272 2585 368 2646 qui
405 2585 513 2633 fuit
535 2583 652 2633 Rex
686 2589 876 2634 noster
901 2585 1257 2635 charissimus
1282 2583 1533 2633 dominus
1562 2587 1623 2633 et
1649 2591 1826 2650 pater

273 2681 434 2729 quem
471 2666 604 2717 deus
641 2668 825 2718 salvet
860 2667 926 2718 de
961 2668 1049 2718 his
1087 2668 1337 2718 avisatus
1374 2667 1623 2718 antehae
1676 2671 1829 2720 seri-

271 2751 447 2812 pserit
481 2753 680 2816 Vestre
718 2749 1027 2801 sanctitati
1062 2750 1128 2802 de
1164 2752 1275 2802 ista
1312 2751 1549 2802 materia
1588 2753 1670 2802 ad
1721 2757 1829 2805 ob·
