<?xml version="1.0" encoding="UTF-8"?>
<!DOCTYPE html PUBLIC "-//W3C//DTD XHTML 1.0 Transitional//EN"
    "http://www.w3.org/TR/xhtml1/DTD/xhtml1-transitional.dtd">
<html xmlns="http://www.w3.org/1999/xhtml" xml:lang="en" lang="en">
 <head>
  <title>
</title>
<meta http-equiv="Content-Type" content="text/html;charset=utf-8" />
  <meta name='ocr-system' content='tesseract 3.04.00' />
  <meta name='ocr-capabilities' content='ocr_page ocr_carea ocr_par ocr_line ocrx_word'/>
</head>
<body>
  <div class='ocr_page' id='page_1' title='image "./epistolaeobscur00huttgoog_0235.png"; bbox 0 0 1942 3109; ppageno 0'>
   <div class='ocr_carea' id='block_1_1' title="bbox 271 206 1613 256">
    <p class='ocr_par' dir='ltr' id='par_1_1' title="bbox 271 206 1613 256">
     <span class='ocr_line' id='line_1_1' title="bbox 271 206 1613 256; baseline -0.001 -1"><span class='ocrx_word' id='word_1_1' title='bbox 271 206 372 255; x_wconf 81' lang='lat'><strong>224</strong></span> <span class='ocrx_word' id='word_1_2' title='bbox 447 220 738 255; x_wconf 70' lang='lat' dir='ltr'><strong>nr1s¹ron2n</strong></span> <span class='ocrx_word' id='word_1_3' title='bbox 764 219 1131 255; x_wconf 73' lang='lat' dir='ltr'><strong>onscvnonvu</strong></span> <span class='ocrx_word' id='word_1_4' title='bbox 1154 218 1411 254; x_wconf 74' lang='lat' dir='ltr'><strong>vrnonvu</strong></span> <span class='ocrx_word' id='word_1_5' title='bbox 1434 219 1613 256; x_wconf 59' lang='lat' dir='ltr'><strong>nova.</strong></span> 
     </span>
    </p>
   </div>
   <div class='ocr_carea' id='block_1_2' title="bbox 265 323 1807 1650">
    <p class='ocr_par' dir='ltr' id='par_1_2' title="bbox 265 323 1807 1650">
     <span class='ocr_line' id='line_1_2' title="bbox 271 323 1807 390; baseline 0.001 -17"><span class='ocrx_word' id='word_1_6' title='bbox 271 325 407 374; x_wconf 89' lang='lat' dir='ltr'><strong>mihi</strong></span> <span class='ocrx_word' id='word_1_7' title='bbox 430 340 624 390; x_wconf 89' lang='lat' dir='ltr'><strong>unum,</strong></span> <span class='ocrx_word' id='word_1_8' title='bbox 664 329 720 375; x_wconf 90' lang='lat' dir='ltr'><strong>et</strong></span> <span class='ocrx_word' id='word_1_9' title='bbox 744 325 953 376; x_wconf 81' lang='lat' dir='ltr'><strong>faciam</strong></span> <span class='ocrx_word' id='word_1_10' title='bbox 977 324 1137 375; x_wconf 84' lang='lat' dir='ltr'><strong>vobis</strong></span> <span class='ocrx_word' id='word_1_11' title='bbox 1162 324 1414 387; x_wconf 80' lang='lat' dir='ltr'><strong>aequum’.</strong></span> <span class='ocrx_word' id='word_1_12' title='bbox 1474 324 1631 373; x_wconf 82' lang='lat' dir='ltr'><strong>Tune</strong></span> <span class='ocrx_word' id='word_1_13' title='bbox 1656 323 1807 374; x_wconf 81' lang='lat' dir='ltr'><strong>dixit</strong></span> 
     </span>
     <span class='ocr_line' id='line_1_3' title="bbox 273 406 1807 474; baseline 0.001 -17"><span class='ocrx_word' id='word_1_14' title='bbox 273 406 418 471; x_wconf 89' lang='lat' dir='ltr'><strong>quod</strong></span> <span class='ocrx_word' id='word_1_15' title='bbox 465 413 746 474; x_wconf 82' lang='lat' dir='ltr'><strong>portasset</strong></span> <span class='ocrx_word' id='word_1_16' title='bbox 790 410 952 472; x_wconf 89' lang='lat' dir='ltr'><strong>mihi,</strong></span> <span class='ocrx_word' id='word_1_17' title='bbox 1002 412 1059 457; x_wconf 84' lang='lat' dir='ltr'><strong>et</strong></span> <span class='ocrx_word' id='word_1_18' title='bbox 1094 424 1223 473; x_wconf 86' lang='lat' dir='ltr'><strong>ergo</strong></span> <span class='ocrx_word' id='word_1_19' title='bbox 1263 422 1441 458; x_wconf 90' lang='lat' dir='ltr'><strong>essem</strong></span> <span class='ocrx_word' id='word_1_20' title='bbox 1481 408 1536 457; x_wconf 90' lang='lat' dir='ltr'><strong>ei</strong></span> <span class='ocrx_word' id='word_1_21' title='bbox 1568 410 1807 458; x_wconf 85' lang='lat' dir='ltr'><strong>satisfa-</strong></span> 
     </span>
     <span class='ocr_line' id='line_1_4' title="bbox 273 491 1806 558; baseline 0.001 -16"><span class='ocrx_word' id='word_1_22' title='bbox 273 508 400 543; x_wconf 84' lang='lat' dir='ltr'>cere</span> <span class='ocrx_word' id='word_1_23' title='bbox 427 494 748 545; x_wconf 85' lang='lat' dir='ltr'><strong>obstrictus.</strong></span> <span class='ocrx_word' id='word_1_24' title='bbox 807 492 1090 558; x_wconf 80' lang='lat' dir='ltr'><strong>Respondi</strong></span> <span class='ocrx_word' id='word_1_25' title='bbox 1114 492 1258 556; x_wconf 88' lang='lat' dir='ltr'><strong>quod</strong></span> <span class='ocrx_word' id='word_1_26' title='bbox 1281 508 1392 541; x_wconf 92' lang='lat' dir='ltr'><strong>non</strong></span> <span class='ocrx_word' id='word_1_27' title='bbox 1426 491 1568 555; x_wconf 86' lang='lat' dir='ltr'><strong>vidi,</strong></span> <span class='ocrx_word' id='word_1_28' title='bbox 1608 496 1666 542; x_wconf 87' lang='lat' dir='ltr'><strong>et</strong></span> <span class='ocrx_word' id='word_1_29' title='bbox 1700 509 1806 557; x_wconf 89' lang='lat' dir='ltr'><strong>po-</strong></span> 
     </span>
     <span class='ocr_line' id='line_1_5' title="bbox 271 576 1804 643; baseline 0.001 -18"><span class='ocrx_word' id='word_1_30' title='bbox 271 580 378 627; x_wconf 86' lang='lat' dir='ltr'><strong>sito</strong></span> <span class='ocrx_word' id='word_1_31' title='bbox 417 594 552 628; x_wconf 81' lang='lat' dir='ltr'><strong>casu</strong></span> <span class='ocrx_word' id='word_1_32' title='bbox 588 578 733 643; x_wconf 88' lang='lat' dir='ltr'><strong>quod</strong></span> <span class='ocrx_word' id='word_1_33' title='bbox 766 576 1060 641; x_wconf 83' lang='lat' dir='ltr'><strong>vidissem,</strong></span> <span class='ocrx_word' id='word_1_34' title='bbox 1096 581 1287 627; x_wconf 83' lang='lat' dir='ltr'><strong>tamen</strong></span> <span class='ocrx_word' id='word_1_35' title='bbox 1322 592 1432 628; x_wconf 90' lang='lat' dir='ltr'><strong>non</strong></span> <span class='ocrx_word' id='word_1_36' title='bbox 1466 579 1690 626; x_wconf 87' lang='lat' dir='ltr'><strong>tenerer</strong></span> <span class='ocrx_word' id='word_1_37' title='bbox 1727 580 1804 641; x_wconf 88' lang='lat' dir='ltr'><strong>ei,</strong></span> 
     </span>
     <span class='ocr_line' id='line_1_6' title="bbox 271 660 1800 727; baseline 0 -17"><span class='ocrx_word' id='word_1_38' title='bbox 271 665 329 711; x_wconf 87' lang='lat' dir='ltr'><strong>et</strong></span> <span class='ocrx_word' id='word_1_39' title='bbox 363 662 430 713; x_wconf 89' lang='lat' dir='ltr'><strong>de</strong></span> <span class='ocrx_word' id='word_1_40' title='bbox 468 663 621 714; x_wconf 90' lang='lat' dir='ltr'><strong>nullo</strong></span> <span class='ocrx_word' id='word_1_41' title='bbox 657 664 775 713; x_wconf 86' lang='lat' dir='ltr'><strong>iure</strong></span> <span class='ocrx_word' id='word_1_42' title='bbox 813 666 999 727; x_wconf 87' lang='lat' dir='ltr'><strong>potest</strong></span> <span class='ocrx_word' id='word_1_43' title='bbox 1032 676 1118 711; x_wconf 88' lang='lat' dir='ltr'><strong>me</strong></span> <span class='ocrx_word' id='word_1_44' title='bbox 1158 676 1355 727; x_wconf 86' lang='lat' dir='ltr'><strong>cogere</strong></span> <span class='ocrx_word' id='word_1_45' title='bbox 1381 660 1451 710; x_wconf 86' lang='lat' dir='ltr'><strong>ad</strong></span> <span class='ocrx_word' id='word_1_46' title='bbox 1473 660 1800 727; x_wconf 83' lang='lat' dir='ltr'><strong>bibendum,</strong></span> 
     </span>
     <span class='ocr_line' id='line_1_7' title="bbox 270 744 1803 810; baseline 0 -15"><span class='ocrx_word' id='word_1_47' title='bbox 270 746 491 810; x_wconf 80' lang='lat' dir='ltr'><strong>quando</strong></span> <span class='ocrx_word' id='word_1_48' title='bbox 527 762 638 801; x_wconf 89' lang='lat' dir='ltr'><strong>non</strong></span> <span class='ocrx_word' id='word_1_49' title='bbox 679 746 827 798; x_wconf 85' lang='lat' dir='ltr'><strong>volo.</strong></span> <span class='ocrx_word' id='word_1_50' title='bbox 897 746 1059 795; x_wconf 83' lang='lat' dir='ltr'><strong>Dixit</strong></span> <span class='ocrx_word' id='word_1_51' title='bbox 1103 745 1199 795; x_wconf 91' lang='lat' dir='ltr'><strong>ille</strong></span> <span class='ocrx_word' id='word_1_52' title='bbox 1248 744 1383 795; x_wconf 90' lang='lat' dir='ltr'><strong>‘Imo</strong></span> <span class='ocrx_word' id='word_1_53' title='bbox 1427 760 1651 810; x_wconf 87' lang='lat' dir='ltr'><strong>possum</strong></span> <span class='ocrx_word' id='word_1_54' title='bbox 1695 761 1803 796; x_wconf 85' lang='lat' dir='ltr'><strong>vos</strong></span> 
     </span>
     <span class='ocr_line' id='line_1_8' title="bbox 271 828 1803 896; baseline 0.001 -19"><span class='ocrx_word' id='word_1_55' title='bbox 271 833 504 896; x_wconf 83' lang='lat' dir='ltr'><strong>cogere&#39;.</strong></span> <span class='ocrx_word' id='word_1_56' title='bbox 575 829 856 896; x_wconf 83' lang='lat' dir='ltr'><strong>Respondi</strong></span> <span class='ocrx_word' id='word_1_57' title='bbox 891 829 1007 881; x_wconf 88' lang='lat' dir='ltr'><strong>‘ubi</strong></span> <span class='ocrx_word' id='word_1_58' title='bbox 1042 830 1146 880; x_wconf 86' lang='lat' dir='ltr'><strong>hoe</strong></span> <span class='ocrx_word' id='word_1_59' title='bbox 1181 830 1453 895; x_wconf 82' lang='lat' dir='ltr'><strong>legistis‘?&#39;</strong></span> <span class='ocrx_word' id='word_1_60' title='bbox 1522 830 1684 880; x_wconf 83' lang='lat' dir='ltr'><strong>Dixit</strong></span> <span class='ocrx_word' id='word_1_61' title='bbox 1720 828 1803 879; x_wconf 90' lang='lat' dir='ltr'><strong>‘in</strong></span> 
     </span>
     <span class='ocr_line' id='line_1_9' title="bbox 267 913 1804 987; baseline 0.001 -24"><span class='ocrx_word' id='word_1_62' title='bbox 267 913 305 963; x_wconf 84' lang='lat'><strong>1.</strong></span> <span class='ocrx_word' id='word_1_63' title='bbox 360 915 562 965; x_wconf 89' lang='lat' dir='ltr'><strong>Vinum</strong></span> <span class='ocrx_word' id='word_1_64' title='bbox 618 915 692 965; x_wconf 84' lang='lat' dir='ltr'><strong>.ff.</strong></span> <span class='ocrx_word' id='word_1_65' title='bbox 747 914 807 965; x_wconf 86' lang='lat' dir='ltr'><strong>Si</strong></span> <span class='ocrx_word' id='word_1_66' title='bbox 873 919 1088 965; x_wconf 82' lang='lat' dir='ltr'><strong>certum</strong></span> <span class='ocrx_word' id='word_1_67' title='bbox 1150 915 1411 979; x_wconf 84' lang='lat' dir='ltr'><strong>petatur’.</strong></span> <span class='ocrx_word' id='word_1_68' title='bbox 1514 914 1804 987; x_wconf 81' lang='lat' dir='ltr'><strong>Respondi</strong></span> 
     </span>
     <span class='ocr_line' id='line_1_10' title="bbox 269 986 1798 1065; baseline -0.002 -15"><span class='ocrx_word' id='word_1_69' title='bbox 269 998 401 1050; x_wconf 83' lang='lat' dir='ltr'><strong>‘Vos</strong></span> <span class='ocrx_word' id='word_1_70' title='bbox 448 986 716 1065; x_wconf 66' lang='lat' dir='ltr'><strong>ellegatis</strong></span> <span class='ocrx_word' id='word_1_71' title='bbox 761 1016 847 1049; x_wconf 89' lang='lat' dir='ltr'><strong>me</strong></span> <span class='ocrx_word' id='word_1_72' title='bbox 882 1000 1046 1065; x_wconf 18' lang='lat' dir='ltr'><strong>tlara,</strong></span> <span class='ocrx_word' id='word_1_73' title='bbox 1094 998 1211 1063; x_wconf 85' lang='lat' dir='ltr'><strong>Ego</strong></span> <span class='ocrx_word' id='word_1_74' title='bbox 1257 1014 1368 1049; x_wconf 90' lang='lat' dir='ltr'><strong>non</strong></span> <span class='ocrx_word' id='word_1_75' title='bbox 1414 1013 1533 1048; x_wconf 87' lang='lat' dir='ltr'><strong>sum</strong></span> <span class='ocrx_word' id='word_1_76' title='bbox 1577 998 1798 1061; x_wconf 85' lang='lat' dir='ltr'><strong>iurista,</strong></span> 
     </span>
     <span class='ocr_line' id='line_1_11' title="bbox 269 1074 1799 1149; baseline -0.001 -16"><span class='ocrx_word' id='word_1_77' title='bbox 269 1083 370 1133; x_wconf 88' lang='lat' dir='ltr'><strong>sed</strong></span> <span class='ocrx_word' id='word_1_78' title='bbox 404 1084 532 1135; x_wconf 84' lang='lat' dir='ltr'><strong>volo</strong></span> <span class='ocrx_word' id='word_1_79' title='bbox 569 1074 914 1149; x_wconf 51' lang='lat' dir='ltr'><strong>interrossare</strong></span> <span class='ocrx_word' id='word_1_80' title='bbox 952 1083 1223 1147; x_wconf 89' lang='lat' dir='ltr'><strong>desuper&#39;.</strong></span> <span class='ocrx_word' id='word_1_81' title='bbox 1293 1083 1369 1131; x_wconf 83' lang='lat' dir='ltr'><strong>Et</strong></span> <span class='ocrx_word' id='word_1_82' title='bbox 1403 1082 1486 1131; x_wconf 82' lang='lat' dir='ltr'><strong>sic</strong></span> <span class='ocrx_word' id='word_1_83' title='bbox 1522 1082 1669 1133; x_wconf 83' lang='lat' dir='ltr'><strong>solvi</strong></span> <span class='ocrx_word' id='word_1_84' title='bbox 1706 1098 1799 1132; x_wconf 85' lang='lat' dir='ltr'><strong>ze-</strong></span> 
     </span>
     <span class='ocr_line' id='line_1_12' title="bbox 271 1166 1799 1231; baseline -0.001 -15"><span class='ocrx_word' id='word_1_85' title='bbox 271 1168 430 1217; x_wconf 83' lang='lat' dir='ltr'><strong>cham</strong></span> <span class='ocrx_word' id='word_1_86' title='bbox 469 1173 526 1218; x_wconf 83' lang='lat' dir='ltr'><strong>et</strong></span> <span class='ocrx_word' id='word_1_87' title='bbox 559 1170 783 1219; x_wconf 85' lang='lat' dir='ltr'><strong>recessi.</strong></span> <span class='ocrx_word' id='word_1_88' title='bbox 853 1168 928 1217; x_wconf 80' lang='lat' dir='ltr'><strong>Et</strong></span> <span class='ocrx_word' id='word_1_89' title='bbox 971 1167 1112 1216; x_wconf 85' lang='lat' dir='ltr'><strong>dixit</strong></span> <span class='ocrx_word' id='word_1_90' title='bbox 1152 1168 1272 1231; x_wconf 89' lang='lat' dir='ltr'><strong>ipse</strong></span> <span class='ocrx_word' id='word_1_91' title='bbox 1320 1166 1465 1229; x_wconf 90' lang='lat' dir='ltr'><strong>quod</strong></span> <span class='ocrx_word' id='word_1_92' title='bbox 1510 1180 1799 1230; x_wconf 85' lang='lat' dir='ltr'><strong>nunquam</strong></span> 
     </span>
     <span class='ocr_line' id='line_1_13' title="bbox 265 1250 1797 1314; baseline 0.001 -15"><span class='ocrx_word' id='word_1_93' title='bbox 265 1252 325 1300; x_wconf 91' lang='lat' dir='ltr'><strong>in</strong></span> <span class='ocrx_word' id='word_1_94' title='bbox 380 1252 501 1301; x_wconf 81' lang='lat' dir='ltr'><strong>vita</strong></span> <span class='ocrx_word' id='word_1_95' title='bbox 555 1266 658 1301; x_wconf 81' lang='lat' dir='ltr'><strong>sua</strong></span> <span class='ocrx_word' id='word_1_96' title='bbox 702 1252 880 1302; x_wconf 83' lang='lat' dir='ltr'><strong>vellet</strong></span> <span class='ocrx_word' id='word_1_97' title='bbox 919 1252 1055 1299; x_wconf 89' lang='lat' dir='ltr'><strong>mihi</strong></span> <span class='ocrx_word' id='word_1_98' title='bbox 1098 1254 1324 1314; x_wconf 83' lang='lat' dir='ltr'><strong>portare</strong></span> <span class='ocrx_word' id='word_1_99' title='bbox 1374 1250 1607 1313; x_wconf 83' lang='lat' dir='ltr'><strong>aliquid.</strong></span> <span class='ocrx_word' id='word_1_100' title='bbox 1688 1250 1797 1300; x_wconf 89' lang='lat' dir='ltr'><strong>Re·</strong></span> 
     </span>
     <span class='ocr_line' id='line_1_14' title="bbox 267 1333 1799 1399; baseline -0.001 -16"><span class='ocrx_word' id='word_1_101' title='bbox 267 1334 490 1399; x_wconf 84' lang='lat' dir='ltr'><strong>spondi:</strong></span> <span class='ocrx_word' id='word_1_102' title='bbox 538 1333 886 1384; x_wconf 82' lang='lat' dir='ltr'><strong>‘dimittatis&#39;.</strong></span> <span class='ocrx_word' id='word_1_103' title='bbox 961 1333 1056 1383; x_wconf 79' lang='lat' dir='ltr'><strong>Sic</strong></span> <span class='ocrx_word' id='word_1_104' title='bbox 1104 1337 1191 1383; x_wconf 86' lang='lat' dir='ltr'><strong>est</strong></span> <span class='ocrx_word' id='word_1_105' title='bbox 1234 1335 1473 1399; x_wconf 80' lang='lat' dir='ltr'><strong>factum,</strong></span> <span class='ocrx_word' id='word_1_106' title='bbox 1520 1333 1799 1399; x_wconf 78' lang='lat' dir='ltr'><strong>Magister</strong></span> 
     </span>
     <span class='ocr_line' id='line_1_15' title="bbox 273 1417 1795 1490; baseline 0.001 -24"><span class='ocrx_word' id='word_1_107' title='bbox 273 1417 525 1469; x_wconf 85' lang='lat' dir='ltr'><strong>Ortvine.</strong></span> <span class='ocrx_word' id='word_1_108' title='bbox 616 1420 729 1470; x_wconf 89' lang='lat' dir='ltr'><strong>Vos</strong></span> <span class='ocrx_word' id='word_1_109' title='bbox 782 1420 950 1468; x_wconf 84' lang='lat' dir='ltr'><strong>etiam</strong></span> <span class='ocrx_word' id='word_1_110' title='bbox 1004 1433 1103 1482; x_wconf 85' lang='lat' dir='ltr'><strong>per</strong></span> <span class='ocrx_word' id='word_1_111' title='bbox 1156 1417 1506 1467; x_wconf 83' lang='lat' dir='ltr'><strong>Contrarium</strong></span> <span class='ocrx_word' id='word_1_112' title='bbox 1556 1419 1795 1490; x_wconf 76' lang='lat' dir='ltr'><strong>scribite</strong></span> 
     </span>
     <span class='ocr_line' id='line_1_16' title="bbox 269 1501 1796 1568; baseline 0.001 -18"><span class='ocrx_word' id='word_1_113' title='bbox 269 1502 405 1551; x_wconf 89' lang='lat' dir='ltr'><strong>mihi</strong></span> <span class='ocrx_word' id='word_1_114' title='bbox 439 1502 670 1552; x_wconf 82' lang='lat' dir='ltr'><strong>novalia</strong></span> <span class='ocrx_word' id='word_1_115' title='bbox 707 1507 763 1552; x_wconf 89' lang='lat' dir='ltr'><strong>et</strong></span> <span class='ocrx_word' id='word_1_116' title='bbox 784 1501 985 1553; x_wconf 83' lang='lat' dir='ltr'><strong>Valete</strong></span> <span class='ocrx_word' id='word_1_117' title='bbox 1023 1506 1137 1551; x_wconf 83' lang='lat' dir='ltr'><strong>tam</strong></span> <span class='ocrx_word' id='word_1_118' title='bbox 1173 1501 1268 1552; x_wconf 94' lang='lat' dir='ltr'><strong>diu</strong></span> <span class='ocrx_word' id='word_1_119' title='bbox 1299 1501 1474 1551; x_wconf 84' lang='lat' dir='ltr'><strong>donec</strong></span> <span class='ocrx_word' id='word_1_120' title='bbox 1498 1517 1642 1551; x_wconf 87' lang='lat' dir='ltr'><strong>unus</strong></span> <span class='ocrx_word' id='word_1_121' title='bbox 1668 1518 1796 1568; x_wconf 86' lang='lat' dir='ltr'><strong>pas-</strong></span> 
     </span>
     <span class='ocr_line' id='line_1_17' title="bbox 269 1586 1797 1650; baseline 0 -15"><span class='ocrx_word' id='word_1_122' title='bbox 269 1600 359 1635; x_wconf 89' lang='lat' dir='ltr'><strong>ser</strong></span> <span class='ocrx_word' id='word_1_123' title='bbox 393 1586 662 1650; x_wconf 85' lang='lat' dir='ltr'><strong>ponderat</strong></span> <span class='ocrx_word' id='word_1_124' title='bbox 701 1590 919 1637; x_wconf 84' lang='lat' dir='ltr'><strong>eentum</strong></span> <span class='ocrx_word' id='word_1_125' title='bbox 952 1586 1146 1635; x_wconf 85' lang='lat' dir='ltr'><strong>libras.</strong></span> <span class='ocrx_word' id='word_1_126' title='bbox 1204 1587 1413 1636; x_wconf 87' lang='lat' dir='ltr'><strong>Datum</strong></span> <span class='ocrx_word' id='word_1_127' title='bbox 1445 1586 1797 1637; x_wconf 80' lang='lat' dir='ltr'><strong>Monasterii.</strong></span> 
     </span>
    </p>
   </div>
   <div class='ocr_carea' id='block_1_3' title="bbox 992 1840 1072 1892">
    <p class='ocr_par' dir='ltr' id='par_1_3' title="bbox 992 1840 1072 1892">
     <span class='ocr_line' id='line_1_18' title="bbox 992 1840 1072 1892; baseline 0.038 -4"><span class='ocrx_word' id='word_1_128' title='bbox 992 1840 1072 1892; x_wconf 84' lang='lat'><strong>18.</strong></span> 
     </span>
    </p>
   </div>
   <div class='ocr_carea' id='block_1_4' title="bbox 526 1954 1537 2021">
    <p class='ocr_par' dir='ltr' id='par_1_4' title="bbox 526 1954 1537 2021">
     <span class='ocr_line' id='line_1_19' title="bbox 526 1954 1537 2021; baseline 0.001 -3"><span class='ocrx_word' id='word_1_129' title='bbox 526 1960 576 2017; x_wconf 68' lang='lat'><strong>⁴1</strong></span> <span class='ocrx_word' id='word_1_130' title='bbox 620 1955 903 2019; x_wconf 85' lang='lat' dir='ltr'><strong>Frater</strong></span> <span class='ocrx_word' id='word_1_131' title='bbox 947 1955 1221 2021; x_wconf 87' lang='lat' dir='ltr'><strong>Simon</strong></span> <span class='ocrx_word' id='word_1_132' title='bbox 1262 1954 1537 2020; x_wconf 87' lang='lat' dir='ltr'><strong>Worst</strong></span> 
     </span>
    </p>
   </div>
   <div class='ocr_carea' id='block_1_5' title="bbox 555 2058 1541 2279">
    <p class='ocr_par' dir='ltr' id='par_1_5' title="bbox 555 2058 1541 2279">
     <span class='ocr_line' id='line_1_20' title="bbox 673 2058 1388 2125; baseline -0.004 -14"><span class='ocrx_word' id='word_1_133' title='bbox 673 2074 832 2125; x_wconf 60' lang='lat' dir='ltr'><strong>sacre</strong></span> <span class='ocrx_word' id='word_1_134' title='bbox 856 2058 1163 2125; x_wconf 62' lang='lat' dir='ltr'><strong>Theologie</strong></span> <span class='ocrx_word' id='word_1_135' title='bbox 1194 2058 1388 2109; x_wconf 77' lang='lat' dir='ltr'><strong>doctor</strong></span> 
     </span>
     <span class='ocr_line' id='line_1_21' title="bbox 555 2142 1541 2227; baseline 0 -34"><span class='ocrx_word' id='word_1_136' title='bbox 555 2144 892 2227; x_wconf 77' lang='lat' dir='ltr'><strong>Magistro</strong></span> <span class='ocrx_word' id='word_1_137' title='bbox 931 2143 1094 2195; x_wconf 86' lang='lat' dir='ltr'><strong>Ortv</strong></span> <span class='ocrx_word' id='word_1_138' title='bbox 1110 2144 1221 2193; x_wconf 88' lang='lat' dir='ltr'><strong>ino</strong></span> <span class='ocrx_word' id='word_1_139' title='bbox 1258 2142 1541 2195; x_wconf 80' lang='lat' dir='ltr'><strong>Gratio·</strong></span> 
     </span>
     <span class='ocr_line' id='line_1_22' title="bbox 895 2227 1164 2279; baseline -0.004 -1"><span class='ocrx_word' id='word_1_140' title='bbox 895 2227 1164 2279; x_wconf 81' lang='lat' dir='ltr'><strong>Salutem.</strong></span> 
     </span>
    </p>
   </div>
   <div class='ocr_carea' id='block_1_6' title="bbox 266 2345 1798 2749">
    <p class='ocr_par' dir='ltr' id='par_1_6' title="bbox 266 2345 1798 2749">
     <span class='ocr_line' id='line_1_23' title="bbox 369 2345 1795 2411; baseline 0.001 -16"><span class='ocrx_word' id='word_1_141' title='bbox 369 2346 677 2411; x_wconf 84' lang='lat' dir='ltr'><strong>Postquam</strong></span> <span class='ocrx_word' id='word_1_142' title='bbox 707 2346 864 2397; x_wconf 87' lang='lat' dir='ltr'><strong>venit</strong></span> <span class='ocrx_word' id='word_1_143' title='bbox 895 2346 1006 2396; x_wconf 85' lang='lat' dir='ltr'><strong>hue</strong></span> <span class='ocrx_word' id='word_1_144' title='bbox 1048 2345 1299 2397; x_wconf 81' lang='lat' dir='ltr'><strong>defensio</strong></span> <span class='ocrx_word' id='word_1_145' title='bbox 1334 2346 1603 2398; x_wconf 77' lang='lat' dir='ltr'><strong>Iohannis</strong></span> <span class='ocrx_word' id='word_1_146' title='bbox 1638 2348 1795 2397; x_wconf 84' lang='lat' dir='ltr'><strong>Pfef-</strong></span> 
     </span>
     <span class='ocr_line' id='line_1_24' title="bbox 267 2430 1796 2497; baseline 0 -16"><span class='ocrx_word' id='word_1_147' title='bbox 267 2430 496 2481; x_wconf 84' lang='lat' dir='ltr'><strong>ferkorn</strong></span> <span class='ocrx_word' id='word_1_148' title='bbox 541 2434 735 2481; x_wconf 79' lang='lat' dir='ltr'><strong>eontra</strong></span> <span class='ocrx_word' id='word_1_149' title='bbox 778 2431 1024 2483; x_wconf 81' lang='lat' dir='ltr'><strong>famosas</strong></span> <span class='ocrx_word' id='word_1_150' title='bbox 1070 2445 1235 2493; x_wconf 85' lang='lat' dir='ltr'><strong>quam</strong></span> <span class='ocrx_word' id='word_1_151' title='bbox 1272 2433 1583 2497; x_wconf 82' lang='lat' dir='ltr'><strong>composuit</strong></span> <span class='ocrx_word' id='word_1_152' title='bbox 1615 2435 1677 2482; x_wconf 88' lang='lat' dir='ltr'><strong>in</strong></span> <span class='ocrx_word' id='word_1_153' title='bbox 1712 2432 1796 2482; x_wconf 80' lang='lat' dir='ltr'><strong>la-</strong></span> 
     </span>
     <span class='ocr_line' id='line_1_25' title="bbox 266 2512 1797 2578; baseline 0.003 -17"><span class='ocrx_word' id='word_1_154' title='bbox 266 2514 413 2576; x_wconf 89' lang='lat' dir='ltr'><strong>tino,</strong></span> <span class='ocrx_word' id='word_1_155' title='bbox 451 2530 666 2578; x_wconf 86' lang='lat' dir='ltr'><strong>semper</strong></span> <span class='ocrx_word' id='word_1_156' title='bbox 701 2515 848 2564; x_wconf 88' lang='lat' dir='ltr'><strong>omni</strong></span> <span class='ocrx_word' id='word_1_157' title='bbox 882 2512 970 2564; x_wconf 88' lang='lat' dir='ltr'><strong>die</strong></span> <span class='ocrx_word' id='word_1_158' title='bbox 1009 2514 1259 2565; x_wconf 82' lang='lat' dir='ltr'><strong>audimus</strong></span> <span class='ocrx_word' id='word_1_159' title='bbox 1296 2516 1387 2565; x_wconf 85' lang='lat' dir='ltr'><strong>hic</strong></span> <span class='ocrx_word' id='word_1_160' title='bbox 1422 2532 1599 2567; x_wconf 83' lang='lat' dir='ltr'><strong>nova:</strong></span> <span class='ocrx_word' id='word_1_161' title='bbox 1636 2517 1797 2567; x_wconf 86' lang='lat' dir='ltr'><strong>Unus</strong></span> 
     </span>
     <span class='ocr_line' id='line_1_26' title="bbox 267 2596 1797 2665; baseline 0.003 -21"><span class='ocrx_word' id='word_1_162' title='bbox 267 2596 408 2645; x_wconf 84' lang='lat' dir='ltr'><strong>dicit</strong></span> <span class='ocrx_word' id='word_1_163' title='bbox 441 2598 573 2661; x_wconf 83' lang='lat' dir='ltr'><strong>sic,·</strong></span> <span class='ocrx_word' id='word_1_164' title='bbox 597 2598 742 2648; x_wconf 83' lang='lat' dir='ltr'><strong>alius</strong></span> <span class='ocrx_word' id='word_1_165' title='bbox 777 2599 888 2647; x_wconf 81' lang='lat' dir='ltr'><strong>sie:</strong></span> <span class='ocrx_word' id='word_1_166' title='bbox 924 2598 1081 2647; x_wconf 83' lang='lat' dir='ltr'><strong>Unus</strong></span> <span class='ocrx_word' id='word_1_167' title='bbox 1118 2604 1202 2650; x_wconf 89' lang='lat' dir='ltr'><strong>est</strong></span> <span class='ocrx_word' id='word_1_168' title='bbox 1234 2615 1333 2664; x_wconf 88' lang='lat' dir='ltr'><strong>pro</strong></span> <span class='ocrx_word' id='word_1_169' title='bbox 1372 2616 1465 2664; x_wconf 88' lang='lat' dir='ltr'><strong>eo,</strong></span> <span class='ocrx_word' id='word_1_170' title='bbox 1508 2602 1657 2650; x_wconf 86' lang='lat' dir='ltr'><strong>alius</strong></span> <span class='ocrx_word' id='word_1_171' title='bbox 1694 2616 1797 2665; x_wconf 90' lang='lat' dir='ltr'><strong>pro</strong></span> 
     </span>
     <span class='ocr_line' id='line_1_27' title="bbox 266 2678 1798 2749; baseline 0.001 -20"><span class='ocrx_word' id='word_1_172' title='bbox 266 2678 566 2743; x_wconf 84' lang='lat' dir='ltr'><strong>Reuehlin3</strong></span> <span class='ocrx_word' id='word_1_173' title='bbox 607 2682 762 2733; x_wconf 86' lang='lat' dir='ltr'><strong>Unus</strong></span> <span class='ocrx_word' id='word_1_174' title='bbox 799 2680 1051 2733; x_wconf 86' lang='lat' dir='ltr'><strong>defendit</strong></span> <span class='ocrx_word' id='word_1_175' title='bbox 1087 2700 1237 2748; x_wconf 87' lang='lat' dir='ltr'><strong>eum,</strong></span> <span class='ocrx_word' id='word_1_176' title='bbox 1276 2685 1421 2733; x_wconf 85' lang='lat' dir='ltr'><strong>alius</strong></span> <span class='ocrx_word' id='word_1_177' title='bbox 1448 2684 1658 2749; x_wconf 81' lang='lat' dir='ltr'><strong>culpat.</strong></span> <span class='ocrx_word' id='word_1_178' title='bbox 1722 2684 1798 2732; x_wconf 87' lang='lat' dir='ltr'><strong>Et</strong></span> 
     </span>
    </p>
   </div>
   <div class='ocr_carea' id='block_1_7' title="bbox 1905 146 1907 1511">
    <p class='ocr_par' dir='ltr' id='par_1_7' title="bbox 1905 146 1907 1511">
     <span class='ocr_line' id='line_1_28' title="bbox 1905 146 1907 1511; baseline 0 0"><span class='ocrx_word' id='word_1_179' title='bbox 1905 146 1907 1511; x_wconf 95' lang='lat' dir='ltr'><strong> </strong></span> 
     </span>
    </p>
   </div>
  </div>
 </body>
</html>
