1942 3109
238 238 342 291 408

235 615 366 665 Pro
422 630 597 665 nunc
653 613 960 666 volumus
1022 615 1089 666 in
1145 616 1289 666 fine
1350 614 1761 667 certificare

237 697 586 751 studiosos
623 698 698 751 de
739 704 1111 750 commento
1146 714 1263 750 seu
1299 701 1568 751 lectura
1602 700 1759 751 mul-

234 788 367 833 tum
401 784 604 839 valde
641 784 916 849 subtili,
952 784 1096 837 viri
1124 783 1470 835 cuiusdam
1495 788 1758 850 specta-

232 868 406 919 bilis
463 869 784 935 magistri
838 868 1065 920 nostri
1114 867 1446 919 Schluntz
1504 870 1571 919 in
1614 870 1759 919 uni·-

231 953 579 1005 versitate
604 953 1086 1018 Erdfurdensi,
1125 968 1319 1018 quam
1355 953 1760 1020 compilavit

503 1054 704 1105 super
738 1040 863 1091 hoc
902 1040 1253 1105 egregium
1288 1054 1472 1105 opuS.

121 1161 212 1211 §.L
335 1156 562 1209 Illustrn’s
597 1156 879 1224 significat
913 1157 1145 1223 nobiliS,
1190 1157 1464 1224 gloriosus
1500 1161 1557 1209 et
1592 1172 1756 1224 gene—

229 1257 415 1309 rosae,
453 1246 524 1293 et·
544 1242 748 1293 dicitur
783 1246 946 1308 quasi
981 1245 1128 1295 intus
1163 1243 1377 1295 habens
1412 1243 1609 1295 lucem.

119 1334 212 1384 §.2
331 1328 546 1379 Familia
589 1329 808 1394 proprie
854 1327 1061 1379 dicitur
1102 1327 1207 1379 illa
1250 1328 1415 1379 turba
1458 1328 1757 1393 hominum,

233 1426 356 1476 quae
393 1416 481 1463 cst
514 1413 572 1461 in
608 1412 766 1465 domo
805 1412 1073 1478 alicuius,
1121 1414 1271 1464 sicut
1305 1413 1453 1465 servi
1489 1415 1545 1464 et
1581 1412 1759 1464 ancil-

228 1497 328 1547 lae:
367 1501 424 1547 et
457 1498 614 1549 venit
649 1512 683 1547 a
718 1499 935 1548 nomine
972 1498 1177 1563 femur,
1215 1498 1364 1549 sicut
1396 1500 1553 1563 ponit
1584 1513 1757 1549 voca-

0 1608 10 1649 .
227 1581 478 1633 bularius
515 1580 743 1632 Gemma
779 1596 1131 1647 gemmarum.

116 1675 156 1725 θ’.
171 1677 208 1722 3.
332 1668 578 1718 Alumnus
631 1666 836 1717 dicitur
889 1683 924 1718 a
969 1667 1139 1719 verbo
1187 1666 1437 1733 alumno,
1484 1682 1577 1732 ae,
1636 1683 1750 1731 are,

229 1752 373 1816 quod
409 1750 691 1817 significat
725 1766 958 1817 pascere
999 1756 1056 1803 et
1088 1752 1328 1817 nutrire,
1366 1756 1423 1804 e't
1444 1752 1575 1802 hinc
1596 1752 1753 1803 venit

224 1836 510 1899 alumnus,
559 1836 705 1901 quod
751 1836 1033 1903 significat
1080 1852 1203 1887 eum
1252 1838 1348 1901 qui
1398 1838 1501 1888 alit
1536 1840 1592 1887 et
1628 1850 1753 1887 eum

224 1922 321 1987 qui
369 1922 566 1989 alitur,
609 1921 667 1971 id
713 1925 800 1973 est
832 1923 1055 1988 passive
1095 1926 1150 1973 et
1187 1923 1389 1973 active.
1450 1923 1525 1972 Et
1556 1935 1779 1995 possu-¹

219 2022 340 2058 mus
377 2008 546 2059 etiam
582 2006 767 2059 dicere
805 2006 1201 2073 ‘alumnism-e’,
1246 2006 1302 2056 id
1348 2010 1435 2057 est
1470 2006 1751 2058 alumnum

222 2092 429 2143 facere.
1215 2100 1220 2107 ‘

110 2182 204 2233 §.4.
325 2176 622 2240 Erdfurdia
657 2182 744 2227 est
777 2192 890 2227 una
926 2177 1174 2227 solennis
1205 2177 1405 2228 civitas
1430 2176 1489 2228 in
1512 2176 1753 2227 Thurin-

221 2260 344 2325 εἰει,
383 2263 440 2311 et
472 2260 646 2311 habet
679 2254 1129 2326 finiversitatem,
1181 2276 1304 2326 quoe
1344 2276 1465 2313 meo
1501 2266 1753 2327 tempore

217 2344 328 2394 fuit
371 2345 430 2394 in
474 2345 622 2397 flore.
702 2346 778 2395 Et
821 2345 1049 2396 fuerunt
1090 2346 1267 2397 multa
1314 2347 1607 2412 supposita.
1650 2346 1752 2411 ibi,

319 2513 681 2565 Antiquissimum
717 2512 846 2554 huius
881 2510 1202 2555 Schluntzianae
1240 2510 1560 2564 compilationis
1602 2520 1749 2551 exom-

217 2579 338 2633 plum
365 2586 470 2633 puto
497 2580 544 2620 id
571 2592 668 2620 esse
695 2581 812 2632 quod
831 2580 1058 2634 dialog-um
1076 2580 1350 2633 praemissum
1370 2579 1565 2632 sequitur
1581 2578 1625 2618 in
1644 2590 1747 2631 per·

214 2659 312 2690 raro
339 2648 467 2702 primi
492 2648 1031 2703 voluminisEpistolarum
1042 2645 1413 2705 0.V.exemplq.ri
1432 2658 1471 2691 a.
1490 2644 1747 2690 M.D.LVI.

213 2716 309 2757 sine
343 2717 426 2758 loci
460 2715 723 2757 indicatione
749 2717 793 2757 in
827 2718 868 2759 8.
899 2717 1039 2768 edito,
1074 2730 1117 2770 p.
1144 2717 1235 2757 213.
1266 2716 1399 2765 .215.‚
1446 2716 1563 2768 quod
1598 2713 1747 2755 Indice

213 2783 422 2839 bibliogr.
452 2784 563 2839 Epp.
602 2783 656 2826 Ο.
685 2783 744 2826 V.
779 2796 958 2826 numero
988 2785 1027 2826 6.
1058 2783 1381 2837 descripsimus.
