1942 3109
483 211 616 246 vor..
655 211 694 244 1.
765 207 804 246 2.
841 211 1079 262 minum
1120 211 1467 248 PELLwlcrs.
1700 198 1735 250 5

210 315 358 378 quod
379 315 573 364 velitis
597 315 730 364 mihi
755 331 1031 381 exponere
1054 321 1295 366 mentem
1318 321 1574 380 vestram,
1601 321 1733 381 quia

205 416 310 450 vos
347 401 488 450 estis
509 400 739 450 multum
764 401 1099 465 profundus:
1129 405 1186 451 et
1210 417 1309 466 ego
1334 401 1447 452 dixi
1469 407 1729 467 protunc:

213 483 502 549 ‘magister
537 484 800 535 Ortvinus
833 485 1001 536 debet
1032 486 1169 536 mihi
1200 487 1340 537 bene
1372 489 1613 538 scribere
1636 503 1729 540 ve-

205 571 453 632 ritatem,
493 570 627 634 quia
657 571 769 620 fuit
799 575 1093 637 preceptor
1127 587 1277 622 meus
1310 573 1368 622 in
1402 573 1727 634 Daventria‚

207 655 428 718 quando
465 655 550 704 fui
583 655 904 706 tertiarius'.
974 655 1161 706 Etiam
1192 655 1407 707 debetis
1442 674 1525 708 me
1562 660 1725 708 certi-

205 740 378 790 ficare
416 739 688 804 quomodo
721 743 838 792 stat
859 741 920 789 in
943 755 1144 804 guerra
1168 741 1311 791 inter
1334 756 1432 793 vos
1458 746 1516 792 et
1538 741 1723 792 docto-

208 840 324 874 rem
357 825 622 876 Ioannem
655 823 948 874 Reuchlin.
1010 825 1156 888 Quia
1178 825 1429 876 intellexi
1452 826 1595 890 quod
1618 829 1723 876 iste

209 909 458 959 ribaldus
497 910 776 973 (quamvis
809 909 885 958 eit
918 907 1111 958 doctor
1146 914 1199 959 et
1232 911 1453 974 iurista)
1489 911 1723 962 nondum

207 995 328 1044 vult
363 1009 626 1046 revocare
661 995 836 1045 verba.
871 1009 991 1047 sua.
1058 994 1137 1042 Et
1168 995 1405 1046 mittatis
1432 997 1599 1046 etiam
1625 996 1713 1046 ad·

209 1080 316 1128 huc
363 1080 556 1130 semel·
574 1079 710 1128 mihi
751 1079 952 1128 librum
1004 1079 1255 1144 magistri
1287 1081 1465 1130 nostri
1496 1081 1725 1130 Arnoldi

213 1163 280 1212 de
305 1164 632 1230 ThungariS,
669 1179 830 1228 quem
865 1163 1206 1214 articulatim
1238 1166 1558 1229 composuit,
1590 1167 1721 1229 quia

211 1252 296 1298 est
327 1249 556 1299 multum
593 1248 834 1314 subtilis,
871 1252 930 1298 et
962 1252 1173 1298 tractat
1195 1249 1261 1298 de
1284 1249 1473 1300 multis
1496 1251 1721 1314 profun-

203 1333 474 1384 ditatibus
510 1335 569 1382 in
604 1333 903 1399 theologia.
975 1335 1193 1398 valete,
1232 1340 1285 1384 et
1321 1349 1429 1384 non
1464 1335 1721 1386 habeatis

203 1435 302 1484 pro
337 1419 504 1482 malo,
539 1419 682 1483 quod
717 1417 901 1470 scribo
937 1419 1097 1470 vobis
1132 1421 1214 1469 ita
1249 1419 1549 1489 socialiter,
1588 1421 1719 1483 quia

201 1519 300 1554 vos
335 1502 558 1554 dixistis
593 1504 725 1553 mihi
760 1504 894 1554 olim
931 1502 1077 1567 quod
1104 1505 1302 1554 amatis
1327 1521 1411 1554 me
1436 1505 1581 1554 sicut
1604 1507 1716 1554 fra-

201 1593 317 1650 ter,
366 1593 425 1638 et
467 1589 637 1639 vultis
672 1605 756 1640 me
793 1604 1115 1654 promovere
1152 1589 1209 1638 in
1243 1590 1511 1654 omnibus,
1551 1591 1718 1638 etiam

199 1674 250 1722 ei
292 1673 547 1724 debeatis
589 1674 722 1724 mihi
769 1673 1073 1726 concedere
1118 1689 1371 1740 magnam
1406 1676 1714 1738 pecuniam.

197 1758 408 1808 Datum
441 1759 500 1809 in
535 1759 826 1824 Lyptzick.

929 2025 987 2084 2.

365 2129 767 2214 Magister
809 2130 1158 2194 Ioannes
1204 2129 1559 2216 Puellifex

741 2233 989 2284 Salutem
1026 2233 1160 2284 dicit

483 2319 819 2384 Magistro
858 2319 1137 2370 Ortvino
1176 2321 1429 2370 Gratio.

301 2437 554 2487 Salutem
589 2438 934 2490 amicabilem
971 2443 1031 2488 et
1064 2440 1385 2488 servitutem
1419 2427 1712 2487 incredibi-

199 2521 324 2572 lem.
375 2522 728 2570 Venerabilis
753 2520 968 2570 domine
992 2523 1277 2584 magister.
1306 2520 1475 2584 fluia,
1498 2522 1561 2564 ut
1584 2518 1723 2562 dicit

201 2605 538 2654 Aristoteles
563 2606 622 2652 in
646 2603 1095 2670 predicamentis,
1118 2601 1187 2649 de
1214 2599 1449 2660 singulis
1468 2595 1725 2642 dubitare

199 2705 314 2739 non
351 2693 440 2738 eet
475 2688 702 2736 inutile:
741 2689 1079 2748 quapropter
1104 2686 1191 2730 est
1212 2695 1323 2728 una
1348 2691 1435 2723 res
1462 2685 1567 2731 que
1590 2668 1735 2715 facit
