1942 3109
154 308 395 348 cAEsAnrs
421 306 887 347 nsnmrxamm
914 310 1051 347 moa.
1067 310 1120 346 n.
1136 302 1549 357 n.6.1v1,.(1510.)
1603 296 1672 349 23

150 415 365 468 tatibus
402 420 459 466 et
495 414 624 467 aliis
660 414 839 467 doctis
872 417 1010 468 viris
1046 416 1209 468 huius
1233 416 1456 483 negocii
1479 418 1672 483 peritis

149 502 209 551 in
228 502 632 552 commissarios
656 500 1027 554 ordinavimus
1051 503 1205 553 iuxta
1223 507 1472 555 tenorem
1487 506 1675 571 nostre

152 586 349 655 emisse
375 586 791 639 commissionis.
826 588 986 639 Nunc
1011 592 1198 639 autem
1213 592 1460 654 tempore
1479 592 1675 639 exacto

151 670 335 740 Iudeis
359 672 532 725 libros
570 686 701 724 suos
724 673 1098 725 restituendos
1123 672 1504 725 mandavimus
1519 712 1534 738 ,
1569 673 1676 725 hoc

152 757 351 809 saltem
395 762 591 823 pacto,
636 761 699 809 ut
732 760 993 825 inscripti
1039 762 1095 810 et
1141 760 1353 811 immoti
1388 774 1564 824 usque
1601 757 1676 808 ad

150 842 471 895 ulteriorem
508 843 950 895 commissionem
997 848 1372 897 servarentur.
1441 844 1516 895 Et
1549 842 1674 895 ideo

151 930 215 976 ut
244 928 305 978 in
338 928 553 980 talibus
599 927 853 978 ordinate
899 930 1196 993 negocium
1239 930 1346 981 hoc
1382 932 1674 994 tractetur,

151 1010 476 1063 mandamus
510 1016 607 1079 tue
647 1012 911 1063 charitati
948 1017 1004 1063 et
1037 1013 1321 1078 volumus,
1357 1017 1420 1063 ut
1453 1015 1674 1065 univer-

152 1096 415 1149 sitatibus
440 1096 555 1149 illis
582 1094 923 1161 Coloniensi,
960 1096 1396 1163 Moguntinensi‚
1431 1096 1674 1163 Erphur-

150 1180 334 1246 densi,
372 1185 431 1232 et
461 1180 949 1247 Heidelburgensi,
987 1185 1043 1232 et
1066 1168 1335 1233 similiter
1367 1182 1570 1234 Iacobo
1606 1182 1674 1233 de

151 1264 533 1317 Hochstraten
577 1266 825 1335 heretice
870 1268 1171 1332 pravitatis
1217 1267 1535 1331 inquisitori
1571 1266 1676 1317 Co-

150 1350 306 1418 lonie·
338 1364 499 1420 sacre
534 1351 815 1419 theologie
862 1352 1172 1418 professori
1203 1351 1452 1416 Itemque
1497 1354 1556 1403 et
1588 1350 1675 1403 Io-

152 1436 289 1485 anni
332 1435 607 1487 Reuchlin
660 1436 845 1502 legum
890 1436 1136 1502 doctori,
1183 1437 1399 1490 Victori
1453 1452 1674 1502 quoque

150 1518 221 1571 de
246 1518 466 1572 Carben
490 1520 769 1573 sacerdoti
788 1521 921 1572 olim
944 1520 1114 1591 Iudeo
1153 1525 1208 1573 et
1242 1522 1372 1573 aliis
1395 1520 1680 1591 Hebraice

149 1606 426 1673 scripture
464 1621 532 1657 ac
565 1610 951 1676 preceptorum
989 1608 1232 1673 expertis
1261 1611 1316 1658 et
1339 1606 1518 1659 doctis
1557 1604 1681 1671 (qui

151 1702 265 1739 non
290 1690 403 1739 sint
425 1689 605 1759 Iudei)
632 1694 903 1757 evestigio
932 1692 1170 1755 scribas,
1209 1696 1266 1741 et
1289 1695 1538 1743 nostrum
1561 1690 1680 1742 illis

154 1774 448 1840 negocium
492 1774 706 1827 indices
755 1790 823 1826 ac
866 1776 1047 1827 nostri
1095 1790 1268 1826 causa
1311 1774 1568 1840 mandes,
1613 1780 1678 1825 ut

154 1860 453 1922 negocium
485 1859 592 1909 hoc
625 1859 877 1910 funditus
913 1860 1280 1926 perpendant,
1318 1864 1374 1911 et
1393 1863 1559 1927 prout
1579 1876 1678 1911 ne·-

159 1955 318 1992 cesse
343 1942 515 1991 fuerit
538 1941 679 1991 illud
706 1940 958 1992 consiliis
997 1944 1208 1994 iuvent.
1279 1944 1530 2007 Itemque
1567 1958 1677 2008 quo

154 2026 326 2094 pacto
354 2024 593 2091 idipsum
619 2042 687 2077 ex
704 2027 921 2091 integro
942 2026 1314 2077 inchoandum
1333 2027 1434 2091 sit,
1465 2030 1521 2077 et
1548 2040 1674 2095 pre-

154 2112 349 2163 sertim
374 2126 447 2161 an
470 2110 616 2162 tales
639 2111 814 2162 libros
828 2108 1052 2175 (quibus
1076 2116 1261 2180 preter
1277 2110 1470 2162 decem
1486 2126 1680 2180 prece—

150 2199 377 2263 ptorum
386 2195 1004 2261 Moysi‚prophetarum,
1017 2197 1275 2263 psalterii
1296 2200 1352 2248 et
1369 2198 1577 2249 veteris
1597 2200 1684 2249 te-

152 2281 427 2333 stamenti
458 2280 634 2331 libros
666 2281 917 2349 utuntur)
962 2281 971 2349 Ι
1011 2282 1210 2333 tollere
1249 2286 1305 2333 et
1339 2284 1678 2348 supprimere
1702 2274 1816 2347 ,ἱῇ

154 2365 429 2431 divinum,
455 2363 739 2417 laudabile
766 2370 823 2417 et
846 2371 1036 2435 nostre
1061 2366 1189 2418 fidei
1212 2367 1352 2418 utile
1377 2368 1467 2417 sit.
1504 2367 1676 2419 Volu-

154 2464 281 2501 mus
319 2464 541 2515 quoque
576 2454 639 2499 ut
675 2448 745 2501 ad
780 2453 835 2501 te
872 2451 1110 2517 desuper
1145 2466 1247 2502 sua
1284 2450 1522 2504 consilia
1556 2450 1683 2503 mit—

156 2537 315 2600 tant,
362 2550 472 2603 que
517 2535 624 2585 tibi
669 2534 833 2587 simul
874 2536 1060 2587 omnia
1097 2534 1522 2603 diligentissime
1558 2553 1682 2603 per-

154 2619 453 2684 spicienda
490 2624 545 2671 et
581 2623 816 2672 maxime
853 2622 1026 2671 etiam
1063 2634 1185 2671 cum
1208 2626 1303 2673 tuo
1327 2622 1562 2673 consilio
1586 2638 1686 2685 per

156 2708 218 2754 te
278 2706 517 2770 scripto,
572 2706 736 2757 nobis
792 2720 893 2771 per
947 2704 1210 2757 Ioannem
1253 2706 1686 2771 Pepericornum

154 2787 355 2855 (quem
386 2789 813 2842 sollicitatorem
848 2790 907 2840 in
940 2790 1049 2842 hac
1087 2806 1259 2843 causa
1281 2786 1684 2851 ordinavimus)
