1942 3109
262 226 360 278 146
395 240 776 277 rnrssmconm
802 240 1043 275 Burnus.
1060 236 1278 275 CONTRA
1302 237 1513 273 tanos.
1530 238 1590 273 0.
1604 239 1667 275 V.
1684 240 1821 275 131’1’.

141 345 242 411 giij
369 340 420 399 (l
464 345 798 399 Beatissime
845 348 1005 410 pater
1051 342 1495 396 clementissime
1560 343 1817 408 domine,

255 439 383 501 post
417 436 612 499 optata
647 433 963 480 sanctorum
1000 428 1198 496 pedum
1234 428 1446 479 oscula·-
1526 428 1685 480 Cum
1736 431 1815 481 di·

253 522 402 572 vinis
457 522 646 570 nostra
701 515 1065 566 anteferimus
1120 510 1443 577 maiorique,
1475 528 1663 578 quam
1715 514 1813 565 illa

256 606 472 656 affectu
533 614 778 665 curaque
837 598 1247 665 prosequimur,
1306 602 1481 649 vocat
1546 599 1811 651 dominus

256 706 423 755 super
465 704 635 754 opera
681 691 874 739 nostra
917 686 1265 747 siccitatem,
1315 686 1379 733 ut
1428 684 1629 735 multa
1692 702 1805 735 cum

256 773 742 838 seminaverimus,
789 786 975 837 pauca
1008 769 1408 835 percipiamus,
1462 766 1655 821 Cibus
1707 787 1797 821 non

255 858 458 925 satiet),
493 858 838 923 operimenta
861 872 971 907 non
1010 854 1372 905 calefaciant.
1420 853 1487 903 Id
1528 857 1693 919 quod
1724 858 1803 905 Iu-

255 944 376 1012 deis
413 943 669 995 evenisse
707 958 774 992 ex
809 940 1153 1005 propheticis
1180 938 1425 991 oraculis
1452 943 1801 1007 accepimus,

257 1034 552 1096 propterea
589 1026 735 1091 quod
769 1026 881 1077 sibi
915 1026 1102 1077 domos
1138 1026 1463 1076 extruentes
1508 1025 1622 1076 deo
1668 1030 1804 1077 tem·

258 1116 410 1179 plum
457 1114 670 1177 erigere
715 1111 1099 1175 neglexerunt.
1174 1108 1333 1171 Quod
1378 1108 1430 1158 si
1480 1110 1675 1161 divina
1712 1112 1799 1160 ira

258 1201 328 1250 ob
365 1197 677 1249 materialis
713 1195 907 1261 templi
939 1194 1317 1259 posthabitam
1356 1209 1555 1245 curam
1599 1195 1803 1245 merito

259 1287 564 1351 provocata
612 1286 722 1344 est,
771 1295 879 1344 quo
927 1296 1051 1331 eum
1094 1281 1279 1330 furore
1316 1279 1563 1330 accendi
1598 1284 1803 1345 putan—

189 1414 196 1423 .
259 1371 385 1420 dum
423 1372 510 1419 est
543 1380 709 1430 quum
745 1365 1083 1415 caducarum
1118 1378 1299 1415 rerum
1334 1364 1521 1415 studio
1570 1367 1801 1431 spirita-

261 1456 330 1505 lis
367 1452 574 1517 edificii
609 1451 696 1498 sui
733 1451 891 1499 cuius
927 1449 1060 1500 fides
1108 1454 1195 1499 est
1238 1448 1673 1501 fundamentum
1718 1468 1797 1501 ra·

259 1538 461 1586 tionem
499 1532 708 1582 nullam
745 1531 940 1581 haberi
972 1532 1183 1583 videat.
1254 1534 1533 1598 Pependit-
1570 1537 1797 1587 iamdiu

260 1628 316 1671 et
353 1621 520 1669 etiam
555 1632 704 1667 nuno
727 1615 936 1681 pendet
959 1617 1107 1682 apud
1134 1617 1509 1675 Sanctitatem
1534 1620 1803 1671 Vestram

259 1705 385 1757 fidei
423 1702 700 1769 catholice
731 1716 902 1752 causa
927 1717 1093 1767 super
1117 1703 1314 1754 libello
1340 1704 1587 1766 quodam
1612 1706 1807 1770 impio,

261 1793 360 1857 qui
402 1790 627 1841 tametsi
673 1788 836 1839 titulo
892 1788 1015 1854 ipso
1068 1786 1297 1855 perfidie
1342 1786 1644 1855 Iudeorum
1698 1791 1807 1841 im-

259 1876 654 1941 pugnationem
709 1872 1031 1936 pollicetur,
1093 1876 1279 1923 tamen
1324 1873 1563 1924 eandem
1614 1876 1809 1925 multis

260 1963 376 2012 suis
421 1961 674 2026 partibus
719 1974 830 2009 non
875 1959 1108 2009 obscure
1165 1957 1430 2008 adiuvare
1490 1962 1551 2007 et
1612 1961 1805 2011 fovere

266 2048 614 2113 comperitur.
687 2043 845 2108 Quod
884 2058 1049 2108 quam
1085 2043 1159 2093 sit
1192 2057 1382 2092 verum
1418 2042 1804 2106 liquidissime

266 2137 522 2182 constare
558 2132 744 2193 potest
781 2145 847 2179 ex
875 2132 997 2198 'tam
1030 2127 1326 2177 multarum
1361 2126 1807 2181 universitatum

264 2220 319 2265 et
343 2212 629 2278 presertim
653 2211 931 2276 theologie
956 2212 1291 2261 facultatum
1316 2213 1808 2277 attestationibus,

265 2312 496 2362 quarum
532 2299 656 2360 quis
691 2310 802 2346 non
837 2295 1027 2345 videat
1071 2299 1267 2359 quanti
1309 2298 1368 2347 in
1410 2296 1809 2353 huiuscemodi

263 2383 429 2433 rebus
476 2381 735 2433 facienda
781 2382 854 2431 sit
897 2381 1221 2432 auctoritas.
1304 2381 1439 2431 Cum
1482 2383 1667 2449 igitur
1718 2388 1809 2437 hic

263 2469 491 2519 libellus
529 2467 795 2519 eiusmodi
830 2468 928 2531 sit,
965 2471 1027 2517 ut
1062 2471 1118 2517 et
1151 2466 1441 2518 multorum
1478 2469 1711 2521 ruinam
1740 2474 1808 2522 sit

265 2555 527 2615 operatus
583 2556 640 2601 et
691 2553 802 2603 nisi
856 2567 1021 2616 quam
1079 2550 1361 2602 celerrime
1414 2554 1807 2619 provideatur,

263 2635 428 2699 longe
474 2636 734 2685 maiorem
782 2635 1055 2685 allaturus
1100 2636 1175 2684 sit
1220 2636 1550 2699 perniciem,
1612 2644 1809 2692 tamen

263 2718 603 2779 protrahitur
661 2734 830 2767 causa
886 2724 1047 2768 tanta
1102 2720 1161 2769 in
1204 2719 1587 2784 longissimam
1636 2724 1809 2789 diem,
