1942 3109
129 275 356 316 osrvxm
384 273 582 312 amru
605 273 882 311 urxsrom
906 275 962 310 n.
990 273 1045 310 ι).
1073 262 1120 310 1.
1136 273 1257 313 ocr.
1280 273 1335 310 Δ.
1360 261 1507 312 1518.
1544 259 1643 312 371

126 379 440 445 medullam,
490 381 548 430 et
589 377 947 432 Aristotelem
990 378 1149 431 nobis
1196 381 1464 446 scriptum
1510 381 1639 432 reli-

127 467 324 532 quisse,
355 465 540 516 Aurea
571 466 735 532 frena
763 479 963 528 equum
988 480 1097 516 non
1120 465 1313 516 facere
1337 464 1641 517 meliorem.

127 550 292 614 Quid,
352 551 402 601 si
453 549 731 601 diversam
774 549 871 600 vel
912 549 1296 616 theologorum
1341 549 1434 600 vel
1478 551 1644 601 iuris·

124 635 492 686 consultorum
523 635 815 685 materiam
849 635 1143 700 purpureis
1178 649 1394 700 semper
1416 635 1645 686 amicire

127 715 506 785 chlamy‘dulis,
543 722 600 770 et
635 719 820 769 aureis
853 719 1091 770 velimus
1114 720 1360 770 inaurire
1385 720 1641 772 brachte-

113 808 199 858 is?
255 804 424 868 Quid,
471 805 522 856 si
552 804 730 854 solam
764 818 984 869 semper
1020 804 1423 870 eloquentiam,
1460 807 1635 857 versi-

115 890 350 940 colorem
383 888 544 940 illam
578 887 738 939 deam
775 903 844 939 ac
876 888 1045 953 plane
1081 890 1395 954 superbam,
1430 905 1640 954 pronus

118 971 342 1024 adorare
362 1012 376 1039 ,
437 987 666 1038 eamque
719 974 1095 1037 incessanter,
1155 976 1270 1024 tum
1321 976 1381 1024 in
1430 974 1639 1026 scholis

118 1071 325 1120 eorum,
369 1059 485 1107 tum
519 1058 578 1108 in
613 1058 822 1124 templo
855 1057 1137 1123 Apollinis
1180 1057 1387 1123 pythii,
1436 1062 1535 1109 aut
1578 1061 1639 1110 in

115 1143 297 1192 monte
343 1139 566 1191 tandem
599 1143 850 1194 Parnaso
898 1145 1161 1194 invocare
1204 1157 1316 1193 non
1354 1142 1637 1196 desinam?

108 1227 304 1278 Nonne
353 1227 410 1276 et
451 1227 681 1290 primum
733 1227 894 1278 illum
950 1227 1213 1278 continuo
1260 1227 1637 1279 Democritum

109 1310 232 1375 (qui
291 1313 348 1360 et
397 1306 692 1361 Abderites
751 1315 836 1362 est
893 1310 1099 1374 dietus)
1159 1310 1305 1362 domi
1360 1312 1628 1377 forisque,

104 1411 256 1446 more
294 1391 542 1444 sardinio
580 1395 975 1460 cachinnante‚
1005 1399 1080 1447 *et
1116 1397 1400 1461 suspensis
1437 1395 1637 1448 dehinc

103 1477 337 1530 labellis
378 1491 600 1528 carmen
633 1477 773 1529 illud
808 1480 1033 1532 triviale
1082 1482 1407 1545 quantotius
1444 1481 1633 1534 excla-

100 1567 346 1613 mantem
383 1560 622 1626 audireS,

171 1646 218 1696 Ο
258 1661 424 1713 cecas
459 1647 738 1698 hominum
771 1653 1012 1714 mentes,
1052 1666 1083 1701 o
1117 1655 1353 1716 pectora
1390 1655 1565 1720 ceca?

99 1729 328 1794 Quidni,
363 1735 526 1796 pater
559 1732 896 1784 reverende?
935 1733 1207 1788 ‘Ridebat'
1244 1737 1387 1787 enim
1425 1734 1631 1788 ‘curas’

95 1813 198 1865 ille
239 1811 324 1878 (ut
356 1815 644 1866 Iuvenalis
680 1815 786 1880 ait)

640 1914 745 1952 nec
781 1916 890 1952 non
927 1904 984 1952 et
1018 1903 1223 1968 gaudia
1245 1906 1420 1972 vulgi.

95 1985 463 2036 Inveniuntur
498 2000 631 2053 sepe
664 1986 772 2038 viri
807 1986 1147 2053 eloquenteS,
1187 1995 1243 2040 et
1278 1992 1625 2058 secularibus

95 2069 389 2120 dumtaxat
434 2069 539 2120 alti
593 2069 830 2133 litteris,
885 2071 983 2134 qui
1035 2075 1251 2124 tantum
1298 2074 1515 2128 Christo
1566 2079 1625 2128 in

95 2153 344 2204 ecclesia
368 2157 618 2219 prosunt,
655 2157 923 2218 quantum
948 2155 1109 2206 nobis
1134 2158 1193 2207 in
1214 2158 1417 2212 balneo
1444 2163 1619 2228 canis.

95 2236 263 2287 Multi
307 2237 535 2302 docent,
585 2237 852 2303 quomodo
898 2239 1005 2292 hoc
1050 2243 1137 2292 est
1182 2256 1348 2307 quam
1382 2246 1625 2298 facunde

95 2325 266 2386 atque
306 2322 594 2388 eleganter
630 2323 1011 2376 disserendum
1046 2327 1138 2390 sit,
1178 2328 1310 2390 quid
1344 2333 1531 2381 autem
1566 2333 1625 2381 in

95 2407 214 2458 {oco
263 2406 336 2457 ad
379 2409 645 2459 bonorum
690 2409 930 2460 omnium
978 2411 1375 2463 salutem-dici
1420 2429 1621 2466 conve·
1698 2413 1701 2416 ’

95 2493 225 2552 fiat,
263 2495 492 2558 penitus
525 2481 810 2560 ignorant,
860 2496 1133 2548 conviviis
1168 2496 1333 2562 longe
1371 2502 1616 2564 aptiores

95 2591 254 2640 luam
305 2577 587 2628 consiliis:
645 2579 988 2631 Rabularum
1032 2582 1143 2633 sibi
1184 2597 1332 2634 nunc
1368 2587 1617 2638 oratores

95 2660 364 2726 flerique,
405 2677 514 2712 non
535 2668 890 2727 patronorum
913 2668 1259 2731 provinciam
1278 2671 1501 2718 sumunt
1533 2670 1619 2719 in-

95 2744 330 2798 motivis
365 2747 606 2801 maxime
642 2751 698 2802 et
730 2748 1037 2805 mendaciis
1073 2753 1405 2819 gloriantes.
1458 2751 1620 2806 Com-

1205 2836 1316 2892 24*
