1942 3109
130 279 402 320 1οιιϊῑνηιι
441 278 638 314 amru
673 278 952 314 nmsrons
988 277 1399 315 AronoesncA.
1470 263 1568 315 347

73 405 112 440 s
155 385 449 437 infamare
489 385 778 446 conantur,
817 383 1110 433 cimmeriis
1145 383 1383 435 involuti
1419 387 1569 434 tene-

65 476 171 536 -ἰε,
215 469 482 542 omnique
508 479 715 518 morum
739 467 989 531 deposita
1014 469 1314 532 gravitate,
1352 470 1572 534 nequis-

65 571 208 608 mos
235 569 301 604 se
323 550 505 616 (modo
527 547 740 604 veritas
763 552 888 616 ipsa
908 551 1094 602 'locum
1114 551 1321 602 habere
1346 551 1571 616 poterit)

65 639 426 706 ilophantas
471 652 539 687 ac
580 635 888 687 nebulones
933 636 1246 687 ostendunt.
1328 635 1571 702 [Quippe

65 725 187 778 uod
213 739 327 774 nec
363 721 728 786 periculosius
765 720 976 772 alicubi
1012 725 1245 784 erratur,
1280 735 1383 770 nec
1410 721 1573 786 peius

65 808 266 874 [iquid
313 807 642 870 inquiritur,
690 821 793 856 nec
840 804 974 870 quid
1017 805 1243 870 impium
1272 806 1455 870 *magis
1490 805 1573 852 in-

65 893 230 946 eniri
265 890 470 956 potest,
508 903 676 964 quam
710 891 807 941 ubi
844 887 1061 940 Christo
1100 905 1167 938 ac
1203 890 1416 939 sanctis
1454 888 1571 939 eius

66 977 331 1040 luditur,
401 960 482 1025 etv
524 975 766 1042 ecclesie
824 974 1079 1024 doctores
1140 977 1572 1024 contemnuntur.

65 1061 404 1130 tuapropter
436 1062 666 1110 sanctus
689 1058 900 1109 Paulus
937 1057 1010 1108 ad
1030 1057 1362 1122 Corynthios
1397 1058 1571 1125 prime

65 1163 168 1212 ap.
212 1159 282 1192 11.
322 1142 592 1194 Animalis
632 1141 856 1212 ¹(inquit)
893 1140 1052 1192 homo
1089 1157 1197 1192 non
1230 1143 1471 1207 percipit
1508 1159 1574 1193 ea

71 1249 155 1299 ue
205 1230 348 1278 sunt·
391 1227 619 1290 spiritus
674 1225 806 1291 dei]
876 1217 933 1276 (I
980 1226 1235 1277 Ceterum
1288 1241 1459 1290 ⁴quum
1504 1226 1573 1276 ad

72 1318 300 1367 estrum
347 1309 532 1360 scelus
577 1324 646 1359 ac
691 1309 1006 1374 nequiciam
1050 1325 1244 1375 parum
1291 1315 1390 1361 aut
1433 1310 1573 1360 nihil

65 1403 133 1452 ut
184 1395 553 1448 sacrosancta
599 1392 758 1444 sedes
801 1395 1111 1458 apostolica
1145 1393 1407 1460 testatur)
1446 1393 1577 1444 addi

74 1483 250 1546 ossit,
286 1494 386 1530 vos
423 1477 767 1528 detestentur
804 1491 993 1528 omnes
1029 1493 1255 1530 necesse
1283 1483 1383 1530 est.
1422 1478 1573 1529 Satis

73 1572 204 1620 nim
242 1561 553 1630 experrecti
579 1577 772 1612 sumus
807 1563 868 1612 in
900 1564 1107 1614 tuenda
1142 1563 1379 1630 ecclesie
1400 1564 1575 1614 bona—

69 1665 286 1714 umque
343 1647 544 1697 artium
597 1646 915 1712 republica,
974 1647 1111 1697 licet
1166 1643 1575 1698 cruentissimos

66 1739 244 1800 ’estre
293 1731 622 1782 temeritatis
680 1745 746 1780 ac
815 1730 1055 1798 stultitie
1113 1731 1305 1782 dentes
1362 1729 1575 1782 evitare

65 1837 164 1872 ion
201 1817 492 1882 possimus,
516 1812 767 1864 Audacia
803 1817 991 1864 tamen
1024 1818 1215 1865 vestra
1244 1829 1358 1865 non
1388 1814 1578 1865 vincet

65 1903 246 1955 :tudia
281 1903 486 1949 nostra.
557 1897 920 1963 Gymnasium
958 1891 1107 1948 certe
1142 1899 1248 1949 hoc
1295 1901 1381 1949 est
1416 1913 1575 1966 sacre

65 1983 336 2051 heologie
387 1986 442 2032 et
482 1982 644 2032 bonis
682 1981 913 2046 arttibus
951 1980 1237 2033 admodum
1273 1997 1575 2032 accommo·
1600 1981 1685 2034 εδδ

65 2075 268 2123 iatum.
317 2067 427 2116 Hic
463 2078 744 2116 sacrorum
782 2081 1071 2129 canonum,
1108 2067 1357 2135 iurisque
1395 2066 1578 2116 civilis

65 2157 354 2217 naiestas,
399 2151 510 2200 Hie
543 2150 922 2214 Hypocrates‚
965 2149 1339 2220 Aesculapius
1378 2153 1434 2202 et
1468 2151 1577 2201 Ga-

65 2245 222 2292 [enus
257 2235 486 2286 ‘scholas
533 2235 755 2286 habent.
797 2231 808 2300 Ι
845 2233 987 2284 Sunt
1033 2247 1249 2300 quoque
1298 2234 1443 2300 apud
1478 2250 1577 2285 nos
1601 2231 1691 2287 tub

65 2322 294 2392 egregia
337 2319 795 2370 scholasticorum
843 2319 1266 2385 conventicula,
1315 2324 1444 2369 sunt
1486 2318 1577 2369 do·

65 2409 428 2461 ctissimorum
463 2403 702 2454 virorum
740 2404 911 2470 chori,
950 2407 1079 2454 sunt
1109 2403 1451 2476 diversarum
1473 2403 1579 2454 lin-

65 2505 297 2560 guarum
329 2488 678 2538 disertissimi
711 2489 1072 2553 interpretes,
1110 2489 1167 2538 in
1204 2488 1404 2552 quibus
1441 2489 1579 2538 mira

67 2575 422 2628 scientiarum
473 2571 721 2624 varietas
776 2576 832 2622 et
886 2573 1153 2623 immensa
1206 2572 1579 2624 doctrinarum

68 2663 226 2727 viget
257 2655 596 2720 fecunditas,
641 2655 754 2705 Hic
797 2654 995 2706 ducum
1042 2657 1407 2722 comitumque
1451 2655 1579 2706 illu-

74 2742 460 2798 strissimorum
495 2756 604 2791 non
635 2738 884 2806 vulgaris
923 2738 1177 2805 eruditio,
1213 2741 1322 2792 Hic
1355 2741 1581 2806 profun-
