1942 3109
246 239 314 290 48
383 253 764 289 ΡΒΡΕΒῙΟΟΒΠῙ
789 252 1029 290 munus.
1044 253 1264 290 conum
1288 253 1491 290 rums.
1506 255 1559 290 0.
1574 255 1628 290 V.
1640 256 1764 292 BP?-

247 358 602 422 opinionibus
626 359 742 408 suis
767 359 972 424 recepi,
1012 373 1151 422 quas
1176 359 1343 408 etiam
1365 358 1495 424 legi.
1542 360 1765 411 invenio

246 443 418 508 igitur
455 443 688 494 consilia
721 443 1109 494 universitatis
1135 442 1502 506 coloniensis,
1534 443 1767 510 Mogun-

245 528 482 578 tinensis
527 533 586 578 et
629 527 875 594 heretice
921 528 1223 592 pravitatis
1258 528 1607 591 inquisitoris
1642 545 1767 582 esse

249 612 581 676 conformia,
629 625 736 679 que
773 612 942 663 etiam
978 627 1318 678 summopere
1352 613 1490 662 mihi
1524 613 1767 678 placent,
1850 653 1856 658 .

251 701 308 748 et
340 698 634 764 negocium
667 696 772 748 hoc
807 697 950 746 satis
988 695 1273 746 laudabile
1309 696 1524 747 iudico:
1560 697 1763 762 Nempe

247 781 394 846 quod
440 796 627 832 omnes
670 780 962 848 Iudeorum
1015 781 1187 831 libros
1240 780 1619 845 cuiuscunque
1665 797 1764 832 no-

247 866 410 914 minis
447 865 682 928 fuerint,
731 864 801 913 ad
836 868 964 914 tuas
1001 880 1197 915 manus
1233 864 1501 930 recipias,
1551 865 1767 917 solenni

247 949 652 1014 protestatione
665 987 680 1013 ‚
729 949 1181 1013 quemadmodum
1219 947 1513 1000 consilium
1545 951 1764 1001 univer·-

248 1035 436 1086 sitatis
485 1033 834 1086 coloniensis
893 1034 1131 1098 indicat,
1192 1037 1249 1084 et
1299 1037 1363 1083 ut
1421 1033 1583 1102 docte
1638 1051 1765 1085 con-

247 1123 576 1182 stantesque
611 1133 848 1185 persone
895 1119 953 1167 in
998 1122 1235 1181 utraque
1282 1118 1479 1184 lingua
1522 1123 1635 1168 tam
1679 1119 1769 1167 la·

248 1204 372 1253 tina
407 1217 574 1268 quam
609 1203 818 1270 hebrea
855 1202 926 1253 ad
959 1202 1067 1253 hoc
1102 1201 1452 1267 ordinentur,
1491 1203 1659 1254 libros
1696 1217 1771 1254 ac

247 1288 454 1340 veteris
478 1289 804 1340 testamenti
823 1291 1039 1338 textum
1063 1288 1228 1351 quasi
1243 1303 1463 1338 suorum
1483 1287 1770 1338 doctorum

249 1374 420 1424 libros
475 1373 812 1423 examinare.
903 1371 1050 1433 Quia
1102 1372 1272 1437 igitur
1322 1375 1507 1422 textus
1558 1373 1768 1422 veteris

247 1456 570 1506 testamenti
623 1452 1101 1520 (quemadmodum
1154 1456 1491 1506 consultatio
1534 1455 1768 1521 Mogun-

250 1541 367 1590 tina
403 1537 636 1602 indicat)
679 1553 777 1602 per
811 1552 938 1588 suos
974 1532 1221 1590 Rabinos
1260 1545 1315 1591 et
1350 1539 1600 1592 doctores
1636 1545 1777 1592 sunt

249 1625 492 1690 corrupti
529 1626 586 1674 et
618 1623 677 1671 in
713 1622 1067 1687 opprobrium
1101 1623 1231 1676 fidei
1264 1625 1567 1692 christiane
1603 1625 1774 1676 alitor

247 1709 514 1774 expositi,
575 1706 939 1758 laborandum
986 1712 1073 1759 est
1117 1709 1313 1773 quales
1361 1709 1495 1760 libri
1538 1711 1622 1760 eis
1658 1710 1775 1760 sint

244 1793 557 1846 dimittendi
610 1792 702 1844 vel
741 1792 1046 1845 auferendi.
1115 1793 1357 1844 Possunt
1398 1793 1569 1844 etiam
1610 1793 1779 1861 Iudei

244 1878 441 1930 vocari
475 1882 532 1928 et
567 1876 635 1928 de
659 1876 765 1927 hoc
791 1877 1117 1928 examinari.
1172 1877 1281 1929 Sed
1304 1879 1355 1929 si
1376 1878 1435 1928 in
1460 1892 1561 1928 suo
1586 1894 1777 1930 errore

249 1967 306 2014 et
341 1964 602 2028 opinione
646 1977 1007 2029 perseverare
1041 1961 1244 2027 velint,
1289 1965 1423 2012 tunc
1466 1961 1629 2013 decet
1666 1961 1779 2030 Oe-

247 2065 469 2102 saroam
503 2051 858 2101 maiestatem
891 2047 1025 2099 dare
1062 2061 1286 2114 operam
1333 2042 1406 2109 (si
1450 2047 1595 2098 tales
1638 2046 1783 2098 libri

245 2135 436 2198 aliquo
471 2139 640 2198 pacto
676 2134 845 2184 utiles
883 2128 1353 2195 existimarentur)
1389 2133 1455 2180 ut
1487 2130 1779 2196 deponan-

245 2221 335 2266 tur
368 2232 541 2280 penes
567 2215 916 2264 Christianos
950 2217 1219 2280 prelatos,
1256 2214 1403 2278 quod
1436 2217 1487 2266 si
1517 2215 1781 2280 inutiles,

244 2304 308 2350 ut
343 2299 616 2350 tollantur
651 2301 708 2348 et
743 2296 1151 2348 comburantur.
1223 2299 1465 2350 Tantum
1502 2303 1591 2350 est
1624 2301 1783 2364 quod

247 2401 314 2435 ex
348 2385 454 2436 hoc
487 2382 721 2448 negocio
760 2397 960 2446 capere
996 2397 1235 2449 possum,
1272 2400 1375 2436 nec
1408 2384 1783 2451 imperatorie

243 2469 534 2520 maiestati
555 2471 792 2519 mentem
813 2483 991 2519 meam
1018 2467 1222 2533 celare,
1257 2469 1541 2520 humiliter
1564 2484 1783 2534 rogans

244 2553 398 2600 tuam
445 2550 742 2617 cesaream
794 2554 1173 2615 maiestatem,
1230 2557 1295 2603 ut
1338 2552 1625 2604 Serenitas
1672 2557 1784 2604 tua

243 2633 384 2683 velit
407 2632 736 2697 deliberare,
775 2638 832 2684 et
855 2650 961 2700 quo
986 2636 1277 2701 negocium
1311 2636 1418 2686 hoc
1450 2635 1785 2688 iamdudum

245 2717 529 2782 inceptum
587 2715 905 2780 perficiatur
971 2734 1078 2772 nec
1136 2721 1438 2771 omittatur.
1530 2720 1593 2770 in
1662 2721 1789 2772 hoc
