1942 3109
541 242 607 287 45.
631 247 906 286 manuus
933 247 1291 286 ansanum.
1596 233 1699 288 299

169 361 296 408 tum
339 356 404 405 in
448 368 627 406 vacuo
671 357 922 406 movetur
961 353 1021 404 in
1064 354 1315 405 instanti.
1382 355 1567 406 Etiam
1601 355 1697 407 Al-

169 442 414 506 bertiste
469 438 662 490 dicunt
705 437 850 502 quod
885 438 1126 490 Galaxia.
1172 443 1259 490 est
1302 443 1501 507 nature
1548 439 1695 508 cele-

171 528 314 588 stis3
353 524 639 591 Themiste
677 522 866 574 dicunt
900 524 1045 589 quod
1080 524 1321 577 Galaxis.
1368 529 1455 577 est
1496 529 1695 593 nature

177 611 554 662 elementaris.
615 608 723 660 Sed
756 625 865 661 non
898 611 1128 661 multum
1162 611 1334 662 refert
1367 611 1451 661 sic
1484 611 1577 662 vel
1610 613 1695 662 sic

172 701 395 759 tenere,
433 694 561 745 dum
595 695 752 746 modo
787 697 862 746 sit
897 696 1101 760 aliquis
1136 695 1441 759 Antiquae:
1478 700 1535 747 et
1566 697 1695 747 volo

169 781 323 848 quod
369 782 480 832 iste
524 781 744 832 iuvenis
793 779 1047 831 comedat
1089 781 1149 830 in
1190 781 1383 848 bursa,
1442 785 1499 832 et
1551 781 1695 845 quod

166 867 414 920 teneatis
475 881 598 916 eum
649 867 750 916 sub
801 866 1014 930 rigore,
1074 880 1143 917 nc
1202 870 1391 918 currat
1448 867 1691 919 exterius

169 952 392 1019 quando
439 950 549 1002 sibi
593 949 798 1015 placet.
878 947 952 998 Et
1000 949 1219 1013 quando
1264 952 1407 1000 facit
1448 953 1693 1015 aliquem

175 1051 488 1099 excessum,
540 1033 685 1085 detis
723 1034 776 1084 ei
811 1032 1180 1098 disciplinam.
1254 1034 1400 1098 Quia
1436 1035 1694 1086 scribitur

166 1121 596 1174 Proverbiorum
634 1133 820 1169 ,χχιιι
859 1117 1025 1182 „Noli
1070 1118 1393 1184 subtrahere
1443 1134 1478 1169 a
1522 1133 1692 1185 puero

168 1206 558 1274 disciplinamt
595 1204 644 1254 si
679 1203 1023 1270 percusseris
1060 1219 1183 1254 eum
1214 1204 1399 1270 virga,
1434 1219 1546 1256 non
1580 1219 1693 1256 mo-

168 1293 362 1342 rietur.
423 1291 510 1340 Tu
533 1289 692 1354 virga
716 1289 998 1355 percuties
1026 1305 1175 1355 eum,
1214 1293 1271 1341 et
1295 1291 1535 1341 animam
1572 1290 1691 1342 eius

169 1377 244 1426 de
275 1377 502 1428 Inferno
537 1374 862 1426 liberabis”.
919 1374 995 1424 Et
1028 1376 1271 1425 teneatis
1308 1391 1431 1426 eum
1464 1377 1525 1426 in
1562 1392 1688 1427 con-

173 1459 464 1513 suetudine
505 1459 649 1524 quod
683 1475 897 1526 semper
931 1461 1108 1511 intrat
1130 1460 1535 1526 disputationes
1562 1462 1689 1514 bur-

167 1547 349 1612 sales‚
388 1549 448 1598 ct
481 1545 634 1610 quod.
657 1561 766 1596 non
799 1546 998 1598 visitat
1032 1546 1305 1599 lectiones
1344 1545 1561 1614 cesarii
1594 1549 1685 1601 vel

165 1635 410 1686 aliorum
433 1634 732 1695 poetarum.
793 1631 1021 1683 Gaudeo
1049 1632 1192 1696 quod
1217 1634 1523 1697 scripsistis
1550 1634 1687 1684 mihi

166 1717 320 1784 quod
357 1713 627 1766 Buschius
669 1733 780 1768 non
824 1719 908 1766 est
953 1716 1189 1780 amplius
1235 1716 1509 1782 Coloniae,
1556 1718 1687 1783 quia

165 1805 294 1869 ipse
340 1801 452 1852 fuit
493 1816 748 1868 magnum
796 1801 1241 1866 impedimentum
1285 1802 1685 1866 universitatis,

172 1887 444 1938 seducens
479 1887 769 1952 supposita
808 1901 927 1936 cum
965 1901 1069 1935 sua
1102 1886 1338 1952 poetria.
1410 1886 1551 1938 Sunt
1594 1888 1687 1940 hic

172 1971 346 2024 etiam
387 1971 494 2023 duo
537 1975 730 2038 poete,
777 1972 1041 2023 Eobanus
1086 1972 1299 2021 Hessus
1345 1974 1402 2021 et
1434 1971 1686 2023 Petreius

167 2041 556 2123 Aperbschus,
595 2057 689 2121 qui
725 2059 855 2106 sunt
887 2054 1101 2104 inimici
1132 2055 1269 2104 mei=
1306 2053 1405 2104 sed
1440 2071 1541 2120 ego
1576 2071 1687 2106 non

173 2157 304 2192 curo
339 2157 450 2192 eos.
522 2141 852 2205 Ubicunque
885 2140 1078 2192 vident
1110 2155 1225 2203 me,
1272 2138 1572 2204 loquuntur
1618 2141 1685 2194 de

174 2241 347 2276 causa
377 2227 646 2278 Iohannis
680 2225 982 2291 Reuchlin,
1033 2229 1091 2277 et
1124 2225 1261 2276 dant
1296 2226 1349 2277 ei
1382 2228 1592 2278 rectum
1630 2233 1685 2278 et

167 2311 543 2376 obloquuntur
568 2311 894 2377 Theologis=
931 2328 1033 2378 ego
1060 2315 1243 2364 autem
1267 2315 1454 2377 taceo,
1494 2327 1681 2376 quam-

163 2400 250 2450 vis
286 2413 463 2463 nuper
497 2395 641 2446 dixi:
687 2394 979 2448 ‘Iohannes
1014 2397 1364 2448 Pfefferkorn
1399 2396 1541 2446 bene
1578 2399 1686 2448 scit

169 2483 224 2533 ei
257 2482 442 2533 dicere
481 2481 664 2545 qualis
701 2483 822 2532 est’:
864 2486 920 2533 et
943 2481 1161 2534 ostendi
1184 2481 1265 2532 eis
1288 2480 1486 2531 librum
1511 2481 1684 2546 ipsius

167 2567 267 2632 qui
314 2565 637 2618 intitulatur
681 2565 966 2618 ‘Defensio
1020 2567 1283 2618 Iohannis
1337 2565 1683 2617 Pfcfferkorn

167 2654 366 2704 contra
412 2652 718 2714 Famosas'‚
777 2654 834 2701 et
887 2653 970 2699 sic
1026 2651 1195 2702 abivi.
1272 2650 1385 2700 Det
1436 2650 1684 2700 dominus

165 2738 332 2800 deus,
372 2734 520 2798 quod
545 2735 824 2785 sententia
854 2732 1027 2784 vadat
1059 2749 1156 2798 pro
1191 2733 1374 2793 vobiS,
1414 2730 1556 2778 alias
1590 2731 1688 2778 isti
