1942 3109
249 236 346 288 132
394 251 776 290 rsrsnreonm
797 253 1037 290 narnus.
1058 252 1276 290 con-rsa
1300 253 1507 289 suros.
1523 256 1577 291 o.
1592 257 1792 295 marr.

245 356 505 408 sacerdos
542 359 602 408 in
637 359 981 409 sermonibus
1018 359 1132 410 suis
1168 357 1501 408 medicinam
1532 361 1787 428 allegare

247 447 439 508 posset
475 451 550 494 .et
575 459 621 493 c.

738 581 912 632 Nota
952 579 1282 632 Secundo.

353 689 405 748 ‘l'
449 701 553 751 Est
606 705 662 751 et
717 700 871 750 aliud
927 698 1021 764 (de
1076 713 1185 763 quo
1241 701 1430 750 statim
1488 702 1664 754 facta
1712 711 1792 757 est

245 785 477 850 mentio)
514 785 639 837 leve
677 785 950 849 quoddam
988 784 1277 849 cavillum,
1318 799 1427 850 quo
1451 785 1784 840 Reuchlini-

245 873 330 919 ste
379 869 604 933 quidam
649 871 744 920 diu
787 872 1129 935 multumque
1185 869 1572 936 tripudiarunt
1636 891 1785 926 suum

246 958 540 1019 patronum
563 955 828 1006 Ioannem
851 955 1128 1007 Reuchlin
1152 955 1536 1021 imprudenter
1558 963 1780 1010 secuti:

109 1019 230 1086 8ῑῇ
251 1039 692 1093 Susurraverunt
728 1040 984 1106 equidem
1008 1045 1067 1092 et
1089 1043 1209 1106 ipse
1235 1041 1291 1089 in
1316 1042 1514 1104 primis
1540 1016 1786 1095 Oculare

245 1139 404 1175 suum
439 1126 726 1190 speculum
761 1141 860 1190 per
903 1129 1123 1177 nostros
1168 1125 1550 1192 frustulatim,
1592 1133 1647 1176 et
1692 1127 1785 1189 (ut

245 1210 424 1274 ipsius
459 1211 645 1262 verbis
681 1209 844 1276 utar).
866 1214 1185 1261 truncatum
1220 1214 1279 1260 et
1312 1210 1636 1262 mutilatum
1658 1210 1786 1262 dolo

246 1294 394 1345 malo
430 1296 892 1347 universitatibus
928 1298 1182 1359 missum,
1221 1309 1329 1360 quo
1354 1295 1595 1346 facilius
1624 1311 1787 1361 quos-

245 1378 386 1430 libet
444 1379 699 1430 doctores
757 1381 816 1430 in
875 1395 1033 1430 suam
1090 1381 1406 1444 opinionem
1471 1379 1788 1432 traherent.

243 1462 684 1513 Fundamentum
727 1481 860 1514 vero
905 1466 1070 1514 istius
1108 1465 1442 1515 obiectionis
1480 1480 1551 1515 ex
1588 1483 1662 1517 eo
1698 1482 1785 1517 so·

245 1546 358 1596 lum
393 1546 598 1597 elicere
637 1548 828 1597 conati
865 1551 1021 1612 sunt,
1061 1548 1206 1611 quod
1230 1550 1641 1602 universitates
1668 1554 1787 1618 ipse

243 1631 302 1679 in
327 1631 441 1681 suis
467 1633 762 1683 sententiis
785 1646 950 1697 super
976 1647 1203 1684 numero
1227 1633 1493 1685 foliorum
1520 1633 1788 1686 Ocularis

243 1716 461 1782 speculi
499 1733 608 1768 non
646 1716 1003 1770 concordant.
1074 1716 1431 1783 Respondeo‚
1476 1719 1541 1768 in
1576 1722 1791 1770 exscri-

246 1803 442 1854 bendis
479 1804 888 1870 exemplaribus
923 1819 1035 1854 non
1069 1817 1231 1868 posse
1267 1817 1449 1867 neque
1488 1805 1664 1854 etiam
1684 1819 1791 1854 ne-

246 1889 549 1938 cessarium
603 1903 728 1939 esse
785 1885 1041 1952 (maxime
1087 1888 1184 1938 ubi
1229 1887 1438 1938 diversi
1482 1889 1605 1938 sint
1653 1891 1795 1941 scri-

243 1972 455 2040 ptores)
483 1989 766 2027 numerum
790 1974 1050 2025 foliorum
1076 1973 1391 2024 observare.
1444 1961 1496 2020 (I
1525 1972 1797 2026 Ceterum

245 2064 308 2109 ut
341 2060 556 2126 puerile
592 2062 698 2112 hoc
735 2061 1014 2123 omittam,
1050 2057 1417 2110 Adversarius
1453 2062 1655 2110 noster
1692 2077 1795 2113 seu

244 2147 428 2209 potius
463 2147 522 2194 in
559 2144 781 2194 Christo
819 2145 1030 2193 amicus
1066 2143 1306 2194 Ioannes
1340 2143 1655 2210 Reucblin,
1704 2147 1799 2196 in·

243 2233 458 2293 tegrum
495 2227 720 2277 oculare
758 2240 916 2275 suum
959 2225 1246 2291 speculum
1282 2227 1800 2292 Parrhysiensibus

243 2313 422 2376 misit,
479 2311 762 2362 adiunctis
818 2311 990 2362 etiam
1050 2312 1301 2364 omnibus
1358 2314 1474 2365 suis
1522 2312 1800 2366 declara-

250 2397 523 2462 tionibus,
569 2396 990 2450 defensionibus
1026 2401 1085 2448 et
1118 2395 1173 2446 id
1210 2412 1383 2462 genus
1420 2397 1553 2447 aliis
1590 2402 1801 2463 armis,

244 2487 308 2531 ut
339 2483 518 2546 ipsius
557 2482 628 2532 ad
662 2483 765 2535 illa
802 2486 1047 2534 testatur
1072 2481 1329 2547 epistola.
1390 2481 1618 2532 Adiecit
1644 2498 1796 2548 quo·

246 2579 354 2626 que
393 2569 450 2614 et
483 2564 584 2614 has
621 2582 818 2629 preces
845 2567 975 2632 oEgo
1012 2564 1239 2630 (inquit)
1278 2569 1797 2631 quantum,potero

244 2646 526 2697 humilime
581 2653 740 2711 peto,
795 2654 857 2698 ut
911 2663 997 2700 me
1055 2650 1332 2699 facturam
1376 2653 1625 2700 vestram
1676 2667 1801 2703 non

246 2729 573 2793 destruatis,
611 2745 790 2794 neque
825 2731 894 2782 de
929 2735 1135 2796 gremio
1162 2736 1219 2784 ct
1241 2732 1309 2782 de
1336 2746 1563 2798 corpore
1588 2739 1803 2788 vestro
