1942 3109
269 221 338 274 88
529 231 826 290 nrm-ronst-
857 229 1229 270 onscvnonvu
1262 231 1537 268 vmonvu.
1594 211 1599 217 ”

271 342 575 406 scriptura,
618 342 677 389 in
721 338 1103 406 philosophia,
1168 342 1225 388 et
1268 338 1325 386 in
1369 337 1583 401 logica,
1634 339 1691 386 et
1732 335 1793 383 in

269 427 437 476 Petro
481 427 761 490 Hispano,
809 439 1027 476 necnon
1072 422 1294 488 quidam
1335 435 1629 488 processus
1668 437 1790 474 ma-

269 511 521 575 gistralis
557 509 625 560 de
662 508 896 560 Colonia
931 509 999 560 de
1034 509 1203 560 bursa
1237 507 1552 572 Laurentii,
1584 506 1684 556 ubi
1706 521 1792 556 re-

269 596 354 660 git
388 599 522 646 actu
556 596 821 660 magister
863 598 1055 646 noster
1089 593 1447 658 Thungarus‚
1491 592 1584 643 vir
1623 590 1789 642 valde

271 680 490 731 zelosus
537 695 605 730 ac
641 677 942 744 profundus
978 679 1039 730 in
1074 677 1381 743 Theologia
1416 676 1789 742 speculativa,

273 768 330 814 et
363 764 714 814 illuminatus
750 765 807 813 in
843 763 947 813 fide
988 763 1287 813 catholica.
1362 763 1627 824 Quamvis
1666 761 1790 824 qui-

271 847 398 898 dam
441 847 632 899 doctor
675 849 734 898 in
779 847 897 898 iure
943 848 1066 898 vult
1110 863 1232 898 eum
1266 862 1499 910 vexare3
1550 846 1648 897 sed
1682 860 1793 896 non

271 935 358 984 est
391 931 642 983 formalis
676 929 735 982 in
780 928 1142 998 disputando,
1186 947 1289 982 nec
1337 929 1698 996 qualificatus
1734 931 1793 980 in

267 1016 432 1066 libris
467 1019 898 1068 sententiarum:
945 1017 1067 1068 idco
1115 1031 1225 1068 non
1272 1019 1472 1066 curant
1516 1031 1640 1066 eum
1674 1030 1791 1066 ma-

271 1102 433 1168 gistri
465 1102 662 1153 nostri.
732 1102 850 1153 Nec
884 1114 995 1154 non
1030 1102 1295 1170 precipue
1330 1101 1515 1165 audio,
1553 1099 1701 1164 quod
1736 1101 1794 1149 in

200 1180 206 1188 “
269 1185 526 1254 predicta.
569 1187 865 1251 liberaria,
920 1187 1018 1237 ubi
1074 1201 1325 1238 cursores
1369 1187 1429 1235 in
1484 1184 1791 1250 Theologia

271 1269 480 1320 habent
503 1285 678 1321 suum
721 1271 1099 1334 studitorium,
1150 1275 1237 1322 est
1270 1270 1479 1336 ligatus
1514 1270 1575 1320 in
1608 1270 1793 1320 ferrea

273 1358 476 1404 catena
519 1369 661 1405 unus
706 1354 850 1406 liber
893 1354 1061 1406 valde
1104 1355 1402 1419 notabilis,
1449 1354 1547 1420 qui
1589 1353 1793 1410 dicitur

198 1502 202 1506 λ
271 1437 799 1504 CombibilationeS,
837 1439 932 1504 qui
967 1439 1138 1490 etiam
1175 1440 1425 1494 continet
1460 1439 1791 1490 autoritates

269 1523 327 1572 in
363 1523 689 1588 Theologia‚
729 1527 784 1574 et
807 1525 987 1588 prima
1010 1523 1288 1590 principia
1312 1539 1471 1591 sacre
1496 1523 1790 1590 scripture,

271 1617 432 1672 quem
475 1607 634 1660 vobis
681 1599 896 1674 legavit
952 1621 1095 1659 unus
1154 1609 1421 1674 magister
1476 1611 1667 1659 noster
1724 1607 1791 1656 de

269 1692 558 1743 Parrhisia.
591 1693 650 1743 in
684 1694 876 1744 mortis
914 1693 1179 1758 articu10,
1233 1692 1449 1758 quando
1486 1693 1627 1743 fecit
1664 1707 1790 1743 con—

269 1776 572 1828 fessionem
619 1783 676 1828 et
718 1777 997 1830 revelavit
1042 1777 1279 1846 quedam
1324 1782 1543 1828 secreta
1588 1778 1649 1828 in
1682 1777 1791 1828 Bo·

267 1863 612 1913 naventura:
661 1867 717 1912 et
747 1847 1037 1913 mandavit
1081 1862 1228 1928 quod
1270 1878 1428 1913 nemo
1466 1861 1697 1914 deberet
1732 1864 1790 1912 in

269 1961 334 1996 eo
370 1947 554 2010 legere
594 1949 690 2011 qui
723 1961 833 1998 non
871 1949 1022 1998 esset
1056 1946 1123 1997 de
1159 1951 1344 1998 vestro
1382 1947 1603 1998 ordine:
1642 1951 1699 1998 et
1734 1947 1791 1997 in

265 2030 371 2080 hoc
414 2045 562 2096 papa
610 2031 761 2082 dedit
805 2031 1073 2096 quasdam
1116 2029 1493 2096 indulgentias
1540 2035 1599 2082 et
1633 2045 1790 2083 care-

267 2126 397 2166 nas:
435 2116 583 2182 apud
619 2131 781 2181 quem
815 2117 1019 2167 librum
1054 2118 1205 2166 iacet
1226 2117 1501 2167 Henricus
1538 2115 1607 2167 de
1642 2117 1791 2168 Has-

266 2200 352 2249 sia
389 2200 445 2250 et
478 2199 748 2265 VerneuS,
787 2205 843 2251 et
877 2217 1065 2252 omnes
1104 2201 1205 2252 alii
1240 2201 1495 2252 doctores
1530 2213 1699 2268 super
1723 2202 1790 2252 li-

264 2285 380 2334 bris
416 2285 846 2350 sententiarum,
892 2283 950 2336 in
988 2285 1189 2350 quibus
1227 2286 1477 2337 omnibus
1512 2288 1614 2337 ros
1652 2287 1789 2338 estis

264 2367 558 2433 fundatus,
607 2374 663 2420 et
718 2371 876 2422 scitis
929 2369 1227 2422 defendere
1275 2384 1488 2422 omnem
1532 2371 1687 2422 viam
1733 2374 1790 2420 in

265 2452 597 2518 disputando
633 2455 1015 2520 antiquorum,
1062 2456 1471 2520 modernorum,
1512 2454 1787 2507 Scotista·

263 2550 407 2601 rum,
453 2537 910 2604 Albertistarum‚
959 2545 1017 2590 et
1064 2539 1233 2590 etiam
1269 2540 1489 2592 illorum
1527 2541 1623 2605 qui
1658 2544 1791 2592 sunt

263 2620 331 2672 de
367 2625 524 2674 secta
560 2623 628 2684 de
663 2624 833 2676 bursa
857 2623 1057 2674 Kneck
1084 2627 1142 2674 in
1170 2623 1420 2690 Colonia,
1458 2625 1555 2691 ubi
1576 2624 1790 2678 habent

261 2709 541 2774 proprium
577 2723 912 2774 processum.
1018 2708 1123 2760 deo
1158 2725 1289 2775 rogo
1324 2725 1423 2762 vos
1462 2709 1789 2761 cordialiter
