1942 3109
228 202 329 253 414
455 216 853 253 nmsmomnvu
892 216 1261 254 onsovnonvu
1295 217 1551 256 vmonvu

229 326 360 373 sunt
395 339 483 387 ex,
518 322 676 374 modo
714 323 835 387 illa,
873 337 997 387 quae
1034 323 1355 391 scripsimus
1392 324 1450 373 in
1488 324 1755 392 chartam,

228 413 456 461 manent
477 410 537 459 in
569 408 992 460 aeternissimam
1018 409 1437 460 aeternitionem.
1484 410 1559 460 Et
1584 424 1753 475 quan-

231 495 300 547 do
336 495 586 545 homines
621 507 1019 558 nonnunquam
1042 493 1327 559 tergudem
1352 510 1509 545 suam
1532 500 1758 547 vertunt

233 596 366 647 erga
411 580 710 646 parietem,
769 582 827 629 et
869 580 1156 645 accipiunt
1201 580 1468 645 scriptum
1511 585 1756 633 nostrum

233 667 303 717 ad
350 666 569 729 videre,
625 668 762 715 tunc
807 664 950 714 bene
998 663 1182 715 solent
1226 664 1436 729 dic-ere,
1494 666 1634 717 eheu
1680 666 1754 717 O!

233 766 397 817 quam
441 752 617 802 bonus
664 751 751 801 vir
795 750 904 799 fuit
947 748 1083 813 iste,
1140 750 1236 813 qui
1279 747 1439 800 nobis
1485 750 1590 801 hoe.
1636 752 1758 802 eius

233 838 441 902 scripto
475 836 586 887 fuit
620 834 922 900 prosibilis.
976 834 1123 899 Ergo
1160 834 1359 899 putavi
1396 826 1758 887 consiliosum

234 921 380 987 quod
413 920 520 972 tibi
553 920 673 971 haeo
708 918 1033 987 significem,
1068 935 1138 971 ne
1174 934 1404 971 maneas
1430 919 1501 971 ad
1523 920 1758 987 domum,

233 1006 332 1058 sed
376 1006 546 1059 etiam
591 1004 804 1071 aliquid
847 1005 1093 1069 scribas,
1149 1008 1206 1055 et
1252 1006 1588 1071 concopules
1636 1023 1759 1058 eum

232 1092 506 1158 Epistolis
541 1092 649 1143 his.
699 1092 822 1143 Non
856 1091 1065 1156 poteris
1102 1090 1206 1141 tibi
1242 1090 1595 1156 persuadere,
1622 1105 1759 1155 quo-

233 1176 392 1228 modo
429 1180 492 1227 tu
527 1180 642 1229 tam
675 1191 933 1242 magnam
966 1174 1190 1227 laudem
1226 1176 1501 1241 aecipieS,
1538 1175 1759 1240 quando

234 1262 596 1331 huno-meum
633 1261 924 1327 eonsilium
959 1262 1239 1325 imitabis,
1274 1261 1402 1313 vale
1438 1262 1759 1338 benissimp.

971 1516 1021 1566 2.

219 1700 224 1703 .
314 1633 662 1701 Dolinus
705 1633 1127 1699 Maroenus
1170 1635 1686 1700 Aneretimus

455 1744 588 1791 ante
623 1737 813 1789 decem
849 1754 1025 1789 annos
1059 1739 1537 1792 Baooalaureatus

233 1828 292 1877 in
327 1826 520 1892 quieta
566 1824 915 1889 possessione
950 1824 1045 1875 vel
1082 1824 1251 1888 quasi'
1288 1824 1359 1875 ad
1402 1824 1507 1875 hoo
1542 1826 1763 1889 tempus

433 1910 715 1961 Domino
750 1909 1077 1975 Vullupio
1114 1910 1553 1961 Timanereto

638 1996 908 2061 Magistro
937 1993 1353 2061 Theologistioo

503 2084 662 2148 optat
697 2096 856 2132 omne
889 2080 1033 2131 bene
1066 2080 1151 2131 ire
1188 2084 1248 2131 et
1279 2081 1501 2133 vehere.

333 2202 638 2264 Postquam
674 2198 846 2248 radiis
893 2198 1180 2249 oculorum
1212 2214 1457 2251 meorum
1492 2200 1768 2266 epistolas

233 2290 360 2337 tuas
396 2283 640 2352 perlegi,
674 2282 841 2335 valde
876 2298 962 2333 me
999 2285 1228 2349 gavisus
1265 2300 1411 2349 sum,
1460 2286 1594 2351 quia
1628 2285 1768 2349 vidi,

237 2370 384 2437 quod
420 2373 608 2422 noster
645 2370 857 2419 amicus
903 2370 1081 2419 bonus
1116 2369 1257 2421 velit
1301 2368 1368 2421 de
1404 2386 1548 2423 novo
1584 2370 1644 2419 in
1678 2369 1768 2421 Iu-

237 2472 356 2507 eem
392 2456 524 2506 dare
560 2453 756 2507 literas
780 2453 1004 2507 illorum
1032 2453 1325 2520 clarorum,
1348 2454 1442 2507 vel
1466 2458 1529 2504 ut
1551 2455 1768 2505 rectius

234 2540 436 2606 dicam,
471 2540 695 2589 minime
731 2548 841 2589 non
867 2538 1225 2589 obscurorum
1249 2540 1509 2590 virorum.
1546 2539 1771 2590 Tantus

237 2626 382 2677 enim
425 2626 484 2675 in
527 2622 644 2673 illis
690 2622 985 2673 thesaurus
1034 2622 1359 2675 eruditionis
1406 2629 1464 2675 et
1507 2624 1769 2675 humanae

235 2708 528 2774 sapientiae
572 2707 744 2771 latet,
789 2706 935 2771 quod
982 2706 1199 2771 quando
1235 2709 1359 2772 quis
1392 2708 1571 2769 vellet
1604 2708 1771 2761 illam
