1942 3109
455 227 589 262 von.
631 227 676 262 1.
757 223 842 263 17..
874 224 1123 260 10A1u11s
1158 225 1309 261 mrr.
1600 211 1669 263 49

119 331 376 381 versitate
420 335 554 380 sunt
604 333 764 382 sicut
812 331 1074 395 ligatura
1120 331 1177 379 in
1220 329 1391 381 libro:
1441 334 1571 395 quia
1617 335 1667 384 si

119 414 356 479 ligatura
387 431 502 465 non
530 421 712 479 esset,
752 421 898 466 tunc
925 414 1073 464 folia
1099 413 1359 466 caderent
1382 415 1663 482 hincinde,

122 503 176 548 et
208 500 256 549 si
291 503 506 550 statuta
543 517 666 551 non
704 504 922 564 essent,
959 503 1101 549 tunc
1136 513 1244 550 non
1270 505 1422 552 esset
1446 501 1577 552 ordo
1605 503 1664 552 111

118 583 516 649 un1versitate,
569 591 631 636 et
681 585 983 650 supposita
1020 588 1236 634 starent
1271 586 1329 634 in
1362 585 1659 651 discordia,

123 673 176 719 et
197 667 352 720 fieret
376 671 682 720 confusum
711 671 912 720 chaos:
953 685 1086 734 ergo
1111 668 1339 720 deberet
1364 685 1663 734 procurare

121 755 315 804 bonum
356 756 790 817 universitatiS,
840 755 991 804 sicut
1036 753 1269 804 fecisset
1314 759 1477 820 pater
1511 771 1661 806 suus.

125 839 272 888 Tunc
305 841 578 905 princeps
617 840 877 904 permisit
911 837 1023 888 sibi
1052 838 1405 902 persuadere,
1445 843 1501 890 et
1525 840 1665 890 dixit

126 923 264 986 quod
318 940 432 974 11011
487 927 687 989 potest
733 924 924 974 facere
978 925 1171 972 contra
1216 925 1662 988 universitatem,

128 1010 181 1056 et
215 1008 362 1072 quod
400 1007 636 1074 expedit
671 1007 797 1072 plus
837 1007 985 1071 quod
1021 1021 1163 1056 unus
1186 1007 1471 1072 relegatur
1496 1025 1663 1073 quam

130 1092 274 1154 quod
307 1095 433 1142 tota
467 1093 815 1142 universitas
849 1092 1069 1156 patitur
1092 1091 1433 1141 scandalum.
1486 1096 1545 1142 et
1568 1093 1665 1141 do-

129 1178 263 1226 mini
295 1178 554 1242 magistri
592 1178 820 1226 fuerunt
855 1176 1065 1240 optime
1104 1175 1380 1240 contenti,
1418 1179 1475 1228 et
1508 1176 1663 1228 dixe-

127 1265 280 1310 runt:
329 1259 592 1313 ‘Domine
641 1261 929 1326 princePS,
992 1259 1095 1310 deo
1144 1261 1357 1326 grat-ias
1403 1259 1469 1312 de
1514 1263 1663 1312 bona

128 1347 382 1398 iustitia’.
453 1347 536 1394 'Et
581 1349 765 1394 rector
812 1343 994 1394 affixit
1036 1359 1203 1393 unum
1246 1345 1571 1396 mandatum
1604 1347 1665 1394 in

125 1431 310 1480 valvis
351 1430 628 1496 ecclesie,
667 1427 811 1493 quod
835 1429 1291 1494 Esticampianus
1328 1433 1415 1479 est
1448 1429 1665 1494 relega-

127 1520 218 1565 tus
263 1514 340 1564 ad
375 1514 571 1564 decem
607 1529 799 1564 annos-J.
871 1517 928 1564 et
965 1511 1247 1564 auditores
1285 1515 1373 1564 sui
1406 1515 1666 1566 fecerunt

129 1600 308 1652 multa
354 1600 559 1660 verba,
608 1602 665 1649 et
710 1597 968 1648 dixerunt
1006 1597 1150 1661 quod
1184 1597 1391 1649 domini
1426 1598 1495 1650 de
1532 1615 1661 1649 oon-

130 1685 262 1734 silio
311 1685 572 1734 fecerunt
615 1682 875 1732 iniuriam
908 1681 1347 1748 Esticampiano.
1421 1683 1519 1734 sed
1552 1683 1666 1748 ipsi

127 1769 338 1820 domini
393 1767 655 1818 dixerunt
700 1766 844 1830 quod
896 1781 1009 1817 non
1055 1767 1267 1818 vellent
1312 1767 1447 1819 dare
1493 1782 1663 1818 unum

129 1853 356 1904 obulum
415 1869 517 1918 pro
577 1868 662 1902 eo.
748 1854 804 1901 et
849 1852 1031 1915 aliqui
1074 1851 1356 1902 domicelli
1404 1851 1664 1902 dixerunt

130 1938 281 2002 quod
305 1935 759 2006 ljlsticampianus
793 1935 972 1986 vellet
1006 1936 1171 1986 istam
1196 1935 1459 1986 iniuriam
1482 1935 1663 1988 vindi-

133 2039 288 2087 care,
327 2027 385 2074 et
417 2022 598 2074 vellet
647 2021 823 2070 citare
869 2021 1295 2071 universitatem
1332 2019 1401 2070 ad
1439 2019 1663 2072 Curiam

129 2108 448 2158 Romanam.
524 2107 682 2156 Tunc
723 2105 981 2170 mag-istri
1016 2105 1260 2155 riserunt
1296 2108 1352 2155 et
1375 2103 1659 2155 dixerunt:

135 2191 242 2241 ‘Ha
268 2191 396 2256 quid
415 2191 596 2242 vellet
623 2191 815 2242 facere
853 2189 961 2238 iste
988 2189 1288 2239 ribaldus?’
1348 2189 1421 2238 Et
1444 2187 1662 2241 debetis

135 2277 276 2327 scire
315 2276 459 2340 quod
494 2289 644 2324 nunc
681 2280 767 2326 est
803 2289 1011 2338 magna
1038 2273 1333 2324 concordia
1358 2273 1415 2322 111
1438 2275 1661 2325 univer-

139 2360 318 2410 sitate.
389 2359 464 2410 Et
495 2361 772 2425 magister
803 2358 1099 2408 Delitzsch
1133 2357 1275 2423 legit
1310 2359 1367 2408 in
1403 2363 1524 2409 arte
1560 2358 1661 2408 hu-

138 2445 435 2494 manitatis.
505 2445 581 2493 Et
627 2442 890 2492 similiter
933 2443 1205 2507 magister
1236 2443 1663 2508 Rotburgensis,

139 2529 231 2590 qui
279 2529 586 2594 composuit
630 2542 804 2576 unum
850 2525 1053 2574 librum
1100 2528 1244 2576 bene
1281 2528 1339 2575 in
1375 2527 1543 2592 triplo
1580 2527 1665 2574 ita*

135 2627 388 2676 magnum
423 2615 572 2664 sicut
609 2615 698 2663 est
732 2609 1005 2674 Virgilius
1032 2609 1089 2658 in
1112 2609 1364 2660 omnibus
1390 2613 1506 2660 suis
1530 2623 1661 2670 ope-

136 2695 301 2748 ribus.
369 2698 442 2748 Et
477 2697 674 2764 posuit
707 2693 887 2743 multa
909 2693 1063 2742 bona
1087 2693 1145 2739 in
1170 2691 1269 2738 illo
1292 2689 1458 2748 libro,
1496 2688 1671 2734 etiam

1332 2769 1366 2816 4
