1942 3109
166 201 288 238 ivm.
303 198 494 235 vnum.
509 195 750 234 navent..
769 195 989 232 sannen
1008 181 1207 232 tussi}
1222 197 1371 233 aevu
1386 197 1543 235 ome.
1596 183 1695 236 179

155 263 164 288 i

160 305 324 356 nobis
372 319 406 353 a
443 301 686 370 Cesarea
731 301 1032 357 Maiestate
1076 302 1395 368 impositum
1440 305 1695 370 turpissi-

161 391 270 441 mis
316 387 644 453 quibusdam
693 387 965 439 clarorum
1016 383 1102 451 (ut
1147 387 1266 453 ipse
1315 386 1419 453 ait)
1455 389 1693 439 virorum

162 475 423 541 epistolis
461 491 495 525 a
531 488 590 524 se
628 472 932 538 publicatis
978 473 1279 537 multisque
1324 472 1455 523 aliis
1500 471 1693 536 modis,

160 565 227 611 ut
263 561 321 610 in
355 559 650 611 summario
689 561 775 610 est
821 556 1052 624 dietum)
1102 558 1265 609 nimis
1310 556 1696 610 inobedienter

160 644 412 710 infregit.

269 721 322 780 Ε
367 729 760 795 Multiplioiter
804 731 976 796 igitur
1025 744 1093 780 ac
1139 729 1308 795 plane
1356 727 1565 780 erudeli
1612 729 1694 778 in-

155 817 426 867 iuriarum
451 815 790 866 contumelia
813 819 1179 882 provocatus,
1216 829 1417 866 novum
1442 813 1694 866 libellum

158 899 312 952 edidi
349 900 440 950 oui
485 899 685 950 titulus
721 899 1433 969 Campana-tormentalis,
1479 900 1539 950 in
1584 913 1694 962 quo

158 985 312 1036 sieut
344 985 403 1034 in
439 985 692 1035 omnibus
728 984 860 1036 aliis
895 986 1121 1052 scriptis
1154 1000 1243 1036 me
1278 984 1459 1036 obtuli
1490 983 1585 1036 vel
1621 983 1693 1034 ad

155 1083 362 1138 penam
397 1069 542 1136 ignis
581 1085 703 1120 cum
739 1069 1061 1122 adversario
1098 1071 1208 1121 iuri
1240 1073 1393 1121 stare
1427 1068 1595 1120 velle.

265 1145 319 1204 Ε
365 1153 602 1205 Silentio
645 1155 871 1206 tandem
924 1157 1085 1208 nobis
1132 1171 1167 1206 a
1214 1155 1565 1206 sanctissimo
1620 1153 1691 1204 ad

157 1246 377 1305 tempus
414 1239 700 1303 imposito,
736 1238 1103 1291 Athanasium
1136 1241 1257 1305 ipse
1294 1255 1451 1290 suum
1496 1238 1689 1303 edidit,

156 1327 220 1375 in
259 1324 417 1374 euius
451 1323 768 1391 prefatione
803 1327 946 1376 satis
984 1341 1244 1390 expresse
1279 1326 1341 1375 in
1374 1339 1477 1375 nos
1502 1339 1689 1376 omnes

157 1408 564 1460 contumeliose
590 1409 1002 1462 animadvertit.
1052 1409 1161 1461 Sed
1182 1410 1284 1462 illo
1300 1425 1449 1460 nune
1466 1410 1689 1473 omisso,
1754 1477 1757 1480 .

153 1511 332 1548 novus
387 1495 512 1546 sine
557 1499 788 1546 auctore
833 1495 1061 1548 libellus
1106 1495 1311 1561 prodiit
1354 1495 1687 1546 maledictus

153 1581 378 1646 quidem
437 1582 790 1647 omniumque
856 1583 1195 1632 famosorum
1261 1581 1687 1643 famosissimus,

156 1667 253 1716 cui
286 1664 484 1714 titulus
517 1665 774 1734 Epistole
809 1667 1167 1718 obscurorum
1208 1665 1477 1729 virorum,
1526 1665 1687 1716 euius

153 1751 398 1800 materia
431 1763 602 1812 quam
635 1750 712 1800 sit
745 1750 1026 1817 sacrilega
1058 1751 1199 1801 satis
1234 1750 1293 1800 in
1338 1749 1685 1817 precedenti-

152 1836 262 1886 bus
301 1838 388 1883 est
421 1832 778 1898 explicatum.

266 1908 319 1967 Ε
356 1916 626 1968 Obscuris
667 1919 860 1982 itaque
911 1921 1050 1972 viris
1106 1935 1229 1970 eum
1287 1935 1387 1970 sno
1442 1921 1683 1982 assecla,

152 2004 282 2072 plus
331 2017 504 2071 equo,
559 2005 622 2052 ut
665 2002 832 2066 paulo
879 2007 1009 2055 ante
1056 2003 1265 2054 dietum
1319 2006 1431 2066 est,
1491 2008 1685 2054 eontra

155 2089 528 2139 christianum
586 2101 788 2138 morem
855 2087 1295 2156 desevientibus,
1366 2103 1469 2153 ego
1538 2086 1685 2137 hane

154 2185 337 2224 meam
373 2169 751 2223 defensionem
786 2173 1006 2225 minime
1030 2175 1301 2226 famosam
1324 2173 1395 2224 ad
1417 2175 1685 2225 bonotum

153 2257 398 2311 omnium
444 2257 879 2324 instructionem·
913 2275 983 2308 ae
1029 2260 1137 2310 mei
1180 2259 1403 2310 tandem
1446 2258 1685 2310 nominis

152 2346 419 2396 honorem
457 2343 763 2407 composui,
799 2347 862 2393 ut
895 2347 1017 2394 tota
1052 2343 1449 2394 christianitas
1484 2359 1681 2408 perpe-

151 2436 252 2482 tuo
287 2429 537 2481 iudicare
573 2429 778 2495 possit,
826 2443 910 2480 me
947 2443 1163 2494 semper
1196 2431 1559 2495 provocatum
1594 2441 1680 2478 re-

151 2514 462 2581 spondisse.

769 2592 822 2651 Ε
855 2600 1067 2652 Finis.
1234 2599 1246 2666 Ι4

1274 2771 1373 2824 12*
