1942 3109
269 263 336 315 38
373 277 751 316 Pammenem
779 279 1019 316 narsus.
1045 278 1263 316 com-m
1288 277 1490 314 suros.
1518 279 1637 313 o.v.
1656 279 1777 314 nn’.

271 384 415 435 siliis
458 384 836 452 predictarum
882 385 1313 436 universitatum
1358 383 1653 433 conformis
1702 387 1783 433 est

272 469 722 533 quemadmodum
743 471 978 522 inferius
1003 471 1062 520 in
1100 469 1508 520 consultatione
1530 483 1780 518 reveren-

271 553 485 604 dissimi
507 555 635 606 luce
661 554 867 606 clarius
900 554 1200 606 videbitur.
1286 543 1338 602 (I
1372 550 1781 603 Heidelber-

270 655 514 704 genses
539 656 670 691 vero
698 641 1087 692 consultarunt
1106 639 1341 690 aliarum
1363 637 1785 688 universitatum

267 723 521 774 doctores
557 725 720 775 simul
755 741 880 775 esse
919 723 1325 787 convocandos,
1358 726 1421 772 ut
1456 721 1526 772 ad
1552 721 1785 788 ecclesie

270 808 531 858 honorem
565 812 622 859 et
647 808 1087 860 christifidelium
1112 806 1349 859 salutem
1374 807 1559 857 omnia
1596 809 1789 856 contra

269 890 470 959 Iudeos
517 891 818 944 salubriter
861 893 1099 943 tractari
1141 893 1375 956 possint.
1446 891 1521 940 Et
1564 890 1670 959 hec
1704 894 1790 941 est

269 991 480 1028 summa
505 979 934 1030 consultat-ionis
957 978 1195 1028 illorum.
1224 991 1391 1041 quam
1416 975 1634 1040 quidem
1659 990 1787 1025 con-

269 1062 628 1115 sultationem
675 1063 743 1114 de
785 1064 956 1116 verbo
1004 1061 1075 1112 ad
1107 1063 1335 1113 verbum
1371 1065 1427 1110 et
1463 1077 1531 1110 ex
1573 1061 1791 1126 integro

270 1146 362 1196 hic
406 1149 648 1200 inserere
695 1150 978 1199 omisimus
1028 1161 1092 1198 eo
1139 1145 1284 1210 quod
1329 1146 1388 1196 in
1423 1145 1569 1196 libro
1604 1149 1794 1195 nostro

271 1231 616 1284 Theutonico
652 1235 926 1300 integram
963 1231 1377 1284 collocavimus.
1406 1235 1513 1282 etc.

412 1375 465 1435 ([
511 1385 841 1437 Consulta
855 1387 951 1440 tio
1006 1384 1309 1436 venerandi
1366 1400 1437 1434 ac
1489 1384 1659 1436 bene—

408 1469 560 1520 docti
604 1470 676 1520 Ia
693 1486 721 1519 c
737 1471 848 1520 obi
891 1471 993 1521 Ho
1008 1470 1369 1520 chstraten
1412 1469 1659 1535 heretice

405 1553 703 1616 pravitatis
738 1554 997 1618 magistri
1033 1557 1227 1604 contra
1261 1552 1565 1604 immundos
1591 1553 1659 1602 li·

791 1637 921 1689 bros
955 1636 1263 1707 Iudeorum.

373 1737 658 1803 Obsequia
697 1743 752 1790 et
786 1739 987 1792 devota
1023 1739 1364 1791 salutatione
1388 1740 1663 1807 premissa
1690 1738 1805 1790 Re-

267 1822 507 1874 verendo
553 1825 614 1874 in
650 1823 870 1875 Christo
915 1828 1079 1889 pater
1126 1840 1193 1874 ac
1240 1823 1457 1876 domine
1505 1824 1805 1890 gratiosis-

269 1909 422 1958 sime.
495 1909 773 1976 imperiali
805 1909 1045 1960 iussioni
1080 1913 1137 1960 et
1170 1908 1446 1960 desiderio
1482 1911 1665 1976 gratie
1700 1923 1806 1959 ve-

134 1987 276 2056 aiijb
303 1998 415 2062 stre
443 2009 566 2046 cum
590 1995 783 2047 debita
817 1995 1134 2046 reverentia
1170 1994 1503 2044 satisfacere
1530 1993 1811 2060 culpiens,

265 2095 366 2145 pro
403 2085 466 2130 ut
497 2080 821 2146 inquisitori
854 2079 1103 2146 heretice
1138 2079 1440 2144 pravitatis
1467 2095 1501 2128 a
1526 2079 1645 2129 iure
1671 2093 1809 2146 pre-

267 2165 533 2227 scriptum
581 2168 694 2226 est,
748 2164 1005 2213 consului
1047 2164 1285 2214 maiores
1334 2165 1393 2213 in
1440 2163 1631 2214 divina
1669 2164 1809 2228 lege

267 2247 480 2311 pariter
529 2250 586 2296 et
618 2247 859 2296 humana
895 2245 1023 2311 lege
1056 2247 1207 2297 viros
1242 2247 1809 2316 precellentissimos.

270 2345 394 2380 cum
429 2344 557 2396 ergo
593 2345 718 2382 mea
755 2329 981 2380 exilitas
1017 2331 1079 2380 in
1115 2331 1347 2384 eandem
1385 2348 1507 2383 cum
1545 2333 1625 2382 eis
1666 2348 1811 2382 con-

270 2414 506 2463 currerit
541 2415 906 2482 sententiam,
943 2416 1277 2467 satisfacere
1312 2418 1448 2468 mihi
1480 2417 1661 2470 visum
1687 2417 1816 2468 fuit

267 2495 340 2544 ad
382 2499 822 2562 respondendum
866 2501 1270 2568 gratiosissime
1314 2506 1501 2570 vestre
1546 2503 1815 2567 paterni-

265 2580 399 2642 tati,
448 2581 497 2629 si
540 2598 626 2633 me
670 2583 910 2633 referam
955 2583 1027 2633 ad
1070 2584 1405 2634 sententiam
1449 2585 1815 2637 dominorum

267 2661 552 2714 doctorum
596 2665 663 2716 de
711 2669 903 2716 nostra
949 2668 1367 2736 preclarissima
1421 2670 1814 2721 universitate

269 2743 606 2800 Coloniensi.
681 2747 1095 2814 Supervacuum
1154 2753 1299 2804 enim
1356 2752 1491 2804 duxi
1545 2757 1815 2808 vestram
