<?xml version="1.0" encoding="UTF-8"?>
<!DOCTYPE html PUBLIC "-//W3C//DTD XHTML 1.0 Transitional//EN"
    "http://www.w3.org/TR/xhtml1/DTD/xhtml1-transitional.dtd">
<html xmlns="http://www.w3.org/1999/xhtml" xml:lang="en" lang="en">
 <head>
  <title>
</title>
<meta http-equiv="Content-Type" content="text/html;charset=utf-8" />
  <meta name='ocr-system' content='tesseract 3.04.00' />
  <meta name='ocr-capabilities' content='ocr_page ocr_carea ocr_par ocr_line ocrx_word'/>
</head>
<body>
  <div class='ocr_page' id='page_1' title='image "./epistolaeobscur00huttgoog_0561.png"; bbox 0 0 1942 3109; ppageno 0'>
   <div class='ocr_carea' id='block_1_1' title="bbox 178 239 1694 292">
    <p class='ocr_par' dir='ltr' id='par_1_1' title="bbox 178 239 1694 292">
     <span class='ocr_line' id='line_1_1' title="bbox 178 239 1694 292; baseline 0.001 -2"><span class='ocrx_word' id='word_1_1' title='bbox 178 239 276 290; x_wconf 89' lang='grc'>100</span> <span class='ocrx_word' id='word_1_2' title='bbox 312 251 690 290; x_wconf 72' lang='lat' dir='ltr'>rarnmcosm</span> <span class='ocrx_word' id='word_1_3' title='bbox 718 253 955 290; x_wconf 70' lang='lat' dir='ltr'>narnus.</span> <span class='ocrx_word' id='word_1_4' title='bbox 982 252 1202 290; x_wconf 63' lang='lat' dir='ltr'>com-na</span> <span class='ocrx_word' id='word_1_5' title='bbox 1226 252 1426 288; x_wconf 62' lang='lat' dir='ltr'>ramos.</span> <span class='ocrx_word' id='word_1_6' title='bbox 1445 251 1694 292; x_wconf 76' lang='lat' dir='ltr'>o.v.m›r.</span> 
     </span>
    </p>
   </div>
   <div class='ocr_carea' id='block_1_2' title="bbox 168 349 1737 2780">
    <p class='ocr_par' dir='ltr' id='par_1_2' title="bbox 168 349 1737 2780">
     <span class='ocr_line' id='line_1_2' title="bbox 173 349 1694 427; baseline 0 -17"><span class='ocrx_word' id='word_1_7' title='bbox 173 361 362 427; x_wconf 72' lang='lat' dir='ltr'>littere</span> <span class='ocrx_word' id='word_1_8' title='bbox 421 349 764 422; x_wconf 80' lang='lat' dir='ltr'>indicantur,</span> <span class='ocrx_word' id='word_1_9' title='bbox 823 361 1071 410; x_wconf 83' lang='lat' dir='ltr'>nostram</span> <span class='ocrx_word' id='word_1_10' title='bbox 1129 357 1366 426; x_wconf 80' lang='lat' dir='ltr'><strong>gratiam</strong></span> <span class='ocrx_word' id='word_1_11' title='bbox 1422 361 1480 408; x_wconf 91' lang='lat' dir='ltr'>et</span> <span class='ocrx_word' id='word_1_12' title='bbox 1537 370 1694 410; x_wconf 85' lang='lat' dir='ltr'>omne</span> 
     </span>
     <span class='ocr_line' id='line_1_3' title="bbox 175 437 1695 517; baseline -0.001 -21"><span class='ocrx_word' id='word_1_13' title='bbox 175 447 393 496; x_wconf 87' lang='lat' dir='ltr'>bonum.</span> <span class='ocrx_word' id='word_1_14' title='bbox 463 437 859 508; x_wconf 71' lang='lat' dir='ltr'>venerabiles,</span> <span class='ocrx_word' id='word_1_15' title='bbox 915 443 1194 507; x_wconf 74' lang='lat' dir='ltr'><strong>illustres,</strong></span> <span class='ocrx_word' id='word_1_16' title='bbox 1247 441 1401 493; x_wconf 83' lang='lat' dir='ltr'>chari</span> <span class='ocrx_word' id='word_1_17' title='bbox 1444 444 1695 517; x_wconf 82' lang='lat' dir='ltr'>nepotes,</span> 
     </span>
     <span class='ocr_line' id='line_1_4' title="bbox 176 524 1696 608; baseline -0.002 -27"><span class='ocrx_word' id='word_1_18' title='bbox 176 529 446 581; x_wconf 78' lang='lat' dir='ltr'>electores</span> <span class='ocrx_word' id='word_1_19' title='bbox 491 526 738 594; x_wconf 84' lang='lat' dir='ltr'>imperii,</span> <span class='ocrx_word' id='word_1_20' title='bbox 785 529 1099 608; x_wconf 85' lang='lat' dir='ltr'>principes,</span> <span class='ocrx_word' id='word_1_21' title='bbox 1156 524 1401 591; x_wconf 84' lang='lat' dir='ltr'>nobiles,</span> <span class='ocrx_word' id='word_1_22' title='bbox 1456 527 1696 592; x_wconf 86' lang='lat' dir='ltr'>honesti,</span> 
     </span>
     <span class='ocr_line' id='line_1_5' title="bbox 175 599 1695 680; baseline -0.003 -12"><span class='ocrx_word' id='word_1_23' title='bbox 175 615 362 668; x_wconf 82' lang='lat' dir='ltr'>devoti</span> <span class='ocrx_word' id='word_1_24' title='bbox 387 619 442 666; x_wconf 88' lang='lat' dir='ltr'>et</span> <span class='ocrx_word' id='word_1_25' title='bbox 468 615 622 665; x_wconf 81' lang='lat' dir='ltr'>chari</span> <span class='ocrx_word' id='word_1_26' title='bbox 656 609 928 678; x_wconf 87' lang='lat' dir='ltr'>nobisque</span> <span class='ocrx_word' id='word_1_27' title='bbox 965 613 1077 663; x_wconf 84' lang='lat' dir='ltr'>fidi.</span> <span class='ocrx_word' id='word_1_28' title='bbox 1146 599 1321 664; x_wconf 69' lang='lat' dir='ltr'>Nobis</span> <span class='ocrx_word' id='word_1_29' title='bbox 1358 615 1695 680; x_wconf 86' lang='lat' dir='ltr'>compertum</span> 
     </span>
     <span class='ocr_line' id='line_1_6' title="bbox 176 693 1737 764; baseline -0.002 -12"><span class='ocrx_word' id='word_1_30' title='bbox 176 706 264 752; x_wconf 87' lang='lat' dir='ltr'>est</span> <span class='ocrx_word' id='word_1_31' title='bbox 298 693 565 753; x_wconf 84' lang='lat' dir='ltr'>Ioannem</span> <span class='ocrx_word' id='word_1_32' title='bbox 599 696 876 750; x_wconf 85' lang='lat' dir='ltr'>Reuehlin</span> <span class='ocrx_word' id='word_1_33' title='bbox 910 699 1095 764; x_wconf 82' lang='lat' dir='ltr'>legum</span> <span class='ocrx_word' id='word_1_34' title='bbox 1132 693 1438 761; x_wconf 79' lang='lat' dir='ltr'>doctorem,</span> <span class='ocrx_word' id='word_1_35' title='bbox 1477 697 1698 762; x_wconf 84' lang='lat' dir='ltr'>aliquos</span> <span class='ocrx_word' id='word_1_36' title='bbox 1724 726 1737 733; x_wconf 95' lang='lat'><em>-</em></span> 
     </span>
     <span class='ocr_line' id='line_1_7' title="bbox 174 781 1693 849; baseline -0.003 -13"><span class='ocrx_word' id='word_1_37' title='bbox 174 785 400 838; x_wconf 87' lang='lat' dir='ltr'>libellos</span> <span class='ocrx_word' id='word_1_38' title='bbox 429 782 823 849; x_wconf 73' lang='lat' dir='ltr'>composuisse,</span> <span class='ocrx_word' id='word_1_39' title='bbox 847 781 1195 848; x_wconf 75' lang='lat' dir='ltr'>impressisse</span> <span class='ocrx_word' id='word_1_40' title='bbox 1223 796 1292 832; x_wconf 90' lang='lat' dir='ltr'>ac</span> <span class='ocrx_word' id='word_1_41' title='bbox 1315 781 1543 847; x_wconf 82' lang='lat' dir='ltr'>publice</span> <span class='ocrx_word' id='word_1_42' title='bbox 1564 798 1693 834; x_wconf 86' lang='lat' dir='ltr'>ven-</span> 
     </span>
     <span class='ocr_line' id='line_1_8' title="bbox 174 865 1690 933; baseline -0.003 -13"><span class='ocrx_word' id='word_1_43' title='bbox 174 869 409 932; x_wconf 81' lang='lat' dir='ltr'>didisse,</span> <span class='ocrx_word' id='word_1_44' title='bbox 471 870 640 933; x_wconf 84' lang='lat' dir='ltr'>atque</span> <span class='ocrx_word' id='word_1_45' title='bbox 688 869 965 931; x_wconf 77' lang='lat' dir='ltr'>emisisse,</span> <span class='ocrx_word' id='word_1_46' title='bbox 1028 866 1086 917; x_wconf 81' lang='lat' dir='ltr'>in</span> <span class='ocrx_word' id='word_1_47' title='bbox 1132 867 1331 930; x_wconf 85' lang='lat' dir='ltr'>quibus</span> <span class='ocrx_word' id='word_1_48' title='bbox 1382 865 1503 930; x_wconf 87' lang='lat' dir='ltr'>ipse</span> <span class='ocrx_word' id='word_1_49' title='bbox 1553 868 1690 916; x_wconf 87' lang='lat' dir='ltr'>inter</span> 
     </span>
     <span class='ocr_line' id='line_1_9' title="bbox 173 947 1693 1019; baseline -0.003 -15"><span class='ocrx_word' id='word_1_50' title='bbox 173 947 419 1019; x_wconf 81' lang='lat' dir='ltr'>reliquos</span> <span class='ocrx_word' id='word_1_51' title='bbox 461 951 626 1004; x_wconf 74' lang='lat' dir='ltr'>valde</span> <span class='ocrx_word' id='word_1_52' title='bbox 672 952 878 1004; x_wconf 84' lang='lat' dir='ltr'>multos</span> <span class='ocrx_word' id='word_1_53' title='bbox 926 951 1195 1004; x_wconf 75' lang='lat' dir='ltr'>articulos</span> <span class='ocrx_word' id='word_1_54' title='bbox 1242 952 1545 1016; x_wconf 81' lang='lat' dir='ltr'>expressit,</span> <span class='ocrx_word' id='word_1_55' title='bbox 1602 951 1693 1016; x_wconf 88' lang='lat' dir='ltr'>qui</span> 
     </span>
     <span class='ocr_line' id='line_1_10' title="bbox 176 1034 1692 1104; baseline -0.003 -15"><span class='ocrx_word' id='word_1_56' title='bbox 176 1040 518 1091; x_wconf 87' lang='lat' dir='ltr'>iudaicorum</span> <span class='ocrx_word' id='word_1_57' title='bbox 573 1034 840 1089; x_wconf 88' lang='lat' dir='ltr'>librorum</span> <span class='ocrx_word' id='word_1_58' title='bbox 897 1035 1131 1104; x_wconf 84' lang='lat' dir='ltr'>negocio</span> <span class='ocrx_word' id='word_1_59' title='bbox 1186 1035 1355 1087; x_wconf 82' lang='lat' dir='ltr'>utiles</span> <span class='ocrx_word' id='word_1_60' title='bbox 1404 1038 1461 1086; x_wconf 87' lang='lat' dir='ltr'>et</span> <span class='ocrx_word' id='word_1_61' title='bbox 1506 1037 1692 1103; x_wconf 77' lang='lat' dir='ltr'>nostre</span> 
     </span>
     <span class='ocr_line' id='line_1_11' title="bbox 180 1121 1686 1190; baseline -0.005 -16"><span class='ocrx_word' id='word_1_62' title='bbox 180 1123 482 1190; x_wconf 75' lang='lat' dir='ltr'>christiane</span> <span class='ocrx_word' id='word_1_63' title='bbox 527 1121 656 1172; x_wconf 89' lang='lat' dir='ltr'>fidei</span> <span class='ocrx_word' id='word_1_64' title='bbox 701 1123 760 1171; x_wconf 90' lang='lat' dir='ltr'>in</span> <span class='ocrx_word' id='word_1_65' title='bbox 818 1121 1212 1172; x_wconf 83' lang='lat' dir='ltr'>contumeliam</span> <span class='ocrx_word' id='word_1_66' title='bbox 1270 1135 1393 1172; x_wconf 85' lang='lat' dir='ltr'>esse</span> <span class='ocrx_word' id='word_1_67' title='bbox 1448 1123 1686 1186; x_wconf 80' lang='lat' dir='ltr'>possent,</span> 
     </span>
     <span class='ocr_line' id='line_1_12' title="bbox 178 1202 1689 1275; baseline -0.002 -18"><span class='ocrx_word' id='word_1_68' title='bbox 178 1212 404 1274; x_wconf 86' lang='lat' dir='ltr'>propter</span> <span class='ocrx_word' id='word_1_69' title='bbox 451 1221 588 1272; x_wconf 90' lang='lat' dir='ltr'>quos</span> <span class='ocrx_word' id='word_1_70' title='bbox 635 1205 794 1275; x_wconf 77' lang='lat' dir='ltr'>Iudei</span> <span class='ocrx_word' id='word_1_71' title='bbox 850 1221 961 1257; x_wconf 87' lang='lat' dir='ltr'>non</span> <span class='ocrx_word' id='word_1_72' title='bbox 1006 1203 1185 1257; x_wconf 83' lang='lat' dir='ltr'>solum</span> <span class='ocrx_word' id='word_1_73' title='bbox 1244 1202 1303 1256; x_wconf 77' lang='lat' dir='ltr'>ixi</span> <span class='ocrx_word' id='word_1_74' title='bbox 1361 1216 1465 1256; x_wconf 79' lang='lat' dir='ltr'>sua</span> <span class='ocrx_word' id='word_1_75' title='bbox 1524 1204 1689 1255; x_wconf 86' lang='lat' dir='ltr'>obsti-</span> 
     </span>
     <span class='ocr_line' id='line_1_13' title="bbox 179 1289 1695 1360; baseline -0.003 -18"><span class='ocrx_word' id='word_1_76' title='bbox 179 1297 316 1343; x_wconf 85' lang='lat' dir='ltr'>nata</span> <span class='ocrx_word' id='word_1_77' title='bbox 378 1293 619 1360; x_wconf 75' lang='lat' dir='ltr'>cecitate</span> <span class='ocrx_word' id='word_1_78' title='bbox 677 1292 1100 1355; x_wconf 80' lang='lat' dir='ltr'>roborarentur,</span> <span class='ocrx_word' id='word_1_79' title='bbox 1161 1289 1259 1341; x_wconf 87' lang='lat' dir='ltr'>sed</span> <span class='ocrx_word' id='word_1_80' title='bbox 1319 1291 1489 1342; x_wconf 86' lang='lat' dir='ltr'>etiam</span> <span class='ocrx_word' id='word_1_81' title='bbox 1536 1290 1695 1339; x_wconf 89' lang='lat' dir='ltr'>multi</span> 
     </span>
     <span class='ocr_line' id='line_1_14' title="bbox 181 1370 1697 1441; baseline -0.002 -14"><span class='ocrx_word' id='word_1_82' title='bbox 181 1370 488 1427; x_wconf 82' lang='lat' dir='ltr'>Christiani</span> <span class='ocrx_word' id='word_1_83' title='bbox 521 1371 806 1440; x_wconf 84' lang='lat' dir='ltr'>simplices</span> <span class='ocrx_word' id='word_1_84' title='bbox 841 1373 1309 1441; x_wconf 83' lang='lat' dir='ltr'>perverterentur.</span> <span class='ocrx_word' id='word_1_85' title='bbox 1380 1375 1447 1426; x_wconf 92' lang='lat' dir='ltr'>In</span> <span class='ocrx_word' id='word_1_86' title='bbox 1468 1374 1576 1426; x_wconf 85' lang='lat' dir='ltr'>hoc</span> <span class='ocrx_word' id='word_1_87' title='bbox 1600 1391 1697 1425; x_wconf 87' lang='lat' dir='ltr'>no-</span> 
     </span>
     <span class='ocr_line' id='line_1_15' title="bbox 176 1449 1701 1526; baseline 0.001 -16"><span class='ocrx_word' id='word_1_88' title='bbox 176 1461 264 1511; x_wconf 88' lang='lat' dir='ltr'>bis</span> <span class='ocrx_word' id='word_1_89' title='bbox 322 1449 590 1523; x_wconf 82' lang='lat' dir='ltr'>tanquam</span> <span class='ocrx_word' id='word_1_90' title='bbox 643 1453 891 1510; x_wconf 84' lang='lat' dir='ltr'>Romano</span> <span class='ocrx_word' id='word_1_91' title='bbox 936 1459 1269 1525; x_wconf 81' lang='lat' dir='ltr'>Imperatori</span> <span class='ocrx_word' id='word_1_92' title='bbox 1316 1475 1385 1511; x_wconf 88' lang='lat' dir='ltr'>ac</span> <span class='ocrx_word' id='word_1_93' title='bbox 1443 1465 1701 1526; x_wconf 87' lang='lat' dir='ltr'>supremo</span> 
     </span>
     <span class='ocr_line' id='line_1_16' title="bbox 178 1537 1702 1610; baseline 0 -14"><span class='ocrx_word' id='word_1_94' title='bbox 178 1543 350 1608; x_wconf 85' lang='lat' dir='ltr'>capiti</span> <span class='ocrx_word' id='word_1_95' title='bbox 407 1547 464 1592; x_wconf 88' lang='lat' dir='ltr'>et</span> <span class='ocrx_word' id='word_1_96' title='bbox 521 1537 803 1593; x_wconf 84' lang='lat' dir='ltr'>defensori</span> <span class='ocrx_word' id='word_1_97' title='bbox 863 1541 1307 1594; x_wconf 78' lang='lat' dir='ltr'>Christianitatis</span> <span class='ocrx_word' id='word_1_98' title='bbox 1379 1543 1702 1610; x_wconf 86' lang='lat' dir='ltr'>prospicere</span> 
     </span>
     <span class='ocr_line' id='line_1_17' title="bbox 175 1622 1705 1693; baseline -0.001 -13"><span class='ocrx_word' id='word_1_99' title='bbox 175 1627 455 1680; x_wconf 86' lang='lat' dir='ltr'>convenit.</span> <span class='ocrx_word' id='word_1_100' title='bbox 523 1622 852 1677; x_wconf 83' lang='lat' dir='ltr'>Mandamus</span> <span class='ocrx_word' id='word_1_101' title='bbox 899 1627 1072 1693; x_wconf 78' lang='lat' dir='ltr'>igitur</span> <span class='ocrx_word' id='word_1_102' title='bbox 1126 1629 1286 1680; x_wconf 88' lang='lat' dir='ltr'>vobis</span> <span class='ocrx_word' id='word_1_103' title='bbox 1332 1629 1586 1680; x_wconf 88' lang='lat' dir='ltr'>omnibus</span> <span class='ocrx_word' id='word_1_104' title='bbox 1644 1634 1705 1680; x_wconf 87' lang='lat' dir='ltr'>et</span> 
     </span>
     <span class='ocr_line' id='line_1_18' title="bbox 173 1709 1701 1783; baseline 0.001 -19"><span class='ocrx_word' id='word_1_105' title='bbox 173 1709 476 1777; x_wconf 87' lang='lat' dir='ltr'>unicuique</span> <span class='ocrx_word' id='word_1_106' title='bbox 515 1713 760 1762; x_wconf 68' lang='lat' dir='ltr'>vestrum</span> <span class='ocrx_word' id='word_1_107' title='bbox 804 1713 906 1764; x_wconf 86' lang='lat' dir='ltr'>sub</span> <span class='ocrx_word' id='word_1_108' title='bbox 953 1727 1101 1779; x_wconf 80' lang='lat' dir='ltr'>pena</span> <span class='ocrx_word' id='word_1_109' title='bbox 1147 1714 1467 1765; x_wconf 85' lang='lat' dir='ltr'>amissionis</span> <span class='ocrx_word' id='word_1_110' title='bbox 1514 1716 1701 1783; x_wconf 79' lang='lat' dir='ltr'>gratie</span> 
     </span>
     <span class='ocr_line' id='line_1_19' title="bbox 174 1795 1704 1866; baseline 0 -16"><span class='ocrx_word' id='word_1_111' title='bbox 174 1801 382 1866; x_wconf 78' lang='lat' dir='ltr'>nostre,</span> <span class='ocrx_word' id='word_1_112' title='bbox 429 1795 681 1847; x_wconf 81' lang='lat' dir='ltr'>districte</span> <span class='ocrx_word' id='word_1_113' title='bbox 725 1796 1059 1849; x_wconf 79' lang='lat' dir='ltr'>mandantes</span> <span class='ocrx_word' id='word_1_114' title='bbox 1106 1813 1175 1849; x_wconf 86' lang='lat' dir='ltr'>ac</span> <span class='ocrx_word' id='word_1_115' title='bbox 1220 1799 1390 1851; x_wconf 86' lang='lat' dir='ltr'>etiam</span> <span class='ocrx_word' id='word_1_116' title='bbox 1444 1799 1704 1852; x_wconf 78' lang='lat' dir='ltr'>volentes</span> 
     </span>
     <span class='ocr_line' id='line_1_20' title="bbox 176 1879 1703 1948; baseline 0.001 -15"><span class='ocrx_word' id='word_1_117' title='bbox 176 1881 323 1947; x_wconf 86' lang='lat' dir='ltr'>quod</span> <span class='ocrx_word' id='word_1_118' title='bbox 357 1894 456 1932; x_wconf 80' lang='lat' dir='ltr'>vos</span> <span class='ocrx_word' id='word_1_119' title='bbox 491 1881 904 1948; x_wconf 75' lang='lat' dir='ltr'>prenominatos</span> <span class='ocrx_word' id='word_1_120' title='bbox 951 1879 1125 1933; x_wconf 88' lang='lat' dir='ltr'>libros</span> <span class='ocrx_word' id='word_1_121' title='bbox 1158 1882 1389 1934; x_wconf 82' lang='lat' dir='ltr'>Ioannis</span> <span class='ocrx_word' id='word_1_122' title='bbox 1422 1883 1703 1936; x_wconf 84' lang='lat' dir='ltr'>Reuchlin</span> 
     </span>
     <span class='ocr_line' id='line_1_21' title="bbox 174 1962 1706 2033; baseline 0.001 -15"><span class='ocrx_word' id='word_1_123' title='bbox 174 1967 381 2031; x_wconf 86' lang='lat' dir='ltr'>ubique</span> <span class='ocrx_word' id='word_1_124' title='bbox 417 1962 476 2016; x_wconf 88' lang='lat' dir='ltr'>in</span> <span class='ocrx_word' id='word_1_125' title='bbox 511 1965 716 2018; x_wconf 83' lang='lat' dir='ltr'>vestris</span> <span class='ocrx_word' id='word_1_126' title='bbox 752 1967 1085 2033; x_wconf 78' lang='lat' dir='ltr'>provinciis,</span> <span class='ocrx_word' id='word_1_127' title='bbox 1137 1963 1469 2020; x_wconf 78' lang='lat' dir='ltr'>civitatibus·</span> <span class='ocrx_word' id='word_1_128' title='bbox 1511 1969 1568 2022; x_wconf 81' lang='lat' dir='ltr'>et</span> <span class='ocrx_word' id='word_1_129' title='bbox 1604 1969 1706 2020; x_wconf 87' lang='lat' dir='ltr'>du-</span> 
     </span>
     <span class='ocr_line' id='line_1_22' title="bbox 180 2049 1702 2120; baseline -0.001 -17"><span class='ocrx_word' id='word_1_130' title='bbox 180 2053 398 2104; x_wconf 83' lang='lat' dir='ltr'>catibus</span> <span class='ocrx_word' id='word_1_131' title='bbox 442 2049 686 2104; x_wconf 86' lang='lat' dir='ltr'>vendere</span> <span class='ocrx_word' id='word_1_132' title='bbox 733 2056 832 2103; x_wconf 88' lang='lat' dir='ltr'>aut</span> <span class='ocrx_word' id='word_1_133' title='bbox 877 2053 1129 2104; x_wconf 86' lang='lat' dir='ltr'>emittere</span> <span class='ocrx_word' id='word_1_134' title='bbox 1172 2064 1528 2118; x_wconf 85' lang='lat' dir='ltr'>nequaquam</span> <span class='ocrx_word' id='word_1_135' title='bbox 1574 2063 1702 2120; x_wconf 74' lang='lat' dir='ltr'>per—</span> 
     </span>
     <span class='ocr_line' id='line_1_23' title="bbox 177 2133 1709 2202; baseline -0.001 -14"><span class='ocrx_word' id='word_1_136' title='bbox 177 2138 434 2189; x_wconf 85' lang='lat' dir='ltr'>mittatis.</span> <span class='ocrx_word' id='word_1_137' title='bbox 507 2133 617 2186; x_wconf 85' lang='lat' dir='ltr'>Sed</span> <span class='ocrx_word' id='word_1_138' title='bbox 666 2151 759 2187; x_wconf 86' lang='lat' dir='ltr'>eos</span> <span class='ocrx_word' id='word_1_139' title='bbox 808 2135 877 2187; x_wconf 87' lang='lat' dir='ltr'>ad</span> <span class='ocrx_word' id='word_1_140' title='bbox 922 2151 1119 2188; x_wconf 86' lang='lat' dir='ltr'>manus</span> <span class='ocrx_word' id='word_1_141' title='bbox 1154 2139 1380 2188; x_wconf 80' lang='lat' dir='ltr'>vestras</span> <span class='ocrx_word' id='word_1_142' title='bbox 1413 2153 1514 2202; x_wconf 87' lang='lat' dir='ltr'>per</span> <span class='ocrx_word' id='word_1_143' title='bbox 1551 2151 1709 2188; x_wconf 83' lang='lat' dir='ltr'>arre-</span> 
     </span>
     <span class='ocr_line' id='line_1_24' title="bbox 176 2219 1717 2288; baseline 0.002 -17"><span class='ocrx_word' id='word_1_144' title='bbox 176 2223 474 2272; x_wconf 83' lang='lat' dir='ltr'>stationem</span> <span class='ocrx_word' id='word_1_145' title='bbox 508 2219 830 2283; x_wconf 87' lang='lat' dir='ltr'>recipiatis,</span> <span class='ocrx_word' id='word_1_146' title='bbox 881 2219 938 2270; x_wconf 84' lang='lat' dir='ltr'>et</span> <span class='ocrx_word' id='word_1_147' title='bbox 984 2221 1041 2270; x_wconf 88' lang='lat' dir='ltr'>id</span> <span class='ocrx_word' id='word_1_148' title='bbox 1087 2220 1306 2286; x_wconf 79' lang='lat' dir='ltr'>quidem</span> <span class='ocrx_word' id='word_1_149' title='bbox 1351 2236 1451 2288; x_wconf 86' lang='lat' dir='ltr'>per</span> <span class='ocrx_word' id='word_1_150' title='bbox 1487 2224 1717 2274; x_wconf 85' lang='lat' dir='ltr'>cautio-</span> 
     </span>
     <span class='ocr_line' id='line_1_25' title="bbox 177 2301 1716 2372; baseline 0.003 -17"><span class='ocrx_word' id='word_1_151' title='bbox 177 2319 303 2356; x_wconf 85' lang='lat' dir='ltr'>nem</span> <span class='ocrx_word' id='word_1_152' title='bbox 337 2303 526 2370; x_wconf 73' lang='lat' dir='ltr'>nostre</span> <span class='ocrx_word' id='word_1_153' title='bbox 563 2316 722 2370; x_wconf 75' lang='lat' dir='ltr'>pene.</span> <span class='ocrx_word' id='word_1_154' title='bbox 793 2301 859 2353; x_wconf 92' lang='lat' dir='ltr'>In</span> <span class='ocrx_word' id='word_1_155' title='bbox 895 2302 1001 2356; x_wconf 87' lang='lat' dir='ltr'>hoc</span> <span class='ocrx_word' id='word_1_156' title='bbox 1039 2305 1276 2370; x_wconf 83' lang='lat' dir='ltr'>expletis</span> <span class='ocrx_word' id='word_1_157' title='bbox 1301 2311 1546 2358; x_wconf 85' lang='lat' dir='ltr'>nostram</span> <span class='ocrx_word' id='word_1_158' title='bbox 1570 2321 1716 2372; x_wconf 78' lang='lat' dir='ltr'>syn-</span> 
     </span>
     <span class='ocr_line' id='line_1_26' title="bbox 168 2385 1717 2460; baseline 0.002 -18"><span class='ocrx_word' id='word_1_159' title='bbox 168 2405 365 2442; x_wconf 80' lang='lat' dir='ltr'>ceram</span> <span class='ocrx_word' id='word_1_160' title='bbox 399 2385 897 2440; x_wconf 85' lang='lat' dir='ltr'>demandationem.</span> <span class='ocrx_word' id='word_1_161' title='bbox 969 2391 1179 2441; x_wconf 87' lang='lat' dir='ltr'>Datum</span> <span class='ocrx_word' id='word_1_162' title='bbox 1206 2389 1436 2460; x_wconf 73' lang='lat' dir='ltr'>colonie</span> <span class='ocrx_word' id='word_1_163' title='bbox 1463 2392 1717 2459; x_wconf 82' lang='lat' dir='ltr'>septimo</span> 
     </span>
     <span class='ocr_line' id='line_1_27' title="bbox 179 2472 1189 2527; baseline 0.001 -3"><span class='ocrx_word' id='word_1_164' title='bbox 179 2473 268 2524; x_wconf 87' lang='lat' dir='ltr'>die</span> <span class='ocrx_word' id='word_1_165' title='bbox 305 2472 508 2524; x_wconf 83' lang='lat' dir='ltr'>mensis</span> <span class='ocrx_word' id='word_1_166' title='bbox 545 2472 806 2525; x_wconf 85' lang='lat' dir='ltr'>Octobris</span> <span class='ocrx_word' id='word_1_167' title='bbox 841 2473 1001 2526; x_wconf 84' lang='lat' dir='ltr'>Anno</span> <span class='ocrx_word' id='word_1_168' title='bbox 1040 2479 1115 2527; x_wconf 79' lang='lat' dir='ltr'>,et</span> <span class='ocrx_word' id='word_1_169' title='bbox 1142 2489 1189 2525; x_wconf 85' lang='lat' dir='ltr'>c.</span> 
     </span>
     <span class='ocr_line' id='line_1_28' title="bbox 656 2555 1267 2625; baseline 0.007 -20"><span class='ocrx_word' id='word_1_170' title='bbox 656 2555 766 2608; x_wconf 87' lang='lat' dir='ltr'>Per</span> <span class='ocrx_word' id='word_1_171' title='bbox 797 2557 1005 2623; x_wconf 88' lang='lat' dir='ltr'>Regem</span> <span class='ocrx_word' id='word_1_172' title='bbox 1041 2573 1158 2625; x_wconf 83' lang='lat' dir='ltr'>pro,</span> <span class='ocrx_word' id='word_1_173' title='bbox 1259 2561 1267 2568; x_wconf 91' lang='lat'>&#39;</span> 
     </span>
     <span class='ocr_line' id='line_1_29' title="bbox 655 2639 1638 2710; baseline 0.008 -20"><span class='ocrx_word' id='word_1_174' title='bbox 655 2639 724 2691; x_wconf 84' lang='lat' dir='ltr'>ad</span> <span class='ocrx_word' id='word_1_175' title='bbox 758 2641 1079 2693; x_wconf 81' lang='lat' dir='ltr'>mandatum</span> <span class='ocrx_word' id='word_1_176' title='bbox 1126 2639 1220 2694; x_wconf 72' lang='lat' dir='ltr'>ddi</span> <span class='ocrx_word' id='word_1_177' title='bbox 1254 2645 1638 2710; x_wconf 77' lang='lat' dir='ltr'>Imperatoris.</span> 
     </span>
     <span class='ocr_line' id='line_1_30' title="bbox 1152 2727 1526 2780; baseline -0.003 -1"><span class='ocrx_word' id='word_1_178' title='bbox 1152 2727 1526 2780; x_wconf 80' lang='lat' dir='ltr'>Serenteiner.</span> 
     </span>
    </p>
   </div>
  </div>
 </body>
</html>
