1942 3109
269 231 400 264 vot„
429 230 470 263 1.
543 221 608 262 45.
651 210 736 278 [4.]
775 225 1037 263 Annonm
1078 226 1153 260 m:
1197 225 1536 264 Tannonius.
1590 213 1687 264 131

141 337 240 398 qui
277 338 482 384 cuncta
527 334 764 384 creavit.
833 334 1045 382 Datum
1094 331 1157 380 in
1192 331 1543 398 Eberburck,
1588 334 1687 384 nbi

137 420 314 469 velim
348 418 492 483 quod
528 418 736 468 essetis
769 433 998 480 mecum,
1035 416 1135 467 vel
1171 415 1423 466 diabolus
1450 419 1687 470 confun—

137 503 238 554 dat
263 521 366 555 me.
439 503 624 555 Sexta
648 503 791 552 feria
814 503 961 552 infra
986 501 1205 566 pasche
1231 504 1287 551 et
1309 503 1685 567 penthecoste.

612 721 718 782 45.
789 721 1124 790 Appendicis
1160 723 1211 771 4.

369 823 808 890 Arnoldus
853 824 946 888 de
992 822 1459 908 Thungaris

387 939 664 1003 magister
695 941 888 987 noster
919 937 982 985 in
1018 951 1183 986 sacra
1219 938 1424 1002 pagina

697 1029 952 1080 Salutem
987 1029 1127 1078 dicit

427 1125 762 1190 Magistro
804 1124 1105 1174 Ortvino
1142 1122 1396 1174 Gratio.

239 1262 600 1315 Venerabilis
625 1261 848 1312 domine
873 1261 1162 1326 magister.
1230 1261 1349 1327 Ego
1372 1278 1544 1314 vexor
1566 1264 1680 1314 iam

135 1364 308 1412 supra
330 1349 696 1398 vexationem
711 1363 726 1394 z
760 1360 913 1395 nunc
938 1345 1196 1411 intelligo
1220 1346 1361 1396 illud
1384 1347 1679 1398 dicterium

133 1437 438 1498 poetarum
479 1447 600 1481 esse
635 1447 856 1482 verum:
897 1429 1143 1481 ‘Nullum
1178 1431 1437 1482 damnum
1462 1433 1679 1495 solum’‚

133 1523 190 1570 et
235 1519 344 1568 hoc
391 1517 526 1568 volo
572 1517 660 1566 sic
705 1515 964 1580 probare.
1034 1515 1155 1580 Ego
1200 1517 1311 1566 iam
1354 1532 1475 1568 sum
1528 1517 1676 1568 infir-

129 1619 272 1666 mus,
314 1607 374 1652 et
411 1616 584 1665 supra
618 1599 776 1650 illam
809 1599 1191 1650 infirmitatem
1222 1602 1379 1652 venit
1401 1603 1537 1652 mihi
1561 1603 1679 1652 alia

129 1690 366 1739 vexatio
415 1687 686 1749 maxima,
735 1700 844 1752 que
889 1689 978 1736 est
1021 1685 1175 1735 talis.
1248 1685 1491 1738 Currum,
1538 1687 1678 1736 coti-

132 1774 226 1824 die
263 1773 336 1823 ad
370 1787 459 1822 me
499 1769 752 1822 homines
789 1775 844 1820 et
880 1771 1055 1820 etiam
1089 1771 1343 1821 scribunt
1378 1771 1450 1822 ad
1484 1787 1569 1821 me
1608 1787 1677 1822 ex

137 1858 378 1908 diversis
411 1855 742 1922 provinciis,
780 1858 842 1904 ut
873 1857 1041 1906 notus
1078 1871 1197 1906 sum
1232 1858 1291 1906 in
1316 1855 1568 1905 omnibus
1592 1869 1677 1903 re-

123 1943 398 2008 gionibus
433 1944 659 2005 propter
695 1938 970 2004 libellum,
1011 1954 1172 2004 quem
1208 1941 1325 1990 feci
1360 1943 1557 1991 contra
1580 1937 1676 1988 de-

121 2025 440 2078 fensoriam
464 2023 734 2075 Iohannis
766 2023 1065 2088 Reuchlin,
1102 2028 1167 2074 ut
1200 2025 1375 2075 scitis.
1445 2025 1541 2076 Illi
1576 2025 1673 2076 ho-

119 2114 308 2162 mines
353 2109 552 2160 dicunt
599 2113 656 2159 et
705 2109 964 2159 scribunt
1012 2123 1105 2158 eos
1142 2109 1334 2158 mirari
1370 2109 1514 2172 quod
1548 2125 1673 2175 per-

124 2195 400 2245 mittimus
436 2195 707 2245 Ioannem
741 2193 1117 2256 Pfefferkorn‚
1142 2193 1387 2260 ,tinctum
1422 2193 1669 2263 Iudeum,

121 2280 389 2346 accipere
425 2282 740 2330 nostrorum
779 2293 955 2350 causa
989 2277 1241 2328 laborem
1276 2280 1573 2344 scribendi,
1608 2284 1675 2330 ut

119 2363 396 2416 defendat
434 2379 494 2414 se
533 2367 592 2414 et
635 2379 736 2414 nos
787 2377 979 2413 omnes
1030 2367 1224 2412 contra
1258 2363 1561 2428 Reuchlin‚
1600 2368 1668 2416 et

117 2448 396 2499 defendat
445 2447 606 2498 fidem
651 2451 930 2499 nostram:
980 2449 1063 2498 sic
1102 2447 1247 2511 quod
1291 2449 1409 2514 ipse
1453 2449 1665 2500 habeat

115 2549 324 2584 nomen
371 2537 430 2584 et
473 2547 578 2583 nos
603 2536 812 2587 ,tamen
857 2533 1069 2596 scripta
1128 2533 1313 2582 omnia
1369 2535 1667 2586 fecerimus

118 2633 232 2685 que
271 2619 464 2668 emisit
499 2631 602 2667 suo
639 2616 886 2688 nomine,
934 2619 998 2665 ut
1034 2620 1167 2666 tunc
1212 2633 1402 2668 verum
1446 2622 1558 2668 est:
1608 2619 1669 2666 in

127 2703 490 2756 confessione
525 2701 636 2750 hoc
671 2699 804 2748 dixi.
874 2701 1156 2749 Dixerunt
1190 2699 1363 2748 etiam
1388 2697 1537 2758 quod
1560 2698 1676 2740 iam

1294 2777 1371 2823 9*
