1942 3109
223 225 321 276 150
357 241 734 277 Pnrnmconm
761 239 1235 277 DEBERE-CONTRA
1260 238 1751 275 FAnon.o.v.nPP.

219 351 483 410 quantum
527 347 688 397 bonis
733 345 987 396 omnibus
1038 346 1258 397 infensa
1312 345 1418 407 sit,
1478 349 1757 406 quantum

217 433 432 482 roboris
470 448 504 482 a
541 432 866 482 christianis
901 431 1221 496 pectoribus
1248 429 1457 478 adimat
1480 432 1603 478 tam
1630 445 1757 497 pre-

220 517 653 568 clarissimarum
675 517 1101 566 universitatum
1123 515 1450 578 vilipensio,
1488 516 1589 563 tuo
1628 529 1759 580 gra-

217 602 447 651 vissimo
484 601 648 651 simul
685 605 740 651 et
775 599 1201 665 prudentissimo
1237 598 1443 648 iudicio
1479 599 1757 663 relinqui-

219 699 356 735 mus.
415 686 501 736 his
535 686 786 736 omnibus
813 688 869 735 et
897 684 1269 748 compluribus
1298 682 1427 734 aliis
1452 685 1758 734 incommo-

218 769 303 818 dis
340 775 749 834 occurreretur,
797 771 850 820 si
894 783 1069 820 causa
1114 769 1219 836 hec
1268 783 1373 836 que
1425 768 1577 833 apud
1615 769 1749 820 San·

221 855 476 904 ctitatem
532 856 792 905 Vestram
860 853 1094 918 pendet,
1165 853 1390 904 brevem
1459 855 1756 906 sortiretur

221 937 645 1002 expeditionem.
704 938 1054 989 Arbitramur
1078 939 1222 988 enim
1246 937 1623 989 Sanctitatem
1650 941 1752 990 Ve-

220 1026 393 1072 stram
429 1024 652 1073 summis
691 1023 890 1086 quibus
927 1026 1117 1091 preest
1150 1023 1298 1072 curis
1322 1024 1597 1072 irretitum
1623 1024 1755 1072 huic

221 1121 392 1174 cause
447 1123 556 1158 non
611 1108 856 1158 valuisse
911 1123 1137 1172 operam
1194 1121 1435 1170 navare,
1497 1107 1751 1156 daturum

221 1194 406 1240 tamen
452 1193 500 1242 si
547 1192 652 1260 hec
697 1193 803 1242 tibi
848 1193 1090 1242 fuissent
1131 1193 1243 1240 iam
1278 1191 1375 1240 diu
1411 1191 1751 1257 significata.

220 1275 305 1325 Ad
341 1276 509 1342 pedes
545 1279 717 1343 igitur
753 1277 1090 1328 Sanctitatis
1114 1278 1315 1343 Vestre
1352 1278 1619 1340 prostrati
1654 1277 1755 1326 hu-

221 1361 456 1411 millime
493 1362 870 1426 supplicamus
907 1365 968 1410 ut
1006 1375 1179 1411 causa
1214 1360 1343 1412 fidei
1370 1361 1519 1425 apud
1544 1365 1599 1411 te
1624 1359 1756 1412 fidei

221 1450 516 1508 patronum
561 1446 748 1507 qualis
795 1447 906 1496 sibi
951 1445 1183 1496 debetur
1239 1445 1423 1496 locum
1479 1446 1755 1508 inveniat,

222 1533 280 1576 et
335 1529 384 1576 si
442 1527 570 1590 quid
629 1528 823 1578 valent
879 1529 1027 1593 apud
1080 1528 1450 1580 sanctitatem
1492 1531 1757 1581 Vestram

219 1625 414 1674 preces
449 1609 682 1661 filiorum
717 1616 933 1662 tuorum
968 1613 1075 1663 tibi
1112 1615 1755 1678 obsequentissimorum,

221 1697 397 1745 nostri
424 1710 596 1746 causa
620 1713 709 1747 res
743 1696 848 1766 hec
887 1713 995 1765 que
1032 1702 1087 1748 et
1122 1698 1282 1748 fidem
1320 1698 1663 1748 catholicam
1700 1704 1758 1748 et

220 1796 321 1832 nos
346 1785 460 1832 tam
484 1783 675 1832 intime
713 1785 1019 1847 concernit,
1058 1786 1113 1833 et
1146 1785 1372 1834 brevem
1408 1787 1466 1832 et
1500 1787 1759 1848 optatum

225 1872 598 1930 consequatur
639 1866 828 1928 finem,
875 1871 936 1916 ut
984 1871 1040 1917 et
1084 1868 1170 1916 his
1218 1868 1312 1930 qui
1357 1882 1455 1931 pro
1492 1867 1597 1918 fide
1640 1885 1762 1919 cer-

223 1953 347 1999 tant
392 1951 648 2002 fiduciam
693 1953 957 2020 prebeas,
1004 1955 1061 2002 et
1106 1951 1177 2001 ab
1222 1952 1308 2000 his
1356 1953 1452 2014 qui
1498 1967 1629 2002 eam
1680 1955 1763 2004 eis

223 2036 549 2104 impugnant
582 2053 774 2088 vocem
809 2037 1191 2088 insultationis
1230 2036 1475 2086 auferas.
1512 2037 1763 2089 Lovanii

224 2120 435 2173 decimo
472 2122 745 2172 kalendas
781 2122 995 2172 Iunias.

363 2282 416 2338 ([
440 2289 757 2352 Sequuntur
781 2287 1021 2357 littere
1046 2291 1387 2342 venerabilis
1424 2296 1481 2342 et
1516 2307 1619 2358 ap·
1656 2321 1665 2327 ·

359 2376 530 2440 prime
579 2373 729 2425 docti
774 2374 981 2425 domini
1025 2376 1279 2440 magistri
1323 2376 1619 2428 Adriani

358 2460 704 2509 Florentii
741 2459 814 2510 de
841 2461 1168 2510 Traiecto
1206 2461 1446 2528 ecclesie
1484 2477 1623 2512 san-

361 2545 437 2591 cti
483 2542 815 2594 salvatoris·
838 2546 896 2593 in
932 2545 1192 2595 Traiecto
1238 2546 1507 2612 prepositi
1546 2563 1621 2596 ac

357 2628 670 2693 venerande
717 2627 1005 2694 academie
1046 2629 1416 2678 Lovaniensis
1466 2629 1621 2681 Can—

361 2709 606 2768 cellarii:
655 2714 710 2758 et
757 2710 1117 2761 illustrissimi
1164 2712 1358 2762 Karoli
1403 2713 1621 2779 Hispa—
