1942 3109
652 272 920 311 vonvmm
957 270 1228 309 manvu.
1602 257 1705 310 445

175 389 231 437 et
273 381 406 435 volo
448 395 546 446 pro
591 393 740 429 nunc
784 378 944 430 vobis
992 374 1346 443 respondere.
1416 374 1526 427 Sed
1570 392 1703 444 rogo

173 484 276 522 vos
321 464 764 533 praecordialiter
811 466 867 515 et
913 461 1279 527 charitative,
1329 458 1479 527 quod
1512 462 1704 513 velitis

175 551 343 617 mihi,
397 549 612 616 quando
656 551 894 599 nuncius
940 549 1047 599 iste
1092 546 1161 598 de
1204 550 1301 600 via
1343 547 1591 611 revenit,
1647 547 1707 597 in

177 650 292 689 una
338 637 537 687 saltem
582 648 761 702 parva
812 631 1009 683 cedula
1054 635 1376 696 notescere,
1436 629 1706 696 quomodo

175 722 374 773 transit
407 722 590 786 vobis,
629 718 938 786 praesertim
974 717 1031 768 in
1066 718 1171 768 illa
1206 717 1305 769 lite
1342 730 1466 768 cum
1487 716 1705 769 Reuch·

172 806 318 859 linus
367 810 424 857 et
463 804 844 868 Pfefferkorn,
893 804 990 868 qui
1023 802 1235 855 habent
1271 802 1430 855 ambo
1466 817 1706 869 nequam

171 896 298 959 post
335 902 500 942 aures
538 893 595 941 et
627 888 848 939 faciunt
880 902 1112 954 magnas
1138 902 1383 953 guerras,
1429 888 1706 941 Reuchlin

175 974 330 1025 dicit·
359 986 554 1039 grossa
599 973 770 1024 verba
823 976 880 1025 et
938 988 1051 1025 non
1105 972 1513 1039 intelligibilia.
1582 972 1703 1039 Ego

177 1057 374 1111 audivi
407 1056 554 1123 quod
585 1072 712 1109 mox
746 1059 927 1109 abibit
964 1057 1036 1109 ad
1059 1056 1295 1108 fiendum
1318 1058 1545 1121 Doctor,
1574 1058 1705 1123 quia

173 1144 298 1197 vult
343 1158 466 1195 esse
501 1143 644 1195 bene
681 1142 860 1194 lectus
897 1144 956 1193 in
992 1142 1208 1207 Biblia,
1256 1141 1401 1207 quod
1448 1157 1560 1193 non
1597 1144 1704 1192 est.

173 1228 440 1279 Audimus
485 1228 578 1279 hic
623 1232 707 1279 tot
749 1228 818 1279 de
865 1227 997 1290 illo,
1046 1224 1191 1291 quod
1232 1218 1344 1276 non
1377 1242 1597 1291 possem
1634 1224 1705 1277 ad

173 1314 380 1381 vig-inti
415 1328 578 1365 arcus
611 1312 822 1380 Papyri
857 1311 1124 1373 scribere,
1164 1314 1219 1360 et
1256 1324 1429 1361 causa
1464 1325 1566 1361 sua
1600 1311 1708 1361 erit

174 1398 380 1449 malam
419 1398 582 1449 finem
626 1400 938 1465 acquirere.
1010 1396 1217 1446 Tenuit
1262 1410 1365 1448 vos
1410 1410 1559 1463 saepe
1605 1410 1703 1462 pro

171 1483 374 1549 stulto,
433 1487 490 1536 et
533 1484 794 1537 tibisavit
837 1497 967 1546 vos,
1029 1480 1173 1545 quod
1218 1496 1328 1533 non
1374 1479 1591 1534 debetis
1636 1498 1702 1532 eo

173 1570 258 1619 sic
303 1570 525 1621 mittere
563 1570 823 1621 transire.
895 1567 1168 1634 Magister
1210 1565 1377 1619 debet
1410 1572 1601 1619 tenere
1640 1582 1701 1619 se

175 1653 323 1703 sicut
355 1653 651 1715 Magister.
720 1652 926 1701 Omnes
969 1652 1163 1703 dicunt
1208 1652 1354 1718 quod
1400 1653 1557 1703 eritis
1604 1652 1701 1705 lux

173 1733 366 1785 mundi
399 1733 540 1785 fieri.
612 1735 726 1786 Vos
761 1736 904 1787 bene
937 1736 1237 1789 manebitis
1271 1752 1387 1803 prae
1422 1738 1566 1803 ips0.

277 1820 572 1885 Quaeritis,
611 1820 880 1886 quomodo
913 1822 1051 1875 mihi
1084 1821 1287 1887 vadat,
1340 1826 1396 1873 et
1430 1837 1541 1873 non
1576 1836 1702 1887 pos-

175 1918 298 1955 sum
339 1904 504 1955 vobis
545 1905 692 1955 clam
725 1906 960 1971 habere,
1017 1906 1162 1969 quod
1209 1906 1391 1958 adhuc
1432 1908 1495 1957 in
1528 1906 1703 1959 Roma

172 1988 349 2041 vitam
384 1988 632 2055 traham,
673 1993 729 2041 et
759 1992 930 2058 plane
967 1990 1381 2055 depauperatus
1418 2006 1566 2041 sum:
1601 1991 1702 2042 ha-

169 2072 278 2124 beo
325 2073 628 2139 aliquando
671 2076 768 2127 vix
813 2077 1026 2127 siccum
1071 2089 1272 2139 panem
1319 2080 1376 2125 et
1426 2076 1487 2125 in
1537 2080 1703 2127 nocte

169 2159 300 2207 utor
333 2158 487 2206 mala
521 2158 886 2210 lectisternia.
935 2160 1237 2211 Rarissime
1272 2158 1341 2212 fio
1366 2159 1703 2226 vinificatus,

173 2238 311 2303 quia
355 2255 526 2292 vocor
570 2240 641 2293 ad
686 2243 874 2296 nullas
933 2245 1386 2299 convivalitates.
1456 2246 1577 2315 Ego
1622 2248 1704 2300 ivi

168 2337 349 2390 nuper
379 2340 483 2391 pro
519 2328 702 2380 caseis
747 2333 808 2381 et
842 2344 941 2395 per
988 2328 1180 2381 decem
1214 2330 1333 2383 dies
1367 2348 1478 2385 non
1512 2333 1701 2397 plures

167 2422 337 2475 quam
382 2412 701 2475 quindecim
751 2412 986 2480 collegi:
1045 2413 1190 2467 dixit
1243 2416 1380 2467 mihi
1424 2416 1546 2468 heri
1586 2432 1703 2468 una

167 2494 406 2559 antiqua
463 2496 688 2560 vetula,
759 2497 906 2562 quod
978 2514 1121 2551 unus
1179 2499 1439 2552 sacerdos
1497 2500 1701 2553 ruralis

167 2583 389 2643 oportet
433 2581 624 2633 venire
675 2579 744 2632 de
799 2583 1057 2648 pastoria
1108 2598 1241 2636 sua:
1303 2601 1433 2652 ergo
1486 2602 1701 2653 sperem

166 2658 377 2729 habeo,
439 2664 587 2730 quod
621 2670 746 2731 post
779 2666 940 2717 illum
986 2668 1180 2737 venire
1214 2671 1443 2736 possim.
1512 2668 1703 2721 Habet

161 2744 252 2795 ibi
279 2735 508 2798 ‘finitas
561 2762 760 2814 aucas,
819 2750 1054 2801 iuvenes
1112 2756 1171 2801 et
1222 2766 1389 2805 senes
1433 2749 1698 2816 gallinas-3
