1942 3109
244 230 314 282 66
382 244 761 282 ΡΕΡΕΒῙΟΟΒΠῙ
786 242 1025 279 DEFENS.
1041 240 1260 279 couru
1287 239 1488 276 Fatuos.
1509 240 1633 275 o.v.
1647 240 1774 278 131212.

247 354 492 403 verteret
526 350 593 401 de
629 350 791 401 libris
826 349 961 399 illis.
1033 347 1166 399 Ideo
1202 350 1392 411 pastor
1426 346 1545 411 ipse
1571 346 1670 398 vix
1693 348 1775 397 le-

250 441 411 502 gerat
432 435 571 487 duas
598 435 1018 500 quatterniones
1056 436 1112 483 et
1149 433 1410 483 continuo
1436 430 1780 483 exclamavit

252 522 373 572 alta
414 536 553 572 voce
612 518 702 569 ‘ad
754 519 1095 584 patibulum,
1157 517 1228 567 ad
1282 516 1597 583 patibulum
1653 532 1779 568 cum

250 606 395 657 libro
428 605 570 656 hoc'.
644 605 994 670 Quapropter
1038 602 1322 667 prohibuit
1366 617 1467 667 per
1509 600 1778 653 mulctam

250 690 610 741 ducentorum
656 703 971 752 aureorum,
1017 703 1088 739 ne
1125 687 1334 751 aliquis
1376 686 1647 738 venderet
1679 688 1778 739 hos

250 776 441 826 libros.
504 776 627 837 Quo
660 774 815 825 facto
850 773 1005 823 misit
1039 772 1313 838 evestigio
1339 770 1574 823 eundem
1612 771 1777 824 libel·

249 860 364 909 lum
400 857 471 907 ad
506 859 928 909 universitatem
965 857 1353 909 Coloniensem
1391 859 1465 907 ‚et
1489 871 1554 905 c„

796 995 974 1047 Nota
1006 994 1244 1045 Primo.

362 1105 415 1163 (I
452 1114 499 1164 Ο
536 1117 599 1163 tu
634 1112 972 1177 Christiane,
1011 1113 1108 1177 qui
1139 1113 1252 1162 ista
1287 1111 1454 1177 legis,
1492 1112 1646 1176 aperi
1683 1114 1789 1163 ob-

255 1214 415 1251 secro
450 1200 654 1251 mentis
692 1201 785 1267 tue
823 1198 1016 1250 oculos
1054 1200 1110 1249 et
1144 1196 1262 1248 noli
1295 1195 1656 1247 immoderato
1695 1198 1789 1249 fa·

254 1301 389 1337 vore
426 1285 701 1353 excecari,
740 1282 876 1333 Cum
910 1283 1147 1333 Ioannes
1181 1281 1455 1333 Reuchlin
1488 1281 1647 1347 prius
1685 1285 1790 1333 mi-

256 1372 427 1435 sisset
462 1368 927 1419 consultationem
962 1381 1120 1417 suam
1154 1367 1274 1417 sive
1310 1366 1598 1431 speculum
1623 1382 1786 1419 snum

258 1454 485 1504 oculare
512 1452 580 1502 ad
606 1452 1043 1520 archipresulem
1067 1451 1452 1516 Moguntinum
1487 1454 1544 1501 et
1579 1451 1788 1503 deinde

258 1536 327 1587 ad
373 1538 791 1602 imperatorem,
850 1536 1036 1585 nullas
1095 1534 1302 1586 adiecit
1346 1534 1789 1603 declarationes,

254 1620 412 1672 nulla
462 1620 827 1686 glossemata,
871 1620 1055 1670 nullas
1105 1621 1521 1684 excusationes,
1577 1623 1790 1685 quibus

256 1706 507 1774 heretica
542 1720 643 1755 sua
678 1705 891 1771 scripta
924 1708 1170 1757 verteret
1203 1706 1262 1754 in
1295 1705 1523 1768 melius,
1573 1705 1792 1758 Postea

204 1798 209 1805 “
258 1806 391 1842 vero
426 1789 554 1840 dum
602 1793 753 1841 esset
798 1794 855 1841 et
890 1791 959 1842 ab
999 1790 1422 1855 archiepiscopo
1454 1788 1796 1856 Moguntino

260 1880 316 1926 et
371 1891 405 1925 a
450 1876 627 1925 tribus
672 1874 788 1925 illi‘s
850 1872 1173 1924 clarissimis
1227 1874 1370 1926 viris
1431 1873 1521 1939 (de
1580 1877 1798 1940 quibus

256 1960 633 2027 supradictum
680 1959 787 2026 est)
849 1958 1088 2024 aliisque
1145 1972 1310 2023 quam
1355 1958 1610 2024 plurimis
1661 1976 1801 2011 cum

256 2062 359 2097 sua
385 2047 795 2099 consultatione
829 2045 1090 2108 reiectus,
1120 2043 1445 2107 videretque
1469 2044 1803 2109 nequitiam

256 2146 413 2183 suam
446 2132 635 2182 multis
669 2130 942 2195 legittime
979 2128 1352 2193 patefactam,-
1401 2132 1459 2179 et
1493 2144 1554 2179 se
1590 2129 1652 2178 in
1689 2144 1802 2195 pe-

254 2215 431 2264 riculo
456 2214 689 2279 infamie
727 2212 871 2275 apud
894 2212 1190 2276 plerosque
1217 2214 1595 2277 constitutum,
1620 2229 1804 2266 suam

254 2298 491 2361 imprimi
535 2296 678 2347 fecit
723 2294 1212 2360 consultationem,
1269 2311 1436 2360 quam
1479 2297 1804 2364 Speculum

252 2381 478 2432 oculare
514 2382 848 2444 nominavit,
886 2382 943 2430 et
979 2379 1246 2444 quasdam
1279 2381 1489 2433 latinas
1523 2381 1804 2435 declara-

252 2467 433 2516 tiones
482 2465 571 2515 illi
607 2465 842 2530 adiecit,
892 2466 1238 2531 separabiles
1283 2470 1470 2517 tamen
1515 2464 1595 2530 (id
1633 2469 1806 2531 quod

254 2549 550 2611 pessimum
586 2549 731 2613 erat)
792 2566 826 2599 a
871 2550 1174 2615 principali
1231 2555 1288 2600 et
1341 2552 1561 2602 sontico
1605 2550 1798 2617 libro,

255 2630 707 2694 quemadmodum
742 2633 855 2682 iam
890 2633 1083 2683 statim
1129 2636 1446 2685 enarratum
1494 2636 1580 2685 est
1625 2640 1710 2685 ‚et
1739 2650 1802 2685 c.

252 2714 372 2764 Iam
420 2714 794 2777 considerate,
854 2732 885 2766 ο
930 2730 1030 2767 vos
1077 2716 1412 2781 Christiani,
1471 2722 1529 2769 et
1581 2718 1804 2771 favete
