1942 3109
269 218 366 270 138
523 231 814 268 ntusromn
849 231 1217 268 onscvnonvn
1250 231 1522 268 vrnouxm.

267 354 336 387 ex
381 353 545 388 sacra
590 339 798 404 pagina
845 342 901 389 et
943 339 1294 404 pinget-emus
1338 338 1418 388 ibi
1460 351 1629 386 unam
1675 353 1807 389 ma-

265 437 394 472 num
441 425 498 472 et
539 421 876 474 disceremus
921 426 1290 474 mentetenus.
1363 421 1569 472 Sciatis
1618 425 1806 474 etiam

267 506 413 570 quod
447 507 542 556 hic
576 523 688 556 non
721 509 934 558 intrant
967 512 1084 557 tam
1116 508 1293 558 multa
1326 509 1619 573 supposita
1644 510 1808 560 sicut

269 590 525 659 Gelonis,
587 594 720 656 quia
768 590 1001 658 Colonie
1054 591 1341 644 studentes
1386 597 1621 657 possunt
1668 609 1806 644 esse

269 677 416 727 sicut
447 677 540 727 hic
577 681 708 728 sunt
739 681 1030 740 scutones,
1084 681 1141 726 et
1173 677 1254 727 ibi
1291 676 1469 741 aliqui
1504 677 1805 730 studentes

268 766 496 812 scutant
531 763 698 812 etiam
736 761 1065 826 parthecas,
1112 759 1257 824 quod
1302 775 1412 811 non
1456 761 1657 813 volunt
1702 764 1806 813 hie

272 845 596 910 concedere,
635 847 768 910 quia
805 849 1024 910 oportet
1046 845 1139 895 hic
1164 845 1309 909 quod
1334 861 1521 896 omnes
1546 847 1807 898 habeant

273 946 520 982 mensam
557 932 618 980 in
649 931 820 982 bursa
857 934 916 982 et
949 934 1063 982 sint
1097 931 1155 979 in
1188 930 1484 980 matricula
1520 931 1805 983 universi-

270 1017 426 1067 tatis.
499 1014 608 1066 Sed
644 1015 894 1079 quamvis
929 1015 1023 1078 bic
1058 1017 1187 1064 sunt
1221 1015 1416 1079 pauci,
1454 1019 1642 1066 tamen
1666 1021 1805 1066 sunt

272 1100 512 1152 audaces
538 1103 595 1150 et
627 1100 770 1150 bene
807 1107 922 1150 tam
959 1091 1201 1150 audaces
1234 1099 1382 1149 sicut
1416 1099 1506 1149 illi
1539 1100 1704 1150 multi
1744 1103 1805 1151 in

271 1183 522 1248 Colonia,
535 1187 668 1248 quia
683 1187 794 1251 ipsi
817 1185 1176 1236 scalaverunt
1197 1183 1509 1248 nuperrime
1523 1199 1695 1234 unum
1715 1202 1803 1237 re-

269 1273 490 1334 gentem
514 1269 571 1318 in
595 1270 782 1333 bursa,
809 1269 905 1332 qui
939 1269 1099 1318 stetit
1134 1271 1265 1318 ante
1304 1283 1579 1318 cameram
1617 1274 1677 1320 et
1702 1286 1800 1320 au-

271 1353 412 1404 divit
457 1352 602 1417 quod
647 1352 900 1404 luserunt
944 1354 1205 1404 interius:
1252 1357 1385 1402 tunc
1429 1367 1572 1403 unus
1618 1354 1805 1404 voluit

273 1438 424 1488 exire
463 1441 518 1487 et
552 1437 769 1490 invenit
793 1453 917 1487 eum
941 1438 1022 1487 ibi
1048 1441 1103 1488 et
1124 1438 1363 1502 proiecit
1398 1451 1521 1488 eum
1548 1453 1645 1502 per
1666 1453 1800 1502 gra-

271 1520 390 1572 dus.
427 1522 690 1588 Preterea
717 1523 884 1572 etiam
908 1526 1039 1572 sunt
1056 1522 1461 1585 audaces‚quia
1480 1523 1806 1586 percutiunt

272 1621 333 1656 se
356 1606 450 1656 hic
477 1620 598 1656 cum
621 1605 856 1656 reuteris
881 1606 1029 1656 sicut
1049 1606 1269 1656 faciunt
1280 1605 1513 1672 Oolonie
1535 1621 1655 1656 cum
1680 1607 1799 1657 Do-

273 1690 597 1753 leatoribus,
622 1693 678 1739 et
697 1689 962 1740 incedunt
984 1707 1133 1742 more
1155 1693 1494 1742 reuterorum
1522 1703 1643 1740 cum
1668 1707 1798 1756 pro-

273 1775 456 1826 ductis
491 1772 696 1840 gladiis
733 1779 790 1825 et
825 1773 1062 1826 Chordis
1096 1779 1153 1825 et
1188 1774 1415 1840 Spadis,
1463 1774 1631 1824 etiam
1669 1789 1797 1825 cum

274 1860 596 1924 plumbatis,
631 1860 729 1910 ubi
765 1858 975 1910 habent
1014 1859 1313 1922 cordulam,
1348 1862 1413 1907 ut
1445 1863 1682 1923 possunt
1713 1862 1800 1910 ia-

277 1949 432 1994 ctare
479 1947 534 1994 et
563 1945 778 2002 ,iterum
827 1943 898 1994 ad
955 1957 1017 1994 se
1074 1944 1312 1994 trahere.
1382 1943 1573 2008 Nuper
1628 1944 1805 1994 semel

277 2029 484 2079 reuteri
539 2032 876 2080 necaverunt
931 2029 1023 2078 hic
1076 2043 1243 2078 unum
1288 2027 1660 2078 Domicellum
1704 2045 1806 2094 per

277 2113 524 2166 scabiem
563 2113 707 2177 quod
744 2113 947 2164 cecidit
982 2111 1052 2162 ad
1098 2116 1331 2174 terram3
1376 2111 1475 2162 sed
1523 2113 1634 2162 cito
1680 2128 1803 2163 sur-

277 2199 424 2250 rexit
448 2202 506 2248 et
530 2197 781 2248 defendit
803 2213 864 2248 se
889 2198 1121 2248 realiter
1146 2201 1203 2248 et
1236 2198 1515 2261 percussit
1552 2201 1608 2246 et
1644 2211 1803 2246 seca-

277 2285 362 2336 vit
395 2298 490 2335 eos
524 2297 710 2333 omnes
747 2283 892 2346 quod
925 2281 1239 2333 habuerunt
1262 2279 1527 2331 Sanctum
1552 2279 1804 2332 Valenti-

279 2383 425 2433 num,
454 2372 509 2418 et
528 2381 715 2418 omnes
743 2368 1042 2418 currebant
1062 2367 1278 2431 fugens.
1316 2365 1511 2415 Adhuc
1528 2379 1697 2414 unum
1718 2368 1807 2414 est

283 2452 427 2517 quod
457 2453 673 2504 debetis
709 2454 875 2503 scire.
945 2452 1060 2502 Vos
1084 2449 1297 2501 debetis
1322 2451 1665 2515 interrogare
1689 2449 1804 2498 Do-

285 2541 492 2587 ctorem
527 2536 826 2586 Arnoldum
862 2535 928 2585 de
966 2535 1243 2600 Tungari,
1290 2535 1387 2598 qui
1428 2549 1537 2585 non
1584 2537 1673 2584 est
1704 2535 1805 2582 mi-

283 2623 462 2672 nimus
500 2623 558 2670 in
592 2621 928 2685 Theologia,
965 2619 1053 2669 An
1088 2623 1257 2670 etiam
1294 2621 1369 2670 sit
1400 2621 1697 2685 peccatum
1720 2618 1802 2667 lu-

285 2707 413 2758 dere
451 2708 510 2758 in
546 2705 738 2756 taxilis
773 2721 871 2769 pro
917 2703 1297 2770 indulgentiis,
1370 2704 1489 2769 Ego
1534 2705 1651 2754 scio
1700 2702 1804 2753 ali-
