1942 3109
363 242 718 280 ΟΟΠΠΕΚἸὟΠ
744 242 1023 281 uAms'rm
1049 243 1254 281 noenu
1282 244 1589 283 sommum.
1658 228 1763 281 409

225 354 286 403 ct
321 350 490 401 etiam
526 346 830 403 nobilistae.
889 353 946 400 et
990 350 1249 417 magistri
1284 351 1381 415 qui
1414 350 1638 402 fuerunt
1672 366 1759 403 re·

223 440 422 503 gentes
444 438 502 486 in
526 436 734 499 bus-sis,
771 450 881 487 non
915 436 1289 503 permiserunt
1312 434 1499 502 legere
1523 436 1581 485 in
1604 437 1760 502 poesi

225 526 285 573 et
321 520 452 573 aliis
485 520 778 583 fantasiis3
815 520 913 572 sed
945 522 1173 573 fuerunt
1207 520 1507 587 diligentes
1542 522 1601 571 in
1634 520 1757 571 Ari-

223 606 456 672 stotele,
495 610 551 657 et
586 608 817 659 fuerunt
849 606 1099 659 moderni
1134 610 1191 659 et
1224 605 1437 671 reales,
1484 610 1541 657 et
1575 606 1759 657 scive-

219 696 350 745 runt
401 693 628 745 fortiter
681 691 967 759 disputare
1012 696 1210 747 contra
1257 692 1517 757 antiquos
1561 695 1617 742 et
1660 706 1759 741 no-

218 778 477 829 minales.

323 864 540 915 Basilea
574 863 782 915 dicitur
817 878 851 913 a
885 864 1182 928 basilisco,
1222 866 1354 929 quia
1378 864 1511 915 olim
1534 862 1613 915 ibi
1638 863 1749 915 fuit
1768 866 1808 917 5.
1822 868 1863 912 5.

224 948 482 999 inventus
516 948 837 1001 basiliscus.
899 948 994 1000 vel
1032 965 1066 998 a
1102 948 1293 998 Basile
1330 942 1567 1012 quodam
1602 964 1753 1013 rege,

227 1034 323 1097 qui
354 1036 634 1099 percussit
663 1035 746 1086 ibi
779 1048 947 1086 unum
994 1034 1306 1100 gigantem,
1350 1036 1431 1081 ita
1480 1030 1625 1097 quod
1669 1046 1757 1081 ro-

222 1120 381 1184 gavit
427 1134 549 1171 eum
595 1123 821 1186 propter
865 1119 1053 1184 deum,
1104 1118 1249 1183 quod
1292 1116 1467 1169 vellet
1513 1132 1755 1180 cessare,

225 1208 282 1253 et
316 1209 450 1253 tunc
486 1204 584 1255 ille
620 1220 718 1256 rex
751 1203 1056 1257 aedificavit
1089 1204 1171 1253 ibi
1218 1204 1520 1254 civitatem.
1584 1206 1641 1253 et
1675 1200 1755 1252 di-

223 1291 358 1338 cunt
393 1288 537 1353 quod
571 1289 667 1341 ille
693 1291 857 1357 gigas
882 1288 1065 1340 adhuc
1091 1291 1175 1339 est
1198 1289 1382 1355 pictus
1407 1285 1672 1339 Basileae
1698 1287 1755 1336 in

219 1389 334 1423 una
369 1374 510 1423 turri
546 1374 617 1425 ad
649 1379 979 1441 perpetuam
1011 1375 1343 1446 memoriam.

322 1460 436 1510 Ars
469 1457 673 1511 dicitur
707 1477 741 1511 a
779 1475 958 1527 graeco
987 1463 1165 1525 artos,
1202 1458 1259 1509 id
1284 1462 1372 1510 est
1392 1460 1574 1525 panis,
1612 1459 1743 1524 quia
1766 1460 1804 1512 5.
1819 1463 1858 1505 6.

219 1561 408 1597 omnes
457 1546 552 1610 qui
596 1547 782 1596 sciunt
826 1550 1002 1597 artem
1047 1545 1323 1610 aliquam,
1378 1548 1611 1611 possunt
1656 1560 1750 1595 ac-

219 1632 440 1694 quirere
465 1645 667 1695 panem
693 1634 750 1680 et
773 1632 979 1682 victum
1005 1635 1061 1681 et
1094 1632 1373 1683 amictum.
1420 1631 1514 1682 vel
1548 1630 1751 1680 dicitur

221 1715 292 1765 ab
331 1730 494 1779 arcu,
530 1715 664 1779 quia
699 1716 846 1765 sicut
876 1716 936 1765 in
971 1732 1104 1767 arcu
1138 1730 1427 1783 possumus
1450 1715 1746 1768 vulnerare

223 1815 419 1864 corpus
446 1787 710 1866 alicuius,
749 1801 832 1851 sic
868 1802 1038 1853 etiam
1072 1816 1171 1867 per
1207 1805 1385 1852 artem
1406 1802 1746 1867 percutimus

220 1887 458 1935 mentem
481 1885 720 1937 alicuius
738 1886 1169 1953 paralogisando
1199 1902 1341 1951 eum,
1368 1888 1631 1956 precipue
1649 1901 1747 1951 per

219 1969 455 2035 loycam.
513 1969 605 2023 vel
642 1970 846 2023 dicitur
882 1972 951 2023 ab
993 1988 1121 2037 arx,
1168 1973 1299 2036 quia
1336 1972 1486 2022 sicut
1521 1985 1621 2019 arx
1658 1973 1744 2019 est

217 2056 276 2105 in
314 2055 637 2120 altitudine,
684 2058 770 2107 sic
815 2058 988 2107 etiam
1033 2071 1124 2107 ars
1163 2059 1249 2107 est
1284 2070 1450 2121 super
1482 2055 1745 2119 ignoran-

220 2140 377 2192 tiam.
435 2141 529 2191 vel
550 2140 756 2192 dicitur
779 2142 850 2194 ab
877 2146 1060 2206 artus,
1099 2140 1157 2191 id
1182 2144 1266 2191 est
1293 2139 1585 2206 articulus,
1612 2139 1745 2204 quia

218 2225 368 2275 sicut
403 2240 598 2292 corpus
635 2231 885 2280 movetur
917 2226 1343 2294 particulariter
1378 2226 1437 2276 in
1462 2227 1578 2277 suis
1606 2227 1743 2277 arti-

218 2310 382 2375 culis,
419 2313 502 2362 sic
540 2312 710 2363 etiam
747 2314 961 2365 animus
994 2313 1232 2363 hominis
1256 2327 1357 2377 per
1384 2315 1534 2363 artes
1561 2327 1745 2363 move-

215 2400 304 2445 tur
338 2397 397 2446 in
432 2397 550 2446 suis
585 2380 1067 2449 sensualitatibus.

317 2482 530 2533 Zelosus
565 2484 651 2531 est
683 2480 972 2547 pulchrum
1006 2480 1367 2544 vocabulum,
1418 2484 1475 2531 et
1507 2481 1803 2534 maxime§
1816 2486 1855 2528 ⁷·

216 2565 618 2633 theologicale.
643 2568 862 2631 quando
885 2567 1137 2633 theologi
1159 2567 1355 2619 volunt
1372 2566 1577 2631 dicere,
1598 2564 1743 2631 quod

217 2649 423 2714 aliquis
461 2656 546 2702 est
579 2653 756 2703 bonus
795 2652 1179 2715 Christianus,
1226 2656 1282 2701 et
1326 2652 1501 2700 habet
1542 2651 1745 2700 bonam

217 2736 649 2800 conscientiam,
692 2740 827 2785 tunc
873 2734 1069 2783 dicunt
1114 2734 1241 2783 ‘iste
1276 2734 1437 2782 homo
1476 2733 1562 2779 est
1596 2728 1745 2779 zelo-
