<?xml version="1.0" encoding="UTF-8"?>
<!DOCTYPE html PUBLIC "-//W3C//DTD XHTML 1.0 Transitional//EN"
    "http://www.w3.org/TR/xhtml1/DTD/xhtml1-transitional.dtd">
<html xmlns="http://www.w3.org/1999/xhtml" xml:lang="en" lang="en">
 <head>
  <title>
</title>
<meta http-equiv="Content-Type" content="text/html;charset=utf-8" />
  <meta name='ocr-system' content='tesseract 3.04.00' />
  <meta name='ocr-capabilities' content='ocr_page ocr_carea ocr_par ocr_line ocrx_word'/>
</head>
<body>
  <div class='ocr_page' id='page_1' title='image "./epistolaeobscur00huttgoog_0453.png"; bbox 0 0 1942 3109; ppageno 0'>
   <div class='ocr_carea' id='block_1_1' title="bbox 243 254 1562 306">
    <p class='ocr_par' dir='ltr' id='par_1_1' title="bbox 243 254 1562 306">
     <span class='ocr_line' id='line_1_1' title="bbox 243 254 1562 306; baseline 0.002 -3"><span class='ocrx_word' id='word_1_1' title='bbox 243 254 345 303; x_wconf 76' lang='lat'><strong>442</strong></span> <span class='ocrx_word' id='word_1_2' title='bbox 468 266 866 306; x_wconf 47' lang='lat' dir='ltr'><strong>annotinum</strong></span> <span class='ocrx_word' id='word_1_3' title='bbox 904 268 1273 305; x_wconf 69' lang='lat' dir='ltr'>OBSCVBOBVM</span> <span class='ocrx_word' id='word_1_4' title='bbox 1307 269 1562 305; x_wconf 72' lang='lat' dir='ltr'><strong>vlnonvu</strong></span> 
     </span>
    </p>
   </div>
   <div class='ocr_carea' id='block_1_2' title="bbox 239 372 1777 1618">
    <p class='ocr_par' dir='ltr' id='par_1_2' title="bbox 241 372 1766 695">
     <span class='ocr_line' id='line_1_2' title="bbox 243 372 1766 440; baseline 0.005 -18"><span class='ocrx_word' id='word_1_5' title='bbox 243 376 433 424; x_wconf 78' lang='lat' dir='ltr'><strong>manet</strong></span> <span class='ocrx_word' id='word_1_6' title='bbox 473 372 658 425; x_wconf 79' lang='lat' dir='ltr'><strong>&#39;adhuc</strong></span> <span class='ocrx_word' id='word_1_7' title='bbox 703 389 846 425; x_wconf 88' lang='lat' dir='ltr'><strong>unus</strong></span> <span class='ocrx_word' id='word_1_8' title='bbox 889 374 1216 440; x_wconf 85' lang='lat' dir='ltr'><strong>scrupulus,</strong></span> <span class='ocrx_word' id='word_1_9' title='bbox 1276 389 1439 439; x_wconf 83' lang='lat' dir='ltr'><strong>quem</strong></span> <span class='ocrx_word' id='word_1_10' title='bbox 1482 389 1608 427; x_wconf 85' lang='lat' dir='ltr'><strong>mox</strong></span> <span class='ocrx_word' id='word_1_11' title='bbox 1663 380 1766 432; x_wconf 88' lang='lat' dir='ltr'><strong>tibi</strong></span> 
     </span>
     <span class='ocr_line' id='line_1_3' title="bbox 243 458 1765 530; baseline 0.005 -21"><span class='ocrx_word' id='word_1_12' title='bbox 243 458 501 513; x_wconf 87' lang='lat' dir='ltr'><strong>scribam.</strong></span> <span class='ocrx_word' id='word_1_13' title='bbox 568 459 644 509; x_wconf 90' lang='lat' dir='ltr'><strong>Et</strong></span> <span class='ocrx_word' id='word_1_14' title='bbox 688 460 821 523; x_wconf 85' lang='lat' dir='ltr'><strong>quia</strong></span> <span class='ocrx_word' id='word_1_15' title='bbox 864 463 928 510; x_wconf 90' lang='lat' dir='ltr'><strong>tu</strong></span> <span class='ocrx_word' id='word_1_16' title='bbox 971 475 1034 512; x_wconf 87' lang='lat' dir='ltr'><strong>es</strong></span> <span class='ocrx_word' id='word_1_17' title='bbox 1068 458 1233 511; x_wconf 82' lang='lat' dir='ltr'><strong>valde</strong></span> <span class='ocrx_word' id='word_1_18' title='bbox 1270 458 1615 512; x_wconf 82' lang='lat' dir='ltr'><strong>scientificus</strong></span> <span class='ocrx_word' id='word_1_19' title='bbox 1651 464 1765 530; x_wconf 87' lang='lat' dir='ltr'>Vir,</span> 
     </span>
     <span class='ocr_line' id='line_1_4' title="bbox 241 544 1763 613; baseline 0.006 -20"><span class='ocrx_word' id='word_1_20' title='bbox 241 548 375 609; x_wconf 87' lang='lat' dir='ltr'><strong>peto</strong></span> <span class='ocrx_word' id='word_1_21' title='bbox 418 548 506 607; x_wconf 81' lang='lat' dir='ltr'><strong>te,</strong></span> <span class='ocrx_word' id='word_1_22' title='bbox 562 547 626 594; x_wconf 86' lang='lat' dir='ltr'><strong>ut</strong></span> <span class='ocrx_word' id='word_1_23' title='bbox 670 544 806 595; x_wconf 87' lang='lat' dir='ltr'><strong>mihi</strong></span> <span class='ocrx_word' id='word_1_24' title='bbox 849 544 1096 609; x_wconf 78' lang='lat' dir='ltr'>scribas,</span> <span class='ocrx_word' id='word_1_25' title='bbox 1152 544 1284 609; x_wconf 85' lang='lat' dir='ltr'><strong>quid</strong></span> <span class='ocrx_word' id='word_1_26' title='bbox 1326 548 1390 595; x_wconf 84' lang='lat' dir='ltr'><strong>tu</strong></span> <span class='ocrx_word' id='word_1_27' title='bbox 1432 547 1763 613; x_wconf 81' lang='lat' dir='ltr'><strong>respondere</strong></span> 
     </span>
     <span class='ocr_line' id='line_1_5' title="bbox 241 627 1169 695; baseline -0.001 -15"><span class='ocrx_word' id='word_1_28' title='bbox 241 628 420 681; x_wconf 85' lang='lat' dir='ltr'><strong>velles</strong></span> <span class='ocrx_word' id='word_1_29' title='bbox 457 627 530 680; x_wconf 87' lang='lat' dir='ltr'><strong>ad</strong></span> <span class='ocrx_word' id='word_1_30' title='bbox 563 629 711 680; x_wconf 89' lang='lat' dir='ltr'><strong>hunc</strong></span> <span class='ocrx_word' id='word_1_31' title='bbox 747 628 1169 695; x_wconf 79' lang='lat' dir='ltr'><strong>Syllogismum:</strong></span> 
     </span>
    </p>

    <p class='ocr_par' dir='ltr' id='par_1_3' title="bbox 647 713 1311 779">
     <span class='ocr_line' id='line_1_6' title="bbox 647 713 1311 779; baseline 0.002 -15"><span class='ocrx_word' id='word_1_32' title='bbox 647 714 853 765; x_wconf 85' lang='lat' dir='ltr'><strong>Asinus</strong></span> <span class='ocrx_word' id='word_1_33' title='bbox 888 713 1063 766; x_wconf 85' lang='lat' dir='ltr'><strong>habet</strong></span> <span class='ocrx_word' id='word_1_34' title='bbox 1094 714 1311 779; x_wconf 84' lang='lat' dir='ltr'><strong>pedem,</strong></span> 
     </span>
    </p>

    <p class='ocr_par' dir='ltr' id='par_1_4' title="bbox 647 798 1191 865">
     <span class='ocr_line' id='line_1_7' title="bbox 647 798 1191 865; baseline 0 -16"><span class='ocrx_word' id='word_1_35' title='bbox 647 800 734 849; x_wconf 85' lang='lat' dir='ltr'><strong>Tu</strong></span> <span class='ocrx_word' id='word_1_36' title='bbox 767 798 942 850; x_wconf 84' lang='lat' dir='ltr'><strong>habes</strong></span> <span class='ocrx_word' id='word_1_37' title='bbox 978 798 1191 865; x_wconf 80' lang='lat' dir='ltr'><strong>pedem,</strong></span> 
     </span>
    </p>

    <p class='ocr_par' dir='ltr' id='par_1_5' title="bbox 239 883 1777 1618">
     <span class='ocr_line' id='line_1_8' title="bbox 646 883 1351 951; baseline 0.003 -17"><span class='ocrx_word' id='word_1_38' title='bbox 646 884 794 951; x_wconf 85' lang='lat' dir='ltr'><strong>Ergo</strong></span> <span class='ocrx_word' id='word_1_39' title='bbox 830 887 892 934; x_wconf 88' lang='lat' dir='ltr'><strong>tu</strong></span> <span class='ocrx_word' id='word_1_40' title='bbox 928 898 989 935; x_wconf 87' lang='lat' dir='ltr'><strong>cs</strong></span> <span class='ocrx_word' id='word_1_41' title='bbox 1024 883 1245 936; x_wconf 77' lang='lat' dir='ltr'><strong>Asinus.</strong></span> <span class='ocrx_word' id='word_1_42' title='bbox 1346 893 1351 899; x_wconf 84' lang='grc'><em>·</em></span> 
     </span>
     <span class='ocr_line' id='line_1_9' title="bbox 239 967 1762 1039; baseline 0.003 -19"><span class='ocrx_word' id='word_1_43' title='bbox 239 970 362 1038; x_wconf 86' lang='lat' dir='ltr'><strong>Ego</strong></span> <span class='ocrx_word' id='word_1_44' title='bbox 408 971 543 1035; x_wconf 83' lang='lat' dir='ltr'><strong>puto</strong></span> <span class='ocrx_word' id='word_1_45' title='bbox 589 967 1038 1035; x_wconf 83' lang='lat' dir='ltr'><strong>distinguendum</strong></span> <span class='ocrx_word' id='word_1_46' title='bbox 1082 984 1207 1021; x_wconf 84' lang='lat' dir='ltr'><strong>esse</strong></span> <span class='ocrx_word' id='word_1_47' title='bbox 1252 972 1400 1023; x_wconf 85' lang='lat' dir='ltr'><strong>inter</strong></span> <span class='ocrx_word' id='word_1_48' title='bbox 1445 972 1639 1039; x_wconf 85' lang='lat' dir='ltr'><strong>pedem</strong></span> <span class='ocrx_word' id='word_1_49' title='bbox 1675 989 1762 1025; x_wconf 88' lang='lat' dir='ltr'><strong>ra-</strong></span> 
     </span>
     <span class='ocr_line' id='line_1_10' title="bbox 241 1054 1766 1124; baseline 0.003 -19"><span class='ocrx_word' id='word_1_50' title='bbox 241 1055 510 1107; x_wconf 88' lang='lat' dir='ltr'><strong>tionalem</strong></span> <span class='ocrx_word' id='word_1_51' title='bbox 565 1058 621 1106; x_wconf 88' lang='lat' dir='ltr'><strong>et</strong></span> <span class='ocrx_word' id='word_1_52' title='bbox 672 1056 1073 1107; x_wconf 78' lang='lat' dir='ltr'><strong>irrationalem.</strong></span> <span class='ocrx_word' id='word_1_53' title='bbox 1154 1054 1264 1107; x_wconf 77' lang='lat' dir='ltr'><strong>Sed</strong></span> <span class='ocrx_word' id='word_1_54' title='bbox 1322 1061 1556 1124; x_wconf 85' lang='lat' dir='ltr'><strong>expecto</strong></span> <span class='ocrx_word' id='word_1_55' title='bbox 1615 1062 1766 1110; x_wconf 84' lang='lat' dir='ltr'><strong>tuum</strong></span> 
     </span>
     <span class='ocr_line' id='line_1_11' title="bbox 241 1138 1761 1209; baseline 0.001 -17"><span class='ocrx_word' id='word_1_56' title='bbox 241 1140 524 1192; x_wconf 83' lang='lat' dir='ltr'><strong>iudicium.</strong></span> <span class='ocrx_word' id='word_1_57' title='bbox 593 1138 735 1191; x_wconf 88' lang='lat' dir='ltr'><strong>Vale</strong></span> <span class='ocrx_word' id='word_1_58' title='bbox 785 1141 1086 1191; x_wconf 84' lang='lat' dir='ltr'><strong>amicorum</strong></span> <span class='ocrx_word' id='word_1_59' title='bbox 1123 1140 1343 1192; x_wconf 80' lang='lat' dir='ltr'>cervale</span> <span class='ocrx_word' id='word_1_60' title='bbox 1358 1178 1372 1204; x_wconf 90' lang='lat'>,</span> <span class='ocrx_word' id='word_1_61' title='bbox 1419 1146 1477 1192; x_wconf 85' lang='lat' dir='ltr'><strong>et</strong></span> <span class='ocrx_word' id='word_1_62' title='bbox 1520 1146 1761 1209; x_wconf 86' lang='lat' dir='ltr'><strong>tempore</strong></span> 
     </span>
     <span class='ocr_line' id='line_1_12' title="bbox 241 1224 1769 1293; baseline 0.001 -16"><span class='ocrx_word' id='word_1_63' title='bbox 241 1224 450 1293; x_wconf 80' lang='lat' dir='ltr'><strong>AEgidii</strong></span> <span class='ocrx_word' id='word_1_64' title='bbox 487 1225 732 1277; x_wconf 76' lang='lat' dir='ltr'><strong>alacrem</strong></span> <span class='ocrx_word' id='word_1_65' title='bbox 767 1229 823 1277; x_wconf 85' lang='lat' dir='ltr'><strong>tc</strong></span> <span class='ocrx_word' id='word_1_66' title='bbox 859 1229 1095 1292; x_wconf 74' lang='lat' dir='ltr'><strong>praesta,</strong></span> <span class='ocrx_word' id='word_1_67' title='bbox 1144 1226 1361 1277; x_wconf 85' lang='lat' dir='ltr'><strong>interea</strong></span> <span class='ocrx_word' id='word_1_68' title='bbox 1394 1241 1527 1278; x_wconf 79' lang='lat' dir='ltr'><strong>vero</strong></span> <span class='ocrx_word' id='word_1_69' title='bbox 1560 1242 1646 1278; x_wconf 87' lang='lat' dir='ltr'><strong>me</strong></span> <span class='ocrx_word' id='word_1_70' title='bbox 1682 1242 1769 1278; x_wconf 86' lang='lat' dir='ltr'><strong>re·</strong></span> 
     </span>
     <span class='ocr_line' id='line_1_13' title="bbox 244 1310 1773 1378; baseline 0 -15"><span class='ocrx_word' id='word_1_71' title='bbox 244 1310 565 1364; x_wconf 84' lang='lat' dir='ltr'><strong>commenda</strong></span> <span class='ocrx_word' id='word_1_72' title='bbox 621 1310 767 1377; x_wconf 84' lang='lat' dir='ltr'><strong>apud</strong></span> <span class='ocrx_word' id='word_1_73' title='bbox 821 1310 1323 1378; x_wconf 82' lang='lat' dir='ltr'><strong>Theologissimum</strong></span> <span class='ocrx_word' id='word_1_74' title='bbox 1365 1314 1607 1363; x_wconf 83' lang='lat' dir='ltr'><strong>vestrum</strong></span> <span class='ocrx_word' id='word_1_75' title='bbox 1653 1310 1773 1363; x_wconf 85' lang='lat' dir='ltr'><strong>Ab·</strong></span> 
     </span>
     <span class='ocr_line' id='line_1_14' title="bbox 241 1394 1777 1462; baseline -0.001 -14"><span class='ocrx_word' id='word_1_76' title='bbox 241 1398 457 1460; x_wconf 85' lang='lat' dir='ltr'><strong>batem,</strong></span> <span class='ocrx_word' id='word_1_77' title='bbox 514 1404 579 1448; x_wconf 87' lang='lat' dir='ltr'><strong>ut</strong></span> <span class='ocrx_word' id='word_1_78' title='bbox 623 1412 710 1447; x_wconf 84' lang='lat' dir='ltr'><strong>me</strong></span> <span class='ocrx_word' id='word_1_79' title='bbox 752 1395 892 1448; x_wconf 84' lang='lat' dir='ltr'><strong>velit</strong></span> <span class='ocrx_word' id='word_1_80' title='bbox 937 1410 1259 1462; x_wconf 84' lang='lat' dir='ltr'><strong>promovere</strong></span> <span class='ocrx_word' id='word_1_81' title='bbox 1306 1394 1377 1448; x_wconf 87' lang='lat' dir='ltr'><strong>ad</strong></span> <span class='ocrx_word' id='word_1_82' title='bbox 1419 1394 1777 1462; x_wconf 76' lang='lat' dir='ltr'><strong>pinguiorem</strong></span> 
     </span>
     <span class='ocr_line' id='line_1_15' title="bbox 242 1480 1767 1546; baseline 0 -15"><span class='ocrx_word' id='word_1_83' title='bbox 242 1480 516 1546; x_wconf 81' lang='lat' dir='ltr'><strong>officium,</strong></span> <span class='ocrx_word' id='word_1_84' title='bbox 562 1496 692 1531; x_wconf 86' lang='lat' dir='ltr'><strong>nam</strong></span> <span class='ocrx_word' id='word_1_85' title='bbox 737 1486 795 1531; x_wconf 91' lang='lat' dir='ltr'><strong>et</strong></span> <span class='ocrx_word' id='word_1_86' title='bbox 840 1482 891 1531; x_wconf 84' lang='lat' dir='ltr'><strong>si</strong></span> <span class='ocrx_word' id='word_1_87' title='bbox 937 1498 1057 1531; x_wconf 86' lang='lat' dir='ltr'><strong>sum</strong></span> <span class='ocrx_word' id='word_1_88' title='bbox 1096 1481 1422 1546; x_wconf 82' lang='lat' dir='ltr'><strong>Scholirega</strong></span> <span class='ocrx_word' id='word_1_89' title='bbox 1467 1495 1566 1546; x_wconf 86' lang='lat' dir='ltr'><strong>pro</strong></span> <span class='ocrx_word' id='word_1_90' title='bbox 1602 1494 1767 1540; x_wconf 77' lang='lat' dir='ltr'><strong>nunc,</strong></span> 
     </span>
     <span class='ocr_line' id='line_1_16' title="bbox 244 1563 1771 1618; baseline -0.001 -2"><span class='ocrx_word' id='word_1_91' title='bbox 244 1570 432 1618; x_wconf 88' lang='lat' dir='ltr'><strong>tamen</strong></span> <span class='ocrx_word' id='word_1_92' title='bbox 490 1580 600 1617; x_wconf 89' lang='lat' dir='ltr'><strong>non</strong></span> <span class='ocrx_word' id='word_1_93' title='bbox 658 1564 838 1615; x_wconf 84' lang='lat' dir='ltr'><strong>habeo</strong></span> <span class='ocrx_word' id='word_1_94' title='bbox 906 1563 1037 1614; x_wconf 82' lang='lat' dir='ltr'><strong>inde</strong></span> <span class='ocrx_word' id='word_1_95' title='bbox 1096 1563 1329 1614; x_wconf 86' lang='lat' dir='ltr'><strong>multum</strong></span> <span class='ocrx_word' id='word_1_96' title='bbox 1398 1564 1645 1615; x_wconf 86' lang='lat' dir='ltr'><strong>interere</strong></span> <span class='ocrx_word' id='word_1_97' title='bbox 1710 1568 1771 1615; x_wconf 89' lang='lat' dir='ltr'><strong>et</strong></span> 
     </span>
    </p>
   </div>
   <div class='ocr_carea' id='block_1_3' title="bbox 242 1650 505 1703">
    <p class='ocr_par' dir='ltr' id='par_1_6' title="bbox 242 1650 505 1703">
     <span class='ocr_line' id='line_1_17' title="bbox 242 1650 505 1703; baseline -0.004 -2"><span class='ocrx_word' id='word_1_98' title='bbox 242 1650 505 1703; x_wconf 86' lang='lat' dir='ltr'><strong>mordere.</strong></span> 
     </span>
    </p>
   </div>
   <div class='ocr_carea' id='block_1_4' title="bbox 242 1783 1783 2019">
    <p class='ocr_par' dir='ltr' id='par_1_7' title="bbox 242 1783 1783 2019">
     <span class='ocr_line' id='line_1_18' title="bbox 960 1783 1044 1831; baseline 0.012 -1"><span class='ocrx_word' id='word_1_99' title='bbox 960 1783 1044 1831; x_wconf 86' lang='lat'><strong>12.</strong></span> 
     </span>
     <span class='ocr_line' id='line_1_19' title="bbox 242 1862 1783 1934; baseline -0.006 -13"><span class='ocrx_word' id='word_1_100' title='bbox 242 1872 405 1921; x_wconf 84' lang='lat' dir='ltr'><strong>Hanc</strong></span> <span class='ocrx_word' id='word_1_101' title='bbox 439 1866 750 1934; x_wconf 83' lang='lat' dir='ltr'><strong>Epistolam</strong></span> <span class='ocrx_word' id='word_1_102' title='bbox 793 1864 1086 1932; x_wconf 82' lang='lat' dir='ltr'><strong>discipulis</strong></span> <span class='ocrx_word' id='word_1_103' title='bbox 1132 1864 1247 1915; x_wconf 86' lang='lat' dir='ltr'><strong>suis</strong></span> <span class='ocrx_word' id='word_1_104' title='bbox 1283 1862 1609 1915; x_wconf 77' lang='lat' dir='ltr'><strong>imitandam</strong></span> <span class='ocrx_word' id='word_1_105' title='bbox 1645 1882 1783 1933; x_wconf 76' lang='lat' dir='ltr'><strong>pro-</strong></span> 
     </span>
     <span class='ocr_line' id='line_1_20' title="bbox 770 1953 1241 2019; baseline -0.011 -13"><span class='ocrx_word' id='word_1_106' title='bbox 770 1953 1025 2019; x_wconf 75' lang='lat' dir='ltr'><strong>posuisse</strong></span> <span class='ocrx_word' id='word_1_107' title='bbox 1063 1953 1241 2003; x_wconf 85' lang='lat' dir='ltr'><strong>fertur</strong></span> 
     </span>
    </p>
   </div>
   <div class='ocr_carea' id='block_1_5' title="bbox 283 2031 1735 2617">
    <p class='ocr_par' dir='ltr' id='par_1_8' title="bbox 283 2031 1735 2617">
     <span class='ocr_line' id='line_1_21' title="bbox 451 2031 1548 2124; baseline -0.008 -19"><span class='ocrx_word' id='word_1_108' title='bbox 451 2036 847 2124; x_wconf 81' lang='lat' dir='ltr'><strong>Magister</strong></span> <span class='ocrx_word' id='word_1_109' title='bbox 889 2036 1179 2101; x_wconf 88' lang='lat' dir='ltr'><strong>Petrus</strong></span> <span class='ocrx_word' id='word_1_110' title='bbox 1223 2031 1548 2119; x_wconf 82' lang='lat' dir='ltr'><strong>Zepffel</strong></span> 
     </span>
     <span class='ocr_line' id='line_1_22' title="bbox 733 2137 1289 2192; baseline -0.007 0"><span class='ocrx_word' id='word_1_111' title='bbox 733 2142 890 2192; x_wconf 85' lang='lat' dir='ltr'><strong>Alias</strong></span> <span class='ocrx_word' id='word_1_112' title='bbox 925 2137 1289 2192; x_wconf 84' lang='lat' dir='ltr'><strong>Hiltebrandt</strong></span> 
     </span>
     <span class='ocr_line' id='line_1_23' title="bbox 682 2222 1343 2289; baseline -0.003 -14"><span class='ocrx_word' id='word_1_113' title='bbox 682 2241 781 2289; x_wconf 85' lang='lat' dir='ltr'><strong>pro</strong></span> <span class='ocrx_word' id='word_1_114' title='bbox 825 2239 977 2273; x_wconf 85' lang='lat' dir='ltr'><strong>nunc</strong></span> <span class='ocrx_word' id='word_1_115' title='bbox 1018 2222 1343 2273; x_wconf 82' lang='lat' dir='ltr'><strong>didascalon</strong></span> 
     </span>
     <span class='ocr_line' id='line_1_24' title="bbox 283 2306 1735 2375; baseline -0.004 -11"><span class='ocrx_word' id='word_1_116' title='bbox 283 2315 342 2364; x_wconf 88' lang='lat' dir='ltr'><strong>in</strong></span> <span class='ocrx_word' id='word_1_117' title='bbox 365 2311 628 2363; x_wconf 77' lang='lat' dir='ltr'><strong>Ecclesia</strong></span> <span class='ocrx_word' id='word_1_118' title='bbox 667 2308 967 2375; x_wconf 86' lang='lat' dir='ltr'><strong>collegiato</strong></span> <span class='ocrx_word' id='word_1_119' title='bbox 1004 2308 1189 2358; x_wconf 86' lang='lat' dir='ltr'><strong>sancti</strong></span> <span class='ocrx_word' id='word_1_120' title='bbox 1225 2306 1436 2373; x_wconf 82' lang='lat' dir='ltr'><strong>Syfridi</strong></span> <span class='ocrx_word' id='word_1_121' title='bbox 1468 2310 1735 2375; x_wconf 84' lang='lat' dir='ltr'><strong>Metensi‚</strong></span> 
     </span>
     <span class='ocr_line' id='line_1_25' title="bbox 455 2391 1551 2447; baseline -0.004 0"><span class='ocrx_word' id='word_1_122' title='bbox 455 2394 684 2447; x_wconf 87' lang='lat' dir='ltr'><strong>discreti</strong></span> <span class='ocrx_word' id='word_1_123' title='bbox 719 2409 825 2445; x_wconf 90' lang='lat' dir='ltr'><strong>nec</strong></span> <span class='ocrx_word' id='word_1_124' title='bbox 859 2408 971 2445; x_wconf 89' lang='lat' dir='ltr'><strong>non</strong></span> <span class='ocrx_word' id='word_1_125' title='bbox 1006 2391 1315 2444; x_wconf 85' lang='lat' dir='ltr'><strong>scientifico</strong></span> <span class='ocrx_word' id='word_1_126' title='bbox 1350 2395 1551 2447; x_wconf 76' lang='lat' dir='ltr'><strong>iuveno</strong></span> 
     </span>
     <span class='ocr_line' id='line_1_26' title="bbox 656 2477 1352 2532; baseline -0.003 -1"><span class='ocrx_word' id='word_1_127' title='bbox 656 2479 942 2532; x_wconf 83' lang='lat' dir='ltr'><strong>Alexius</strong></span> <span class='ocrx_word' id='word_1_128' title='bbox 979 2477 1057 2529; x_wconf 85' lang='lat' dir='ltr'><strong>de</strong></span> <span class='ocrx_word' id='word_1_129' title='bbox 1093 2478 1352 2530; x_wconf 74' lang='lat' dir='ltr'><strong>Menitz</strong></span> 
     </span>
     <span class='ocr_line' id='line_1_27' title="bbox 549 2562 1475 2617; baseline -0.006 -1"><span class='ocrx_word' id='word_1_130' title='bbox 549 2568 728 2617; x_wconf 87' lang='lat' dir='ltr'><strong>amico</strong></span> <span class='ocrx_word' id='word_1_131' title='bbox 762 2564 1159 2616; x_wconf 87' lang='lat' dir='ltr'><strong>maximissime</strong></span> <span class='ocrx_word' id='word_1_132' title='bbox 1198 2562 1475 2613; x_wconf 77' lang='lat' dir='ltr'><strong>adamato.</strong></span> 
     </span>
    </p>
   </div>
   <div class='ocr_carea' id='block_1_6' title="bbox 241 2662 1789 2818">
    <p class='ocr_par' dir='ltr' id='par_1_9' title="bbox 241 2662 1789 2818">
     <span class='ocr_line' id='line_1_28' title="bbox 345 2662 1787 2733; baseline -0.003 -14"><span class='ocrx_word' id='word_1_133' title='bbox 345 2667 596 2719; x_wconf 79' lang='lat' dir='ltr'><strong>Salutem</strong></span> <span class='ocrx_word' id='word_1_134' title='bbox 631 2682 810 2717; x_wconf 86' lang='lat' dir='ltr'><strong>meam</strong></span> <span class='ocrx_word' id='word_1_135' title='bbox 844 2670 1109 2733; x_wconf 83' lang='lat' dir='ltr'><strong>apertam.</strong></span> <span class='ocrx_word' id='word_1_136' title='bbox 1179 2662 1401 2715; x_wconf 77' lang='lat' dir='ltr'><strong>Dilecto</strong></span> <span class='ocrx_word' id='word_1_137' title='bbox 1448 2663 1601 2713; x_wconf 84' lang='lat' dir='ltr'><strong>socie</strong></span> <span class='ocrx_word' id='word_1_138' title='bbox 1638 2664 1787 2714; x_wconf 82' lang='lat' dir='ltr'><strong>cha-</strong></span> 
     </span>
     <span class='ocr_line' id='line_1_29' title="bbox 241 2746 1789 2818; baseline -0.001 -17"><span class='ocrx_word' id='word_1_139' title='bbox 241 2753 488 2818; x_wconf 83' lang='lat' dir='ltr'><strong>rissime,</strong></span> <span class='ocrx_word' id='word_1_140' title='bbox 549 2767 651 2818; x_wconf 83' lang='lat' dir='ltr'><strong>ego</strong></span> <span class='ocrx_word' id='word_1_141' title='bbox 695 2752 857 2803; x_wconf 80' lang='lat' dir='ltr'><strong>mitto</strong></span> <span class='ocrx_word' id='word_1_142' title='bbox 903 2754 960 2802; x_wconf 85' lang='lat' dir='ltr'><strong>te</strong></span> <span class='ocrx_word' id='word_1_143' title='bbox 1006 2751 1183 2813; x_wconf 85' lang='lat' dir='ltr'><strong>scire,</strong></span> <span class='ocrx_word' id='word_1_144' title='bbox 1244 2746 1388 2812; x_wconf 85' lang='lat' dir='ltr'><strong>quod</strong></span> <span class='ocrx_word' id='word_1_145' title='bbox 1436 2762 1541 2813; x_wconf 85' lang='lat' dir='ltr'><strong>ego</strong></span> <span class='ocrx_word' id='word_1_146' title='bbox 1595 2762 1789 2818; x_wconf 85' lang='lat' dir='ltr'><strong>nuper</strong></span> 
     </span>
    </p>
   </div>
  </div>
 </body>
</html>
