1942 3109
267 217 334 268 72
401 231 782 268 Pnpnarconm
809 231 1047 268 nunus.
1064 230 1283 267 com-m
1308 231 1770 268 samosatum&

265 340 390 388 tatu
433 335 838 403 dignissimum)
893 338 1089 401 quovis
1144 335 1303 387 modo
1360 339 1582 401 poterat
1626 354 1777 391 suam

267 422 430 473 edere
470 422 951 487 consultationem,
988 424 1086 472 aut
1118 421 1178 472 in
1216 437 1283 472 ea
1320 425 1513 472 contra
1536 438 1622 474 me
1648 427 1810 475 scri-‘

265 507 416 558 bere.
486 508 610 575 Hee
648 509 832 559 autem
867 507 1039 572 probo
1076 506 1180 556 tali
1213 508 1461 558 ratione:
1494 507 1634 558 Nam
1661 525 1776 560 cum

265 607 378 642 una
413 607 661 644 essemus
709 607 894 644 coram
929 591 1175 660 Cesarea
1218 593 1515 642 maiestate
1560 597 1617 643 et
1658 596 1777 661 ipse

259 693 346 726 me
384 681 708 728 accusasset
742 691 864 726 cum
900 679 1037 740 saie,
1072 693 1139 726 eo
1168 676 1316 740 quod
1352 691 1455 742 ego
1494 677 1777 728 edidissem

261 762 546 827 speculum
580 777 756 812 meum
792 761 1072 825 manuale,
1108 759 1515 825 inclytissimus
1550 763 1779 828 impera·

263 848 350 895 tor
387 845 576 895 audita
622 862 722 910 per
767 861 896 897 suos
943 861 977 894 a
1012 861 1099 895 me
1136 846 1463 896 rationabili
1498 861 1675 898 causa
1708 849 1774 898 si·

259 930 496 980 lentium
525 931 752 995 utrique
788 933 1037 982 nostrum
1084 929 1285 980 indixit
1300 967 1313 994 ,
1364 933 1419 981 et
1466 929 1536 980 ad
1570 933 1779 997 tempus

263 1015 332 1065 ab
373 1031 438 1067 eo
475 1017 594 1067 sive
631 1031 664 1066 a
702 1017 816 1066 suis
863 1017 1024 1068 nobis
1072 1013 1545 1079 constituendum,
1589 1029 1781 1080 pacem

157 1093 226 1158 5¹³
265 1100 334 1151 ab
371 1104 610 1164 utraque
645 1105 802 1165 parte
839 1101 988 1150 inter
1020 1115 1119 1151 nos
1144 1099 1281 1151 duos
1304 1099 1523 1150 servari
1548 1098 1561 1163 1
1586 1100 1781 1149 voluit.

259 1183 388 1248 Ipse
425 1185 595 1250 igitur
629 1185 865 1237 Ioannes
899 1183 1177 1236 Reuchlin
1223 1200 1334 1234 non
1376 1185 1488 1234 fuit
1522 1182 1787 1236 obediens

259 1270 542 1321 voluntati
577 1271 928 1336 imperatoris
965 1273 1083 1323 sive
1124 1269 1467 1321 consiliariis
1494 1270 1613 1319 eius
1640 1272 1787 1334 opti—

259 1369 348 1404 me
393 1357 633 1420 meritis,
693 1355 791 1406 sed
835 1369 946 1405 non
1002 1358 1305 1421 expectans
1362 1359 1577 1419 tempus
1640 1355 1787 1418 quod

259 1439 422 1488 nobis
461 1439 907 1490 constituendum
942 1444 1083 1504 erat,
1120 1455 1222 1490 sua
1257 1443 1453 1505 sponte
1480 1443 1535 1490 et
1558 1453 1665 1489 sua
1704 1438 1789 1502 (ut

259 1522 343 1571 ita
387 1521 590 1586 dicam)
652 1522 966 1573 temeritate
1022 1524 1257 1588 imprimi
1310 1524 1451 1576 feeit
1494 1539 1650 1574 suam
1700 1539 1787 1574 er—

256 1621 485 1658 roneam
521 1607 1004 1658 consultationem.
1070 1599 1121 1659 (I
1156 1609 1231 1658 Et
1264 1613 1519 1677 preterea
1556 1611 1607 1660 si
1626 1607 1790 1659 nullo

257 1691 418 1742 modo
453 1691 594 1742 illud
639 1692 884 1743 futurum
917 1694 1398 1745 reconciliationis
1434 1697 1655 1758 tempus
1696 1709 1791 1744 ex·

257 1780 488 1842 pectere
531 1777 833 1842 voluisset,
903 1778 1145 1829 debebat
1196 1780 1317 1843 ipse
1372 1795 1459 1829 me
1514 1780 1793 1842 tanquam

263 1862 442 1913 civem
493 1861 880 1914 Coloniensem
937 1877 1037 1928 pro
1084 1877 1183 1913 suo
1228 1862 1459 1912 arbitrio
1506 1863 1565 1911 in
1588 1915 1593 1919 ,
1614 1862 1798 1926 quod-

261 1960 478 2012 cunque
513 1949 602 2000 ius
639 1963 826 2000 coram
849 1949 1045 2014 quovis
1080 1946 1263 1998 iudice
1300 1944 1487 2010 (prout
1508 1946 1649 1996 iuris
1680 1946 1801 2011 est)

258 2035 574 2099 vocavisse,
615 2050 678 2086 eo
715 2033 862 2097 quod
895 2037 1153 2100 paratum
1188 2047 1273 2082 me
1310 2030 1490 2082 obtuli
1527 2047 1596 2081 ea
1630 2031 1695 2079 in
1735 2047 1803 2081 re

261 2115 348 2181 (ut
369 2119 672 2184 pauloante
697 2119 906 2168 dictum
931 2117 1039 2184 est)
1079 2133 1261 2169 eoram
1286 2129 1619 2181 quocunque
1646 2131 1805 2186 sem-

259 2215 358 2265 per
393 2201 904 2251 obedientissimum
939 2213 1061 2250 esse
1097 2201 1245 2251 velle
1283 2204 1360 2250 ,et
1396 2218 1441 2250 c.

369 2276 420 2336 (I
455 2285 540 2336 Ex
573 2285 662 2336 his
699 2284 869 2350 igitur
903 2289 960 2336 et
996 2284 1124 2335 aliis
1170 2284 1437 2352 predictis
1474 2287 1808 2338 rationibus

265 2369 490 2436 (quibus
526 2383 612 2420 me
659 2369 1005 2420 defendendo
1055 2373 1355 2422 extremum
1400 2369 1597 2421 iudicii
1640 2370 1811 2420 diem

261 2459 656 2520 expectaturus
691 2454 831 2520 sum)
869 2456 1009 2506 satis
1042 2471 1175 2507 vere
1213 2459 1269 2505 et
1306 2456 1458 2506 clare
1484 2458 1667 2520 patet,
1706 2471 1811 2505 me

261 2536 526 2587 Ioannem
549 2537 979 2601 Peperieornum
1002 2553 1181 2604 neque
1210 2539 1519 2590 adversarii
1542 2539 1812 2590 consilia

259 2620 466 2671 iniuste
512 2619 862 2685 publicasse,
915 2637 1097 2687 neque
1164 2625 1344 2688 ipsum
1396 2637 1555 2672 suam
1600 2623 1815 2688 perdi-

259 2704 536 2754 tissimam
595 2704 1059 2756 consultationem
1130 2707 1199 2757 ob
1258 2707 1544 2770 speculum
1604 2721 1817 2756 meum
