1942 3109
261 235 329 285 98
399 247 776 286 rernmconm
797 239 1037 286 narsus.
1061 247 1278 286 cosi-as
1300 247 1503 284 nuos.
1527 249 1785 288 onum».

263 356 410 406 hunc
454 369 628 420 usque
674 354 819 406 diem
863 355 1003 404 nihil
1049 354 1116 406 de
1162 356 1269 405 hac
1318 367 1491 404 eausa
1527 354 1784 420 sciretur,

261 441 577 505 fuissetque
601 441 824 506 penitus
851 441 1119 490 extincta.
1155 440 1359 492 Verum
1369 438 1649 490 Reuchlin
1666 457 1783 506 per-

265 527 424 577 tinax
461 525 696 576 effectus
730 539 828 591 pro
865 525 981 575 suis
1017 525 1269 589 peccatis
1304 523 1519 574 nullum
1556 524 1787 578 volebat

266 610 388 676 pati
433 608 702 661 dolorem:
751 609 922 660 etiam
967 608 1225 660 diabolus
1271 609 1593 673 superbiam
1629 623 1785 662 suam

200 685 244 749 9
269 695 544 760 deponere
585 693 594 759 Ι
633 694 864 746 nolebat
907 709 1023 761 nec·
1068 691 1255 744 dicere
1309 695 1497 758 potuit
1552 692 1784 747 ‘domine

267 779 526 830 miserere
561 779 700 842 mei,
745 779 945 829 Erravi
992 781 1049 828 et
1082 778 1290 828 iniuste
1328 778 1481 842 feci',
1530 781 1785 842 quemad·

267 863 484 914 modum
526 862 734 930 Regius
793 863 1065 928 propheta
1125 866 1180 912 et
1216 861 1401 930 ..divus
1447 862 1785 930 Augustinus

267 948 542 1000 fecerunt.
612 945 721 998 Sed
753 946 1029 998 Reuchlin
1062 946 1285 998 tandem
1322 948 1546 999 astucia
1580 963 1681 1000 sua
1702 951 1787 1000 ef·

269 1032 428 1083 finxit
460 1034 520 1084 in
556 1032 1027 1085 consultationem
1062 1047 1219 1083 suam
1254 1036 1311 1082 et
1348 1032 1517 1084 etiam
1562 1034 1621 1082 in
1654 1049 1788 1098 suas

272 1118 536 1181 antiquas
573 1116 987 1168 declarationes
1025 1116 1173 1167 alias
1206 1131 1382 1167 novas
1420 1121 1477 1167 et
1512 1118 1789 1169 theutoni-

272 1217 368 1253 cas
403 1202 914 1266 interpretationes,
953 1201 1157 1266 quibus
1188 1216 1386 1252 nomen
1422 1201 1576 1253 dedit
1598 1201 1791 1255 ‘Clara

272 1287 519 1340 ocularis
573 1286 790 1352 speculi
836 1286 1165 1338 declaratio'
1216 1286 1285 1336 ad
1330 1286 1689 1338 obtinendam
1734 1290 1795 1340 in

273 1371 470 1424 mundo
515 1369 699 1433 illam,
748 1369 979 1420 credens
1024 1385 1085 1420 se
1129 1385 1277 1421 nova
1322 1371 1423 1422 illa
1467 1372 1797 1425 theutonica

273 1454 655 1506 declaratione
691 1454 971 1505 voluntati
1008 1453 1293 1506 doctorum
1320 1458 1377 1506 et
1399 1455 1669 1509 scandalo
1694 1473 1798 1524 pu·

273 1539 422 1589 blico
447 1536 778 1588 satisfacere
802 1538 1069 1602 potuisse.
1120 1537 1228 1589 Sed
1250 1540 1357 1590 hoc
1384 1555 1550 1604 quam
1572 1543 1797 1594 omnino

274 1621 492 1689 puerile
530 1623 680 1673 esset
715 1624 773 1672 et
807 1636 1012 1674 vanum
1048 1637 1206 1674 nemo
1241 1624 1419 1676 bonus
1457 1627 1761 1692 ignorabit.

804 1695 979 1757 Not'a
1015 1707 1249 1759 lector.

415 1783 467 1844 ΙΙ
501 1789 585 1842 Ad
621 1790 725 1842 hoc
759 1791 930 1858 igitur
965 1791 1361 1844 declarandum
1396 1795 1505 1845 fuit·
1540 1812 1677 1865 sepe
1700 1797 1801 1848 ad-

277 1880 517 1931 monitus
540 1876 780 1927 Ioannes
797 1875 1074 1926 Reuchlin
1098 1892 1133 1926 a
1156 1879 1385 1944 nostris,
1413 1883 1471 1930 et
1493 1879 1551 1931 id
1574 1881 1807 1946 quidem

277 1964 551 2030 piissime,
598 1964 662 2012 ut
695 1959 849 2012 illius
887 1959 957 2011 ad
1003 1965 1222 2012 nostros
1268 1966 1324 2013 et
1366 1968 1681 2016 nostrorum
1734 1968 1815 2019 ad

274 2051 436 2102 illum
493 2047 730 2116 epistole
789 2049 1097 2110 testantur,
1168 2051 1229 2096 ut
1288 2048 1513 2099 tandem
1570 2051 1817 2102 beatum

277 2135 646 2202 Augustinum
691 2130 972 2195 sequendo
1022 2146 1234 2182 errores
1270 2147 1398 2183 suos
1436 2133 1710 2200 legitimis
1756 2141 1824 2188 et

279 2219 490 2284 apertis
536 2221 592 2265 et
643 2215 1050 2265 sufficientibus
1106 2216 1583 2268 declarationibus
1644 2235 1821 2273 revo-

281 2305 453 2352 caret.
525 2298 684 2363 Quod
722 2314 844 2348 cum
879 2313 940 2349 se
979 2297 1169 2350 facere
1206 2301 1353 2352 velle
1384 2302 1655 2354 callidius
1678 2320 1823 2370 pro-

281 2388 552 2449 misisset,
600 2383 772 2434 edidit
813 2383 1169 2436 theutonicas
1214 2373 1634 2438 declarationes
1684 2405 1827 2442 cum

283 2473 501 2534 aliquot
533 2470 836 2521 invectivis
871 2485 1064 2536 parum
1100 2473 1199 2521 aut
1230 2470 1370 2522 nihil
1408 2487 1443 2521 a
1481 2471 1683 2524 latinis
1716 2491 1831 2526 an-

280 2558 374 2604 tea
409 2555 707 2617 impressas
742 2553 1147 2619 discrepantes.
1216 2555 1341 2606 Hoc
1386 2570 1518 2622 ergo
1562 2557 1671 2607 ubi
1722 2559 1833 2612 do·

286 2641 466 2687 oteres
491 2638 666 2686 nostri
692 2638 1135 2702 considerarunt,
1174 2643 1231 2688 et
1256 2638 1397 2689 nihil
1422 2640 1493 2691 ab
1524 2655 1589 2690 eo
1618 2649 1837 2710 preter

281 2720 454 2771 verba
491 2734 558 2769 ac
604 2718 918 2772 illusionem
962 2723 1309 2788 acciperent,
1357 2723 1682 2777 iustissima
1730 2744 1838 2780 oc-
