1942 3109
154 244 218 289 45.
241 251 358 286 1011.
383 248 742 287 annitamur.
774 244 842 288 46.
863 248 1111 287 cunum
1132 250 1522 289 unexuuucx.
1561 235 1658 289 301

155 371 357 421 paucos
413 354 722 419 auditores,
780 360 836 407 et
881 360 966 407 est
1012 355 1237 419 querela
1282 360 1471 408 vestra
1516 354 1660 421 quod

154 441 424 491 Busohius
469 444 528 491 et
571 440 848 491 Caesarius
894 440 1123 491 trahunt
1165 441 1325 493 vobis
1378 441 1661 493 scholares

157 531 212 577 et
247 526 536 592 supposita
573 524 802 575 abinde:
839 540 960 575 eum
998 530 1181 579 tamen
1214 526 1325 590 ipsi
1348 541 1455 577 non
1478 527 1661 577 sciunt

154 611 238 661 ita
273 624 542 676 exponere
566 614 762 674 poetas
785 610 1099 681 Allegoriee
1132 611 1283 661 sicut
1314 626 1441 674 vos,
1480 615 1537 660 et
1570 626 1660 662 su·

152 695 500 761 per-allegare
526 710 742 745 sacram
765 697 1111 761 scripturam.
1175 694 1349 745 Credo
1376 695 1521 759 quod
1544 694 1661 747 dia-

151 781 310 831 bolus
349 784 436 831 est
471 782 530 831 in
565 780 680 831 illis
715 782 914 847 poetis.
982 780 1101 847 Ipsi
1134 780 1427 832 destruunt
1471 794 1659 830 omnes

151 865 566 917 universitates.
637 871 694 917 et
749 866 937 917 audivi
982 867 1051 917 ab
1096 882 1207 916 uno
1252 865 1497 930 Antiqno
1540 865 1659 915 Ma-

151 952 322 1016 gistro
365 950 631 1015 Lipsensi
676 951 772 1014 qui
812 951 924 1000 fuit
965 950 1231 1015 magister
1274 966 1445 1000 xxxv1
1492 966 1661 1001 anno-

151 1050 294 1099 rum,
333 1041 390 1087 et
425 1034 568 1085 dixit
602 1034 762 1099 mihi,
801 1033 1021 1097 quando
1057 1035 1177 1098 ipse
1202 1034 1405 1083 fuisset
1426 1035 1665 1097 iuvenis,

150 1125 283 1171 tunc
317 1120 424 1172 illa
455 1120 793 1171 universitas
828 1120 970 1169 bene
1007 1119 1283 1183 stetisset,
1332 1119 1463 1182 quia
1498 1119 1557 1167 in
1590 1134 1665 1169 xx

148 1206 462 1257 miliaribus
497 1204 686 1255 nullus
723 1208 890 1269 poeta
924 1204 1143 1255 fuisset.
1212 1204 1287 1253 Et
1322 1202 1460 1253 dixit
1497 1203 1665 1253 etiam

151 1289 297 1354 quod
331 1295 464 1342 tune
501 1290 790 1355 supposita
825 1288 1123 1355 diligenter
1149 1288 1563 1353 compleverunt
1586 1287 1665 1339 le-

150 1376 366 1429 ctiones
409 1390 538 1425 suas
582 1374 844 1425 formales
891 1379 948 1424 et
980 1374 1305 1425 Materiales
1342 1389 1440 1425 seu
1472 1374 1665 1425 bursa·
1698 1400 1721 1424 a

149 1461 264 1511 les:
315 1464 374 1511 et
414 1460 832 1524 fuit·1nagnum
884 1458 1207 1513 scandalum
1261 1458 1404 1523 quod
1458 1457 1663 1523 aliquis

147 1544 376 1599 studens
422 1546 530 1595 iret
572 1546 630 1595 in
675 1544 866 1610 platea
912 1550 968 1595 et
1012 1560 1122 1612 nqn
1165 1544 1398 1597 haberet
1439 1544 1665 1595 Petrum

147 1632 461 1695 Hispanum
497 1634 596 1681 aut
625 1630 810 1681 Parva
843 1629 1113 1695 logicalia
1149 1630 1249 1681 sub
1286 1629 1531 1679 brachio.
1588 1629 1665 1678 Et

147 1718 198 1767 si
245 1716 476 1767 fuerunt
519 1713 900 1776 Grammatioi‚
947 1718 1083 1763 tune
1126 1714 1424 1777 portabant
1466 1714 1665 1763 Partes

145 1798 457 1851 Alexandri
487 1798 578 1849 vel
599 1798 752 1851 Vade
787 1814 1001 1851 meeum
1034 1798 1125 1849 vel
1157 1797 1497 1849 Exercitium
1531 1813 1665 1862 pue·

144 1898 365 1945 rorum,
421 1887 518 1931 aut
571 1882 718 1949 Opus
771 1884 979 1947 minus,
1041 1887 1139 1933 aut
1196 1882 1349 1935 dieta
1400 1881 1665 1931 Iohannis

148 1967 404 2021 Sinthon.
475 1968 550 2017 Et
581 1968 640 2017 in
676 1968 882 2019 scholis
929 1966 1299 2019 advertebant
1342 1965 1665 2031 diligenterQ:

151 2059 210 2107 et
265 2052 579 2106 habuerunt
631 2053 692 2103 in
734 2053 938 2103 honore
983 2052 1275 2115 magistros
1320 2049 1559 2099 Artium:
1612 2054 1669 2099 et

149 2138 373 2203 quando
409 2137 666 2189 viderunt
699 2152 863 2189 unum
888 2135 1241 2201 Magistrum,
1277 2138 1410 2187 tunc
1446 2134 1675 2191 fuerunt,

149 2222 442 2288 perterriti
472 2223 658 2285 ,quasi
710 2221 962 2273 viderent
1016 2234 1181 2271 unum
1226 2220 1521 2273 diabolum.
1593 2219 1669 2269 Et

150 2306 299 2357 dixit
347 2305 516 2355 etiam
565 2306 705 2368 quod
751 2312 983 2372 protunc
1030 2311 1229 2370 quater
1271 2306 1331 2355 in
1366 2321 1510 2355 anno
1546 2320 1669 2369 pro·

153 2391 520 2442 movebantur
569 2390 844 2443 bacularis·
885 2398 942 2442 et
987 2406 1201 2455 semper
1247 2406 1345 2455 pro
1388 2404 1501 2439 una
1546 2390 1671 2441 viee

156 2482 286 2528 sunt
321 2476 621 2541 sexaginta
659 2480 754 2528 aut
789 2474 1215 2540 quinquaginta.
1284 2474 1357 2523 Et
1401 2473 1499 2535 illo
1536 2478 1671 2523 tem·

155 2578 286 2627 pore
356 2560 694 2613 universitas
760 2561 865 2625 illa
930 2560 1041 2611 fuit
1104 2558 1333 2611 multum
1398 2560 1456 2609 in
1520 2560 1669 2609 flore.

158 2651 214 2699 et
267 2645 486 2711 quando
538 2660 679 2697 unus
733 2646 892 2697 stetit
939 2659 1039 2708 per
1091 2658 1291 2701 annum
1346 2658 1465 2695 eum
1518 2642 1673 2693 dimi·

157 2730 275 2796 dio,
321 2733 432 2784 fuit
477 2735 758 2797 promotus
803 2730 862 2778 in
904 2728 1281 2788 bacularium,
1316 2730 1374 2775 et
1417 2740 1515 2788 per
1558 2729 1673 2773 tres
