<?xml version="1.0" encoding="UTF-8"?>
<!DOCTYPE html PUBLIC "-//W3C//DTD XHTML 1.0 Transitional//EN"
    "http://www.w3.org/TR/xhtml1/DTD/xhtml1-transitional.dtd">
<html xmlns="http://www.w3.org/1999/xhtml" xml:lang="en" lang="en">
 <head>
  <title>
</title>
<meta http-equiv="Content-Type" content="text/html;charset=utf-8" />
  <meta name='ocr-system' content='tesseract 3.04.00' />
  <meta name='ocr-capabilities' content='ocr_page ocr_carea ocr_par ocr_line ocrx_word'/>
</head>
<body>
  <div class='ocr_page' id='page_1' title='image "./epistolaeobscur00huttgoog_0041.png"; bbox 0 0 1942 3109; ppageno 0'>
   <div class='ocr_carea' id='block_1_1' title="bbox 285 229 1545 280">
    <p class='ocr_par' dir='ltr' id='par_1_1' title="bbox 285 229 1545 280">
     <span class='ocr_line' id='line_1_1' title="bbox 285 229 1545 280; baseline -0.003 0"><span class='ocrx_word' id='word_1_1' title='bbox 285 229 352 280; x_wconf 81' lang='grc'><strong>30</strong></span> <span class='ocrx_word' id='word_1_2' title='bbox 543 244 831 280; x_wconf 73' lang='lat' dir='ltr'>EPISTOLAE</span> <span class='ocrx_word' id='word_1_3' title='bbox 869 243 1233 278; x_wconf 74' lang='lat' dir='ltr'>OBSCVRORVM</span> <span class='ocrx_word' id='word_1_4' title='bbox 1272 243 1545 278; x_wconf 74' lang='lat' dir='ltr'><strong>vmonvu.</strong></span> 
     </span>
    </p>
   </div>
   <div class='ocr_carea' id='block_1_2' title="bbox 272 347 1811 2769">
    <p class='ocr_par' dir='ltr' id='par_1_2' title="bbox 272 347 1811 2769">
     <span class='ocr_line' id='line_1_2' title="bbox 284 347 1809 398; baseline -0.001 -2"><span class='ocrx_word' id='word_1_5' title='bbox 284 350 341 396; x_wconf 91' lang='lat' dir='ltr'><strong>in</strong></span> <span class='ocrx_word' id='word_1_6' title='bbox 387 349 673 396; x_wconf 76' lang='lat' dir='ltr'><strong>Parthisia</strong></span> <span class='ocrx_word' id='word_1_7' title='bbox 721 353 778 397; x_wconf 88' lang='lat' dir='ltr'><strong>et</strong></span> <span class='ocrx_word' id='word_1_8' title='bbox 825 347 1059 397; x_wconf 84' lang='lat' dir='ltr'><strong>Colonia</strong></span> <span class='ocrx_word' id='word_1_9' title='bbox 1104 348 1437 398; x_wconf 83' lang='lat' dir='ltr'><strong>fantasticos</strong></span> <span class='ocrx_word' id='word_1_10' title='bbox 1486 352 1541 397; x_wconf 90' lang='lat' dir='ltr'><strong>et</strong></span> <span class='ocrx_word' id='word_1_11' title='bbox 1584 347 1809 396; x_wconf 86' lang='lat' dir='ltr'><strong>stultos.</strong></span> 
     </span>
     <span class='ocr_line' id='line_1_3' title="bbox 285 431 1809 496; baseline -0.001 -14"><span class='ocrx_word' id='word_1_12' title='bbox 285 436 342 482; x_wconf 87' lang='lat' dir='ltr'><strong>et</strong></span> <span class='ocrx_word' id='word_1_13' title='bbox 376 432 630 481; x_wconf 87' lang='lat' dir='ltr'><strong>dixerunt</strong></span> <span class='ocrx_word' id='word_1_14' title='bbox 677 431 820 495; x_wconf 86' lang='lat' dir='ltr'><strong>quod</strong></span> <span class='ocrx_word' id='word_1_15' title='bbox 856 433 1097 496; x_wconf 82' lang='lat' dir='ltr'><strong>ipsorum</strong></span> <span class='ocrx_word' id='word_1_16' title='bbox 1130 433 1261 482; x_wconf 88' lang='lat' dir='ltr'><strong>libri</strong></span> <span class='ocrx_word' id='word_1_17' title='bbox 1294 447 1460 496; x_wconf 83' lang='lat' dir='ltr'><strong>super</strong></span> <span class='ocrx_word' id='word_1_18' title='bbox 1492 433 1809 482; x_wconf 86' lang='lat' dir='ltr'><strong>sententias</strong></span> 
     </span>
     <span class='ocr_line' id='line_1_4' title="bbox 285 516 1807 584; baseline -0.001 -18"><span class='ocrx_word' id='word_1_19' title='bbox 285 521 472 566; x_wconf 84' lang='lat' dir='ltr'><strong>essent</strong></span> <span class='ocrx_word' id='word_1_20' title='bbox 515 517 792 584; x_wconf 78' lang='lat' dir='ltr'><strong>fantasie3</strong></span> <span class='ocrx_word' id='word_1_21' title='bbox 852 517 1107 567; x_wconf 88' lang='lat' dir='ltr'><strong>similiter</strong></span> <span class='ocrx_word' id='word_1_22' title='bbox 1150 532 1469 581; x_wconf 85' lang='lat' dir='ltr'><strong>processus,</strong></span> <span class='ocrx_word' id='word_1_23' title='bbox 1520 516 1807 579; x_wconf 83' lang='lat' dir='ltr'><strong>copulata,</strong></span> 
     </span>
     <span class='ocr_line' id='line_1_5' title="bbox 283 599 1809 665; baseline -0.001 -16"><span class='ocrx_word' id='word_1_24' title='bbox 283 602 666 665; x_wconf 80' lang='lat' dir='ltr'><strong>reparationes</strong></span> <span class='ocrx_word' id='word_1_25' title='bbox 725 603 963 652; x_wconf 88' lang='lat' dir='ltr'><strong>omnium</strong></span> <span class='ocrx_word' id='word_1_26' title='bbox 1019 602 1307 651; x_wconf 81' lang='lat' dir='ltr'><strong>bursarum</strong></span> <span class='ocrx_word' id='word_1_27' title='bbox 1360 600 1615 650; x_wconf 85' lang='lat' dir='ltr'><strong>dixerunt</strong></span> <span class='ocrx_word' id='word_1_28' title='bbox 1660 599 1809 663; x_wconf 85' lang='lat' dir='ltr'><strong>quod</strong></span> 
     </span>
     <span class='ocr_line' id='line_1_6' title="bbox 285 684 1808 748; baseline -0.001 -14"><span class='ocrx_word' id='word_1_29' title='bbox 285 689 470 734; x_wconf 80' lang='lat' dir='ltr'><strong>essent</strong></span> <span class='ocrx_word' id='word_1_30' title='bbox 504 687 808 736; x_wconf 82' lang='lat' dir='ltr'><strong>vanitates.</strong></span> <span class='ocrx_word' id='word_1_31' title='bbox 881 686 1037 735; x_wconf 86' lang='lat' dir='ltr'><strong>Tunc</strong></span> <span class='ocrx_word' id='word_1_32' title='bbox 1072 686 1155 734; x_wconf 87' lang='lat' dir='ltr'><strong>fui</strong></span> <span class='ocrx_word' id='word_1_33' title='bbox 1190 686 1271 733; x_wconf 85' lang='lat' dir='ltr'><strong>ita</strong></span> <span class='ocrx_word' id='word_1_34' title='bbox 1308 687 1483 734; x_wconf 83' lang='lat' dir='ltr'><strong>iratus</strong></span> <span class='ocrx_word' id='word_1_35' title='bbox 1523 684 1668 748; x_wconf 86' lang='lat' dir='ltr'><strong>quod</strong></span> <span class='ocrx_word' id='word_1_36' title='bbox 1694 701 1808 734; x_wconf 89' lang='lat' dir='ltr'><strong>non</strong></span> 
     </span>
     <span class='ocr_line' id='line_1_7' title="bbox 283 769 1811 834; baseline -0.001 -16"><span class='ocrx_word' id='word_1_37' title='bbox 283 770 424 818; x_wconf 86' lang='lat' dir='ltr'><strong>scivi</strong></span> <span class='ocrx_word' id='word_1_38' title='bbox 481 771 829 834; x_wconf 80' lang='lat' dir='ltr'><strong>respondere.</strong></span> <span class='ocrx_word' id='word_1_39' title='bbox 903 785 1025 820; x_wconf 88' lang='lat' dir='ltr'><strong>cum</strong></span> <span class='ocrx_word' id='word_1_40' title='bbox 1083 769 1188 818; x_wconf 90' lang='lat' dir='ltr'><strong>hoc</strong></span> <span class='ocrx_word' id='word_1_41' title='bbox 1248 769 1415 818; x_wconf 87' lang='lat' dir='ltr'><strong>etiam</strong></span> <span class='ocrx_word' id='word_1_42' title='bbox 1460 779 1811 820; x_wconf 82' lang='lat' dir='ltr'><strong>vexaverunt</strong></span> 
     </span>
     <span class='ocr_line' id='line_1_8' title="bbox 283 852 1809 919; baseline 0 -17"><span class='ocrx_word' id='word_1_43' title='bbox 283 869 386 916; x_wconf 86' lang='lat' dir='ltr'><strong>me,</strong></span> <span class='ocrx_word' id='word_1_44' title='bbox 423 854 569 916; x_wconf 81' lang='lat' dir='ltr'><strong>quod</strong></span> <span class='ocrx_word' id='word_1_45' title='bbox 604 856 716 904; x_wconf 84' lang='lat' dir='ltr'><strong>feci</strong></span> <span class='ocrx_word' id='word_1_46' title='bbox 750 855 1072 919; x_wconf 74' lang='lat' dir='ltr'><strong>passagium</strong></span> <span class='ocrx_word' id='word_1_47' title='bbox 1108 852 1178 901; x_wconf 86' lang='lat' dir='ltr'><strong>ad</strong></span> <span class='ocrx_word' id='word_1_48' title='bbox 1203 853 1484 904; x_wconf 83' lang='lat' dir='ltr'><strong>Treverim</strong></span> <span class='ocrx_word' id='word_1_49' title='bbox 1521 853 1593 902; x_wconf 80' lang='lat' dir='ltr'><strong>ad</strong></span> <span class='ocrx_word' id='word_1_50' title='bbox 1614 853 1809 903; x_wconf 82' lang='lat' dir='ltr'><strong>viden-</strong></span> 
     </span>
     <span class='ocr_line' id='line_1_9' title="bbox 283 936 1807 1000; baseline 0 -14"><span class='ocrx_word' id='word_1_51' title='bbox 283 938 409 986; x_wconf 87' lang='lat' dir='ltr'><strong>dum</strong></span> <span class='ocrx_word' id='word_1_52' title='bbox 455 939 703 987; x_wconf 86' lang='lat' dir='ltr'><strong>tunicam</strong></span> <span class='ocrx_word' id='word_1_53' title='bbox 747 938 982 1000; x_wconf 87' lang='lat' dir='ltr'><strong>domini,</strong></span> <span class='ocrx_word' id='word_1_54' title='bbox 1031 938 1162 1000; x_wconf 84' lang='lat' dir='ltr'><strong>quia</strong></span> <span class='ocrx_word' id='word_1_55' title='bbox 1211 936 1468 986; x_wconf 78' lang='lat' dir='ltr'><strong>dixerunt</strong></span> <span class='ocrx_word' id='word_1_56' title='bbox 1514 938 1657 1000; x_wconf 83' lang='lat' dir='ltr'><strong>quod</strong></span> <span class='ocrx_word' id='word_1_57' title='bbox 1694 939 1807 988; x_wconf 90' lang='lat' dir='ltr'><strong>for-</strong></span> 
     </span>
     <span class='ocr_line' id='line_1_10' title="bbox 281 1021 1810 1086; baseline 0.001 -17"><span class='ocrx_word' id='word_1_58' title='bbox 281 1023 454 1072; x_wconf 85' lang='lat' dir='ltr'><strong>tassis</strong></span> <span class='ocrx_word' id='word_1_59' title='bbox 491 1039 600 1072; x_wconf 85' lang='lat' dir='ltr'><strong>non</strong></span> <span class='ocrx_word' id='word_1_60' title='bbox 637 1025 784 1072; x_wconf 84' lang='lat' dir='ltr'><strong>esset</strong></span> <span class='ocrx_word' id='word_1_61' title='bbox 819 1023 1011 1070; x_wconf 86' lang='lat' dir='ltr'><strong>tunica</strong></span> <span class='ocrx_word' id='word_1_62' title='bbox 1046 1021 1268 1070; x_wconf 85' lang='lat' dir='ltr'><strong>domini.</strong></span> <span class='ocrx_word' id='word_1_63' title='bbox 1342 1025 1397 1070; x_wconf 88' lang='lat' dir='ltr'><strong>et</strong></span> <span class='ocrx_word' id='word_1_64' title='bbox 1430 1024 1810 1086; x_wconf 84' lang='lat' dir='ltr'><strong>probaverunt</strong></span> 
     </span>
     <span class='ocr_line' id='line_1_11' title="bbox 281 1105 1809 1170; baseline -0.001 -14"><span class='ocrx_word' id='word_1_65' title='bbox 281 1109 362 1156; x_wconf 88' lang='lat' dir='ltr'><strong>sic</strong></span> <span class='ocrx_word' id='word_1_66' title='bbox 407 1121 507 1170; x_wconf 85' lang='lat' dir='ltr'><strong>per</strong></span> <span class='ocrx_word' id='word_1_67' title='bbox 554 1107 852 1156; x_wconf 87' lang='lat' dir='ltr'><strong>Cornutum</strong></span> <span class='ocrx_word' id='word_1_68' title='bbox 909 1106 1313 1170; x_wconf 80' lang='lat' dir='ltr'><strong>syllogismum:</strong></span> <span class='ocrx_word' id='word_1_69' title='bbox 1377 1105 1673 1168; x_wconf 79' lang='lat' dir='ltr'><strong>‘Quicquid</strong></span> <span class='ocrx_word' id='word_1_70' title='bbox 1722 1111 1809 1156; x_wconf 90' lang='lat' dir='ltr'><strong>est</strong></span> 
     </span>
     <span class='ocr_line' id='line_1_12' title="bbox 283 1189 1805 1253; baseline -0.001 -14"><span class='ocrx_word' id='word_1_71' title='bbox 283 1192 611 1253; x_wconf 82' lang='lat' dir='ltr'><strong>laceratum,</strong></span> <span class='ocrx_word' id='word_1_72' title='bbox 649 1206 758 1240; x_wconf 91' lang='lat' dir='ltr'><strong>non</strong></span> <span class='ocrx_word' id='word_1_73' title='bbox 794 1191 960 1242; x_wconf 85' lang='lat' dir='ltr'><strong>debet</strong></span> <span class='ocrx_word' id='word_1_74' title='bbox 986 1189 1204 1239; x_wconf 87' lang='lat' dir='ltr'><strong>ostendi</strong></span> <span class='ocrx_word' id='word_1_75' title='bbox 1228 1205 1325 1252; x_wconf 88' lang='lat' dir='ltr'><strong>pro</strong></span> <span class='ocrx_word' id='word_1_76' title='bbox 1352 1191 1544 1238; x_wconf 88' lang='lat' dir='ltr'><strong>tunica</strong></span> <span class='ocrx_word' id='word_1_77' title='bbox 1569 1190 1805 1239; x_wconf 85' lang='lat' dir='ltr'><strong>domini:</strong></span> 
     </span>
     <span class='ocr_line' id='line_1_13' title="bbox 283 1274 1808 1338; baseline 0 -16"><span class='ocrx_word' id='word_1_78' title='bbox 283 1274 379 1323; x_wconf 81' lang='lat' dir='ltr'><strong>sed</strong></span> <span class='ocrx_word' id='word_1_79' title='bbox 413 1275 516 1323; x_wconf 87' lang='lat' dir='ltr'><strong>illa</strong></span> <span class='ocrx_word' id='word_1_80' title='bbox 553 1278 638 1323; x_wconf 91' lang='lat' dir='ltr'><strong>est</strong></span> <span class='ocrx_word' id='word_1_81' title='bbox 674 1275 834 1323; x_wconf 87' lang='lat' dir='ltr'><strong>talis:</strong></span> <span class='ocrx_word' id='word_1_82' title='bbox 875 1289 1005 1338; x_wconf 83' lang='lat' dir='ltr'><strong>ergo</strong></span> <span class='ocrx_word' id='word_1_83' title='bbox 1044 1275 1168 1322; x_wconf 87' lang='lat' dir='ltr'><strong>etc&#39;.</strong></span> <span class='ocrx_word' id='word_1_84' title='bbox 1240 1274 1395 1322; x_wconf 79' lang='lat' dir='ltr'><strong>Tunc</strong></span> <span class='ocrx_word' id='word_1_85' title='bbox 1420 1289 1523 1338; x_wconf 82' lang='lat' dir='ltr'><strong>ego</strong></span> <span class='ocrx_word' id='word_1_86' title='bbox 1550 1275 1808 1324; x_wconf 78' lang='lat' dir='ltr'><strong>concessi</strong></span> 
     </span>
     <span class='ocr_line' id='line_1_14' title="bbox 280 1357 1809 1422; baseline 0 -16"><span class='ocrx_word' id='word_1_87' title='bbox 280 1359 560 1420; x_wconf 86' lang='lat' dir='ltr'><strong>maiorem,</strong></span> <span class='ocrx_word' id='word_1_88' title='bbox 585 1357 681 1406; x_wconf 84' lang='lat' dir='ltr'><strong>sed</strong></span> <span class='ocrx_word' id='word_1_89' title='bbox 706 1359 909 1422; x_wconf 81' lang='lat' dir='ltr'><strong>negavi</strong></span> <span class='ocrx_word' id='word_1_90' title='bbox 933 1359 1215 1407; x_wconf 85' lang='lat' dir='ltr'><strong>minorem.</strong></span> <span class='ocrx_word' id='word_1_91' title='bbox 1274 1362 1407 1406; x_wconf 86' lang='lat' dir='ltr'><strong>tunc</strong></span> <span class='ocrx_word' id='word_1_92' title='bbox 1431 1359 1809 1421; x_wconf 84' lang='lat' dir='ltr'><strong>probaverunt</strong></span> 
     </span>
     <span class='ocr_line' id='line_1_15' title="bbox 283 1441 1803 1505; baseline 0.001 -15"><span class='ocrx_word' id='word_1_93' title='bbox 283 1443 393 1490; x_wconf 87' lang='lat' dir='ltr'><strong>sic:</strong></span> <span class='ocrx_word' id='word_1_94' title='bbox 435 1441 660 1490; x_wconf 81' lang='lat' dir='ltr'><strong>‘Beatus</strong></span> <span class='ocrx_word' id='word_1_95' title='bbox 696 1443 1066 1505; x_wconf 85' lang='lat' dir='ltr'><strong>Hieronymus</strong></span> <span class='ocrx_word' id='word_1_96' title='bbox 1101 1443 1269 1490; x_wconf 86' lang='lat' dir='ltr'><strong>dicit:</strong></span> <span class='ocrx_word' id='word_1_97' title='bbox 1309 1443 1583 1504; x_wconf 84' lang='lat' dir='ltr'><strong>„Vetusto</strong></span> <span class='ocrx_word' id='word_1_98' title='bbox 1618 1444 1803 1492; x_wconf 88' lang='lat' dir='ltr'><strong>oriens</strong></span> 
     </span>
     <span class='ocr_line' id='line_1_16' title="bbox 285 1525 1802 1576; baseline 0.001 -3"><span class='ocrx_word' id='word_1_99' title='bbox 285 1525 514 1574; x_wconf 89' lang='lat' dir='ltr'><strong>collisus</strong></span> <span class='ocrx_word' id='word_1_100' title='bbox 551 1541 734 1575; x_wconf 88' lang='lat' dir='ltr'><strong>errore</strong></span> <span class='ocrx_word' id='word_1_101' title='bbox 773 1527 1022 1576; x_wconf 82' lang='lat' dir='ltr'><strong>tunicam</strong></span> <span class='ocrx_word' id='word_1_102' title='bbox 1058 1525 1263 1576; x_wconf 83' lang='lat' dir='ltr'><strong>domini</strong></span> <span class='ocrx_word' id='word_1_103' title='bbox 1296 1527 1687 1576; x_wconf 82' lang='lat' dir='ltr'><strong>inconsutilem</strong></span> <span class='ocrx_word' id='word_1_104' title='bbox 1708 1526 1802 1575; x_wconf 87' lang='lat' dir='ltr'><strong>de-</strong></span> 
     </span>
     <span class='ocr_line' id='line_1_17' title="bbox 283 1609 1806 1674; baseline -0.001 -14"><span class='ocrx_word' id='word_1_105' title='bbox 283 1624 448 1674; x_wconf 87' lang='lat' dir='ltr'><strong>super</strong></span> <span class='ocrx_word' id='word_1_106' title='bbox 483 1614 800 1660; x_wconf 78' lang='lat' dir='ltr'><strong>contextam</strong></span> <span class='ocrx_word' id='word_1_107' title='bbox 835 1625 933 1674; x_wconf 86' lang='lat' dir='ltr'><strong>per</strong></span> <span class='ocrx_word' id='word_1_108' title='bbox 968 1613 1146 1660; x_wconf 85' lang='lat' dir='ltr'><strong>totum</strong></span> <span class='ocrx_word' id='word_1_109' title='bbox 1171 1611 1483 1661; x_wconf 81' lang='lat' dir='ltr'><strong>minutatim</strong></span> <span class='ocrx_word' id='word_1_110' title='bbox 1505 1609 1806 1674; x_wconf 80' lang='lat' dir='ltr'><strong>discerpsit</strong></span> 
     </span>
     <span class='ocr_line' id='line_1_18' title="bbox 279 1693 1803 1758; baseline 0 -14"><span class='ocrx_word' id='word_1_111' title='bbox 279 1711 376 1758; x_wconf 90' lang='lat' dir='ltr'><strong>per</strong></span> <span class='ocrx_word' id='word_1_112' title='bbox 432 1697 684 1744; x_wconf 82' lang='lat' dir='ltr'><strong>frusta&#39;’.&#39;</strong></span> <span class='ocrx_word' id='word_1_113' title='bbox 767 1695 840 1744; x_wconf 86' lang='lat' dir='ltr'><strong>Et</strong></span> <span class='ocrx_word' id='word_1_114' title='bbox 897 1710 999 1758; x_wconf 83' lang='lat' dir='ltr'><strong>ego</strong></span> <span class='ocrx_word' id='word_1_115' title='bbox 1045 1694 1331 1758; x_wconf 86' lang='lat' dir='ltr'><strong>respondi,</strong></span> <span class='ocrx_word' id='word_1_116' title='bbox 1386 1693 1529 1757; x_wconf 86' lang='lat' dir='ltr'><strong>quod</strong></span> <span class='ocrx_word' id='word_1_117' title='bbox 1574 1699 1803 1744; x_wconf 87' lang='lat' dir='ltr'><strong>sanctus</strong></span> 
     </span>
     <span class='ocr_line' id='line_1_19' title="bbox 279 1779 1799 1843; baseline 0 -15"><span class='ocrx_word' id='word_1_118' title='bbox 279 1780 646 1843; x_wconf 84' lang='lat' dir='ltr'><strong>Hieronymus</strong></span> <span class='ocrx_word' id='word_1_119' title='bbox 683 1795 793 1828; x_wconf 89' lang='lat' dir='ltr'><strong>non</strong></span> <span class='ocrx_word' id='word_1_120' title='bbox 829 1782 917 1828; x_wconf 89' lang='lat' dir='ltr'><strong>est</strong></span> <span class='ocrx_word' id='word_1_121' title='bbox 951 1779 1019 1828; x_wconf 89' lang='lat' dir='ltr'><strong>de</strong></span> <span class='ocrx_word' id='word_1_122' title='bbox 1054 1779 1187 1828; x_wconf 77' lang='lat' dir='ltr'><strong>stilo</strong></span> <span class='ocrx_word' id='word_1_123' title='bbox 1224 1779 1525 1842; x_wconf 81' lang='lat' dir='ltr'><strong>evangelii,</strong></span> <span class='ocrx_word' id='word_1_124' title='bbox 1563 1793 1667 1828; x_wconf 87' lang='lat' dir='ltr'><strong>nec</strong></span> <span class='ocrx_word' id='word_1_125' title='bbox 1702 1781 1799 1828; x_wconf 88' lang='lat' dir='ltr'><strong>im-</strong></span> 
     </span>
     <span class='ocr_line' id='line_1_20' title="bbox 277 1859 1801 1927; baseline 0.001 -15"><span class='ocrx_word' id='word_1_126' title='bbox 277 1864 540 1914; x_wconf 83' lang='lat' dir='ltr'><strong>modicite</strong></span> <span class='ocrx_word' id='word_1_127' title='bbox 587 1881 654 1914; x_wconf 85' lang='lat' dir='ltr'><strong>ex</strong></span> <span class='ocrx_word' id='word_1_128' title='bbox 691 1863 991 1927; x_wconf 82' lang='lat' dir='ltr'><strong>apostolis;</strong></span> <span class='ocrx_word' id='word_1_129' title='bbox 1048 1866 1107 1912; x_wconf 87' lang='lat' dir='ltr'><strong>et</strong></span> <span class='ocrx_word' id='word_1_130' title='bbox 1140 1864 1223 1912; x_wconf 90' lang='lat' dir='ltr'><strong>sic</strong></span> <span class='ocrx_word' id='word_1_131' title='bbox 1258 1864 1473 1912; x_wconf 83' lang='lat' dir='ltr'><strong>surrexi</strong></span> <span class='ocrx_word' id='word_1_132' title='bbox 1508 1862 1573 1913; x_wconf 86' lang='lat' dir='ltr'><strong>de</strong></span> <span class='ocrx_word' id='word_1_133' title='bbox 1610 1859 1801 1914; x_wconf 72' lang='lat' dir='ltr'><strong>mensa</strong></span> 
     </span>
     <span class='ocr_line' id='line_1_21' title="bbox 279 1946 1803 2010; baseline 0.001 -14"><span class='ocrx_word' id='word_1_134' title='bbox 279 1953 334 1996; x_wconf 88' lang='lat' dir='ltr'><strong>et</strong></span> <span class='ocrx_word' id='word_1_135' title='bbox 393 1948 595 2010; x_wconf 88' lang='lat' dir='ltr'><strong>reliqui</strong></span> <span class='ocrx_word' id='word_1_136' title='bbox 651 1947 780 1995; x_wconf 88' lang='lat' dir='ltr'><strong>illos</strong></span> <span class='ocrx_word' id='word_1_137' title='bbox 839 1947 1164 1996; x_wconf 81' lang='lat' dir='ltr'><strong>trufatorcs.</strong></span> <span class='ocrx_word' id='word_1_138' title='bbox 1236 1948 1347 1996; x_wconf 87' lang='lat' dir='ltr'><strong>Vos</strong></span> <span class='ocrx_word' id='word_1_139' title='bbox 1390 1946 1607 1996; x_wconf 84' lang='lat' dir='ltr'><strong>debetis</strong></span> <span class='ocrx_word' id='word_1_140' title='bbox 1656 1951 1803 1999; x_wconf 79' lang='lat' dir='ltr'><strong>scire</strong></span> 
     </span>
     <span class='ocr_line' id='line_1_22' title="bbox 277 2031 1803 2096; baseline 0.003 -16"><span class='ocrx_word' id='word_1_141' title='bbox 277 2031 419 2094; x_wconf 86' lang='lat' dir='ltr'><strong>quod</strong></span> <span class='ocrx_word' id='word_1_142' title='bbox 446 2037 558 2080; x_wconf 88' lang='lat' dir='ltr'><strong>tam</strong></span> <span class='ocrx_word' id='word_1_143' title='bbox 584 2031 1081 2082; x_wconf 84' lang='lat' dir='ltr'><strong>irreverentialiter</strong></span> <span class='ocrx_word' id='word_1_144' title='bbox 1104 2031 1403 2093; x_wconf 87' lang='lat' dir='ltr'><strong>loquuntur</strong></span> <span class='ocrx_word' id='word_1_145' title='bbox 1427 2031 1493 2081; x_wconf 81' lang='lat' dir='ltr'><strong>de</strong></span> <span class='ocrx_word' id='word_1_146' title='bbox 1518 2033 1803 2096; x_wconf 80' lang='lat' dir='ltr'><strong>magistris</strong></span> 
     </span>
     <span class='ocr_line' id='line_1_23' title="bbox 275 2115 1803 2180; baseline 0.001 -16"><span class='ocrx_word' id='word_1_147' title='bbox 275 2116 513 2178; x_wconf 85' lang='lat' dir='ltr'><strong>nostris,</strong></span> <span class='ocrx_word' id='word_1_148' title='bbox 565 2119 620 2166; x_wconf 87' lang='lat' dir='ltr'><strong>et</strong></span> <span class='ocrx_word' id='word_1_149' title='bbox 653 2115 975 2166; x_wconf 80' lang='lat' dir='ltr'><strong>doctoribus</strong></span> <span class='ocrx_word' id='word_1_150' title='bbox 1011 2115 1345 2164; x_wconf 87' lang='lat' dir='ltr'><strong>illuminatis</strong></span> <span class='ocrx_word' id='word_1_151' title='bbox 1379 2116 1436 2164; x_wconf 87' lang='lat' dir='ltr'><strong>in</strong></span> <span class='ocrx_word' id='word_1_152' title='bbox 1472 2115 1603 2179; x_wconf 83' lang='lat' dir='ltr'><strong>fide,</strong></span> <span class='ocrx_word' id='word_1_153' title='bbox 1655 2118 1803 2180; x_wconf 82' lang='lat' dir='ltr'><strong>quod</strong></span> 
     </span>
     <span class='ocr_line' id='line_1_24' title="bbox 281 2199 1803 2264; baseline 0.004 -18"><span class='ocrx_word' id='word_1_154' title='bbox 281 2203 430 2248; x_wconf 84' lang='lat' dir='ltr'><strong>certe</strong></span> <span class='ocrx_word' id='word_1_155' title='bbox 489 2199 554 2248; x_wconf 89' lang='lat' dir='ltr'><strong>de</strong></span> <span class='ocrx_word' id='word_1_156' title='bbox 613 2200 766 2250; x_wconf 77' lang='lat' dir='ltr'><strong>facto</strong></span> <span class='ocrx_word' id='word_1_157' title='bbox 813 2203 1045 2264; x_wconf 88' lang='lat' dir='ltr'><strong>possunt</strong></span> <span class='ocrx_word' id='word_1_158' title='bbox 1091 2216 1213 2249; x_wconf 84' lang='lat' dir='ltr'><strong>esse</strong></span> <span class='ocrx_word' id='word_1_159' title='bbox 1260 2201 1721 2259; x_wconf 83' lang='lat' dir='ltr'><strong>excommunicati</strong></span> <span class='ocrx_word' id='word_1_160' title='bbox 1768 2218 1803 2252; x_wconf 87' lang='lat' dir='ltr'><strong>a</strong></span> 
     </span>
     <span class='ocr_line' id='line_1_25' title="bbox 277 2283 1804 2348; baseline 0.001 -15"><span class='ocrx_word' id='word_1_161' title='bbox 277 2300 441 2348; x_wconf 83' lang='lat' dir='ltr'><strong>papa.</strong></span> <span class='ocrx_word' id='word_1_162' title='bbox 515 2283 574 2332; x_wconf 87' lang='lat' dir='ltr'><strong>Si</strong></span> <span class='ocrx_word' id='word_1_163' title='bbox 609 2284 820 2332; x_wconf 88' lang='lat' dir='ltr'><strong>scirent</strong></span> <span class='ocrx_word' id='word_1_164' title='bbox 857 2284 1148 2346; x_wconf 87' lang='lat' dir='ltr'><strong>curtisani,</strong></span> <span class='ocrx_word' id='word_1_165' title='bbox 1188 2284 1297 2346; x_wconf 88' lang='lat' dir='ltr'><strong>ipsi</strong></span> <span class='ocrx_word' id='word_1_166' title='bbox 1334 2285 1575 2334; x_wconf 83' lang='lat' dir='ltr'><strong>citarent</strong></span> <span class='ocrx_word' id='word_1_167' title='bbox 1612 2301 1705 2335; x_wconf 87' lang='lat' dir='ltr'><strong>eos</strong></span> <span class='ocrx_word' id='word_1_168' title='bbox 1730 2286 1804 2335; x_wconf 86' lang='lat' dir='ltr'><strong>ad</strong></span> 
     </span>
     <span class='ocr_line' id='line_1_26' title="bbox 276 2369 1801 2433; baseline 0.001 -17"><span class='ocrx_word' id='word_1_169' title='bbox 276 2370 486 2418; x_wconf 87' lang='lat' dir='ltr'><strong>curiam</strong></span> <span class='ocrx_word' id='word_1_170' title='bbox 511 2383 810 2431; x_wconf 86' lang='lat' dir='ltr'><strong>romanam,</strong></span> <span class='ocrx_word' id='word_1_171' title='bbox 831 2372 888 2416; x_wconf 91' lang='lat' dir='ltr'><strong>et</strong></span> <span class='ocrx_word' id='word_1_172' title='bbox 910 2370 1274 2433; x_wconf 83' lang='lat' dir='ltr'><strong>impetrarent</strong></span> <span class='ocrx_word' id='word_1_173' title='bbox 1298 2383 1481 2418; x_wconf 87' lang='lat' dir='ltr'><strong>corum</strong></span> <span class='ocrx_word' id='word_1_174' title='bbox 1506 2369 1801 2432; x_wconf 84' lang='lat' dir='ltr'><strong>beneficia,</strong></span> 
     </span>
     <span class='ocr_line' id='line_1_27' title="bbox 272 2453 1801 2516; baseline 0.001 -14"><span class='ocrx_word' id='word_1_175' title='bbox 272 2453 364 2502; x_wconf 89' lang='lat' dir='ltr'><strong>vel</strong></span> <span class='ocrx_word' id='word_1_176' title='bbox 412 2454 610 2504; x_wconf 87' lang='lat' dir='ltr'><strong>saltem</strong></span> <span class='ocrx_word' id='word_1_177' title='bbox 648 2453 983 2504; x_wconf 85' lang='lat' dir='ltr'><strong>tribularent</strong></span> <span class='ocrx_word' id='word_1_178' title='bbox 1020 2468 1114 2502; x_wconf 86' lang='lat' dir='ltr'><strong>eos</strong></span> <span class='ocrx_word' id='word_1_179' title='bbox 1153 2467 1274 2502; x_wconf 88' lang='lat' dir='ltr'><strong>cum</strong></span> <span class='ocrx_word' id='word_1_180' title='bbox 1312 2454 1587 2516; x_wconf 85' lang='lat' dir='ltr'><strong>expensis.</strong></span> <span class='ocrx_word' id='word_1_181' title='bbox 1662 2454 1801 2514; x_wconf 78' lang='lat' dir='ltr'><strong>Quis</strong></span> 
     </span>
     <span class='ocr_line' id='line_1_28' title="bbox 275 2524 1801 2600; baseline 0.001 -14"><span class='ocrx_word' id='word_1_182' title='bbox 275 2551 518 2599; x_wconf 87' lang='lat' dir='ltr'><strong>unquam</strong></span> <span class='ocrx_word' id='word_1_183' title='bbox 557 2537 799 2600; x_wconf 82' lang='lat' dir='ltr'><strong>audivit,</strong></span> <span class='ocrx_word' id='word_1_184' title='bbox 839 2537 986 2600; x_wconf 81' lang='lat' dir='ltr'><strong>quod</strong></span> <span class='ocrx_word' id='word_1_185' title='bbox 1022 2533 1305 2600; x_wconf 86' lang='lat' dir='ltr'><strong>simplices</strong></span> <span class='ocrx_word' id='word_1_186' title='bbox 1342 2538 1511 2600; x_wconf 85' lang='lat' dir='ltr'><strong>socii,</strong></span> <span class='ocrx_word' id='word_1_187' title='bbox 1548 2539 1607 2586; x_wconf 87' lang='lat' dir='ltr'><strong>in</strong></span> <span class='ocrx_word' id='word_1_188' title='bbox 1640 2524 1801 2587; x_wconf 82' lang='lat' dir='ltr'><strong>nulla</strong></span> 
     </span>
     <span class='ocr_line' id='line_1_29' title="bbox 275 2621 1799 2686; baseline 0.001 -16"><span class='ocrx_word' id='word_1_189' title='bbox 275 2621 552 2672; x_wconf 84' lang='lat' dir='ltr'><strong>facultate</strong></span> <span class='ocrx_word' id='word_1_190' title='bbox 579 2623 812 2686; x_wconf 88' lang='lat' dir='ltr'><strong>promoti</strong></span> <span class='ocrx_word' id='word_1_191' title='bbox 836 2622 928 2671; x_wconf 89' lang='lat' dir='ltr'><strong>vel</strong></span> <span class='ocrx_word' id='word_1_192' title='bbox 953 2621 1283 2684; x_wconf 83' lang='lat' dir='ltr'><strong>qualificati‚</strong></span> <span class='ocrx_word' id='word_1_193' title='bbox 1302 2621 1569 2670; x_wconf 85' lang='lat' dir='ltr'><strong>deberent</strong></span> <span class='ocrx_word' id='word_1_194' title='bbox 1590 2635 1799 2676; x_wconf 80' lang='lat' dir='ltr'><strong>vexare</strong></span> 
     </span>
     <span class='ocr_line' id='line_1_30' title="bbox 272 2704 1798 2769; baseline 0.001 -15"><span class='ocrx_word' id='word_1_195' title='bbox 272 2709 388 2754; x_wconf 86' lang='lat' dir='ltr'><strong>tam</strong></span> <span class='ocrx_word' id='word_1_196' title='bbox 424 2707 652 2756; x_wconf 82' lang='lat' dir='ltr'><strong>eximios</strong></span> <span class='ocrx_word' id='word_1_197' title='bbox 689 2707 868 2768; x_wconf 73' lang='lat' dir='ltr'><strong>virOS,</strong></span> <span class='ocrx_word' id='word_1_198' title='bbox 906 2706 964 2754; x_wconf 86' lang='lat' dir='ltr'><strong>in</strong></span> <span class='ocrx_word' id='word_1_199' title='bbox 1001 2707 1149 2755; x_wconf 87' lang='lat' dir='ltr'><strong>omni</strong></span> <span class='ocrx_word' id='word_1_200' title='bbox 1185 2706 1437 2769; x_wconf 85' lang='lat' dir='ltr'><strong>profecto</strong></span> <span class='ocrx_word' id='word_1_201' title='bbox 1462 2704 1647 2754; x_wconf 89' lang='lat' dir='ltr'><strong>scibili</strong></span> <span class='ocrx_word' id='word_1_202' title='bbox 1671 2721 1798 2768; x_wconf 89' lang='lat' dir='ltr'><strong>pro-</strong></span> 
     </span>
    </p>
   </div>
   <div class='ocr_carea' id='block_1_3' title="bbox 1920 861 1924 1374">
    <p class='ocr_par' dir='ltr' id='par_1_3' title="bbox 1920 861 1924 1374">
     <span class='ocr_line' id='line_1_31' title="bbox 1920 861 1924 1374; baseline 0 0"><span class='ocrx_word' id='word_1_203' title='bbox 1920 861 1924 1374; x_wconf 95' lang='lat' dir='ltr'><strong> </strong></span> 
     </span>
    </p>
   </div>
   <div class='ocr_carea' id='block_1_4' title="bbox 1918 1669 1927 2646">
    <p class='ocr_par' dir='ltr' id='par_1_4' title="bbox 1918 1669 1927 2646">
     <span class='ocr_line' id='line_1_32' title="bbox 1918 1669 1927 2646; baseline 0 0"><span class='ocrx_word' id='word_1_204' title='bbox 1918 1669 1927 2646; x_wconf 95' lang='lat' dir='ltr'><strong> </strong></span> 
     </span>
    </p>
   </div>
  </div>
 </body>
</html>
