<?xml version="1.0" encoding="UTF-8"?>
<!DOCTYPE html PUBLIC "-//W3C//DTD XHTML 1.0 Transitional//EN"
    "http://www.w3.org/TR/xhtml1/DTD/xhtml1-transitional.dtd">
<html xmlns="http://www.w3.org/1999/xhtml" xml:lang="en" lang="en">
 <head>
  <title>
</title>
<meta http-equiv="Content-Type" content="text/html;charset=utf-8" />
  <meta name='ocr-system' content='tesseract 3.04.00' />
  <meta name='ocr-capabilities' content='ocr_page ocr_carea ocr_par ocr_line ocrx_word'/>
</head>
<body>
  <div class='ocr_page' id='page_1' title='image "./epistolaeobscur00huttgoog_0247.png"; bbox 0 0 1942 3109; ppageno 0'>
   <div class='ocr_carea' id='block_1_1' title="bbox 173 181 1525 233">
    <p class='ocr_par' dir='ltr' id='par_1_1' title="bbox 173 181 1525 233">
     <span class='ocr_line' id='line_1_1' title="bbox 173 181 1525 233; baseline -0.001 -2"><span class='ocrx_word' id='word_1_1' title='bbox 173 181 276 233; x_wconf 82' lang='lat'><strong>236</strong></span> <span class='ocrx_word' id='word_1_2' title='bbox 352 194 644 231; x_wconf 67' lang='lat' dir='ltr'><strong>unsromn</strong></span> <span class='ocrx_word' id='word_1_3' title='bbox 667 192 1035 231; x_wconf 73' lang='lat' dir='ltr'><strong>osscvnonvu</strong></span> <span class='ocrx_word' id='word_1_4' title='bbox 1059 193 1316 230; x_wconf 75' lang='lat' dir='ltr'><strong>vrnonvn</strong></span> <span class='ocrx_word' id='word_1_5' title='bbox 1341 194 1525 231; x_wconf 60' lang='lat' dir='ltr'><strong>nova.</strong></span> 
     </span>
    </p>
   </div>
   <div class='ocr_carea' id='block_1_2' title="bbox 122 298 1700 2713">
    <p class='ocr_par' dir='ltr' id='par_1_2' title="bbox 122 298 1700 2713">
     <span class='ocr_line' id='line_1_2' title="bbox 175 298 1695 365; baseline -0.001 -16"><span class='ocrx_word' id='word_1_6' title='bbox 175 299 397 365; x_wconf 86' lang='lat' dir='ltr'><strong>spondit</strong></span> <span class='ocrx_word' id='word_1_7' title='bbox 420 301 570 365; x_wconf 70' lang='lat' dir='ltr'><strong>ipset</strong></span> <span class='ocrx_word' id='word_1_8' title='bbox 607 298 688 349; x_wconf 87' lang='lat' dir='ltr'><strong>‘Si</strong></span> <span class='ocrx_word' id='word_1_9' title='bbox 711 315 821 349; x_wconf 87' lang='lat' dir='ltr'><strong>non</strong></span> <span class='ocrx_word' id='word_1_10' title='bbox 844 300 928 351; x_wconf 81' lang='lat' dir='ltr'><strong>vis</strong></span> <span class='ocrx_word' id='word_1_11' title='bbox 953 298 1172 364; x_wconf 83' lang='lat' dir='ltr'><strong>facere,</strong></span> <span class='ocrx_word' id='word_1_12' title='bbox 1206 303 1361 350; x_wconf 86' lang='lat' dir='ltr'><strong>tuum</strong></span> <span class='ocrx_word' id='word_1_13' title='bbox 1398 298 1695 349; x_wconf 83' lang='lat' dir='ltr'><strong>damnum&#39;.</strong></span> 
     </span>
     <span class='ocr_line' id='line_1_3' title="bbox 171 382 1694 448; baseline -0.001 -15"><span class='ocrx_word' id='word_1_14' title='bbox 171 384 244 433; x_wconf 90' lang='lat' dir='ltr'><strong>Et</strong></span> <span class='ocrx_word' id='word_1_15' title='bbox 279 385 364 433; x_wconf 83' lang='lat' dir='ltr'><strong>sic</strong></span> <span class='ocrx_word' id='word_1_16' title='bbox 401 383 563 434; x_wconf 85' lang='lat' dir='ltr'><strong>eredo</strong></span> <span class='ocrx_word' id='word_1_17' title='bbox 600 383 746 448; x_wconf 86' lang='lat' dir='ltr'><strong>quod</strong></span> <span class='ocrx_word' id='word_1_18' title='bbox 779 383 906 433; x_wconf 87' lang='lat' dir='ltr'><strong>volo</strong></span> <span class='ocrx_word' id='word_1_19' title='bbox 951 386 1150 433; x_wconf 87' lang='lat' dir='ltr'><strong>iterum</strong></span> <span class='ocrx_word' id='word_1_20' title='bbox 1194 385 1277 433; x_wconf 90' lang='lat' dir='ltr'><strong>ire</strong></span> <span class='ocrx_word' id='word_1_21' title='bbox 1320 382 1393 433; x_wconf 84' lang='lat' dir='ltr'><strong>ad</strong></span> <span class='ocrx_word' id='word_1_22' title='bbox 1436 384 1694 447; x_wconf 85' lang='lat' dir='ltr'><strong>patriam.</strong></span> 
     </span>
     <span class='ocr_line' id='line_1_4' title="bbox 169 466 1695 533; baseline 0 -16"><span class='ocrx_word' id='word_1_23' title='bbox 169 468 443 519; x_wconf 79' lang='lat' dir='ltr'><strong>Deberem</strong></span> <span class='ocrx_word' id='word_1_24' title='bbox 479 469 758 533; x_wconf 81' lang='lat' dir='ltr'><strong>strigilare</strong></span> <span class='ocrx_word' id='word_1_25' title='bbox 793 467 1002 517; x_wconf 88' lang='lat' dir='ltr'><strong>mulum</strong></span> <span class='ocrx_word' id='word_1_26' title='bbox 1038 472 1095 518; x_wconf 90' lang='lat' dir='ltr'><strong>et</strong></span> <span class='ocrx_word' id='word_1_27' title='bbox 1116 482 1353 533; x_wconf 85' lang='lat' dir='ltr'><strong>purgare</strong></span> <span class='ocrx_word' id='word_1_28' title='bbox 1378 466 1695 518; x_wconf 75' lang='lat' dir='ltr'><strong>stabulum?</strong></span> 
     </span>
     <span class='ocr_line' id='line_1_5' title="bbox 172 550 1698 617; baseline -0.001 -16"><span class='ocrx_word' id='word_1_29' title='bbox 172 567 275 617; x_wconf 86' lang='lat' dir='ltr'><strong>ego</strong></span> <span class='ocrx_word' id='word_1_30' title='bbox 311 553 496 617; x_wconf 85' lang='lat' dir='ltr'><strong>potius</strong></span> <span class='ocrx_word' id='word_1_31' title='bbox 530 552 733 603; x_wconf 87' lang='lat' dir='ltr'><strong>vellem</strong></span> <span class='ocrx_word' id='word_1_32' title='bbox 779 552 924 616; x_wconf 88' lang='lat' dir='ltr'><strong>quod</strong></span> <span class='ocrx_word' id='word_1_33' title='bbox 967 551 1225 603; x_wconf 87' lang='lat' dir='ltr'><strong>diabolus</strong></span> <span class='ocrx_word' id='word_1_34' title='bbox 1274 551 1494 602; x_wconf 85' lang='lat' dir='ltr'><strong>auferet</strong></span> <span class='ocrx_word' id='word_1_35' title='bbox 1538 550 1698 601; x_wconf 86' lang='lat' dir='ltr'><strong>illum</strong></span> 
     </span>
     <span class='ocr_line' id='line_1_6' title="bbox 169 634 1697 699; baseline -0.001 -14"><span class='ocrx_word' id='word_1_36' title='bbox 169 636 376 686; x_wconf 87' lang='lat' dir='ltr'><strong>mulum</strong></span> <span class='ocrx_word' id='word_1_37' title='bbox 422 651 545 687; x_wconf 84' lang='lat' dir='ltr'><strong>eum</strong></span> <span class='ocrx_word' id='word_1_38' title='bbox 589 635 830 686; x_wconf 86' lang='lat' dir='ltr'><strong>stabulo.</strong></span> <span class='ocrx_word' id='word_1_39' title='bbox 913 635 1101 685; x_wconf 84' lang='lat' dir='ltr'><strong>Etiam</strong></span> <span class='ocrx_word' id='word_1_40' title='bbox 1150 635 1311 687; x_wconf 86' lang='lat' dir='ltr'><strong>eredo</strong></span> <span class='ocrx_word' id='word_1_41' title='bbox 1356 634 1503 699; x_wconf 88' lang='lat' dir='ltr'><strong>quod</strong></span> <span class='ocrx_word' id='word_1_42' title='bbox 1546 639 1697 685; x_wconf 86' lang='lat' dir='ltr'><strong>esset</strong></span> 
     </span>
     <span class='ocr_line' id='line_1_7' title="bbox 175 718 1696 787; baseline -0.001 -18"><span class='ocrx_word' id='word_1_43' title='bbox 175 724 366 771; x_wconf 85' lang='lat' dir='ltr'><strong>eontra</strong></span> <span class='ocrx_word' id='word_1_44' title='bbox 403 724 616 771; x_wconf 85' lang='lat' dir='ltr'><strong>statuta</strong></span> <span class='ocrx_word' id='word_1_45' title='bbox 649 720 1037 771; x_wconf 84' lang='lat' dir='ltr'><strong>universitatis</strong></span> <span class='ocrx_word' id='word_1_46' title='bbox 1081 724 1301 787; x_wconf 72' lang='lat' dir='ltr'><strong>nostre:</strong></span> <span class='ocrx_word' id='word_1_47' title='bbox 1349 720 1481 784; x_wconf 82' lang='lat' dir='ltr'><strong>quia</strong></span> <span class='ocrx_word' id='word_1_48' title='bbox 1514 718 1696 784; x_wconf 83' lang='lat' dir='ltr'><strong>Magi·</strong></span> 
     </span>
     <span class='ocr_line' id='line_1_8' title="bbox 175 803 1700 868; baseline -0.002 -15"><span class='ocrx_word' id='word_1_49' title='bbox 175 808 290 854; x_wconf 84' lang='lat' dir='ltr'><strong>ster</strong></span> <span class='ocrx_word' id='word_1_50' title='bbox 335 803 502 855; x_wconf 87' lang='lat' dir='ltr'><strong>debet</strong></span> <span class='ocrx_word' id='word_1_51' title='bbox 546 819 605 854; x_wconf 86' lang='lat' dir='ltr'><strong>se</strong></span> <span class='ocrx_word' id='word_1_52' title='bbox 651 808 840 854; x_wconf 87' lang='lat' dir='ltr'><strong>tenere</strong></span> <span class='ocrx_word' id='word_1_53' title='bbox 887 804 1039 854; x_wconf 83' lang='lat' dir='ltr'><strong>sieut</strong></span> <span class='ocrx_word' id='word_1_54' title='bbox 1081 804 1361 868; x_wconf 82' lang='lat' dir='ltr'><strong>magister.</strong></span> <span class='ocrx_word' id='word_1_55' title='bbox 1430 804 1504 852; x_wconf 88' lang='lat' dir='ltr'><strong>Et</strong></span> <span class='ocrx_word' id='word_1_56' title='bbox 1548 806 1700 854; x_wconf 86' lang='lat' dir='ltr'><strong>esset</strong></span> 
     </span>
     <span class='ocr_line' id='line_1_9' title="bbox 171 886 1695 952; baseline -0.001 -15"><span class='ocrx_word' id='word_1_57' title='bbox 171 901 430 952; x_wconf 85' lang='lat' dir='ltr'><strong>magnum</strong></span> <span class='ocrx_word' id='word_1_58' title='bbox 473 887 800 939; x_wconf 83' lang='lat' dir='ltr'><strong>scandalum</strong></span> <span class='ocrx_word' id='word_1_59' title='bbox 852 888 1266 950; x_wconf 81' lang='lat' dir='ltr'><strong>universitatis,</strong></span> <span class='ocrx_word' id='word_1_60' title='bbox 1326 886 1471 952; x_wconf 84' lang='lat' dir='ltr'><strong>quod</strong></span> <span class='ocrx_word' id='word_1_61' title='bbox 1514 886 1695 951; x_wconf 86' lang='lat' dir='ltr'><strong>Magi-</strong></span> 
     </span>
     <span class='ocr_line' id='line_1_10' title="bbox 171 970 1695 1036; baseline -0.001 -15"><span class='ocrx_word' id='word_1_62' title='bbox 171 976 284 1021; x_wconf 87' lang='lat' dir='ltr'><strong>ster</strong></span> <span class='ocrx_word' id='word_1_63' title='bbox 321 970 670 1023; x_wconf 76' lang='lat' dir='ltr'><strong>coloniensis</strong></span> <span class='ocrx_word' id='word_1_64' title='bbox 707 971 936 1023; x_wconf 84' lang='lat' dir='ltr'><strong>deberet</strong></span> <span class='ocrx_word' id='word_1_65' title='bbox 959 972 1149 1022; x_wconf 83' lang='lat' dir='ltr'><strong>facere</strong></span> <span class='ocrx_word' id='word_1_66' title='bbox 1175 971 1337 1022; x_wconf 84' lang='lat' dir='ltr'><strong>talia.</strong></span> <span class='ocrx_word' id='word_1_67' title='bbox 1396 971 1543 1036; x_wconf 86' lang='lat' dir='ltr'><strong>Ergo</strong></span> <span class='ocrx_word' id='word_1_68' title='bbox 1566 970 1695 1021; x_wconf 79' lang='lat' dir='ltr'><strong>volo</strong></span> 
     </span>
     <span class='ocr_line' id='line_1_11' title="bbox 170 1054 1695 1121; baseline -0.002 -17"><span class='ocrx_word' id='word_1_69' title='bbox 170 1055 348 1106; x_wconf 85' lang='lat' dir='ltr'><strong>redire</strong></span> <span class='ocrx_word' id='word_1_70' title='bbox 383 1057 443 1105; x_wconf 91' lang='lat' dir='ltr'><strong>in</strong></span> <span class='ocrx_word' id='word_1_71' title='bbox 477 1056 716 1121; x_wconf 87' lang='lat' dir='ltr'><strong>patriam</strong></span> <span class='ocrx_word' id='word_1_72' title='bbox 752 1059 977 1121; x_wconf 87' lang='lat' dir='ltr'><strong>propter</strong></span> <span class='ocrx_word' id='word_1_73' title='bbox 999 1056 1259 1107; x_wconf 81' lang='lat' dir='ltr'><strong>honorem</strong></span> <span class='ocrx_word' id='word_1_74' title='bbox 1281 1054 1695 1105; x_wconf 83' lang='lat' dir='ltr'><strong>universitatis:</strong></span> 
     </span>
     <span class='ocr_line' id='line_1_12' title="bbox 173 1136 1696 1205; baseline -0.001 -16"><span class='ocrx_word' id='word_1_75' title='bbox 173 1140 342 1190; x_wconf 86' lang='lat' dir='ltr'><strong>etiam</strong></span> <span class='ocrx_word' id='word_1_76' title='bbox 389 1141 531 1190; x_wconf 81' lang='lat' dir='ltr'><strong>alias</strong></span> <span class='ocrx_word' id='word_1_77' title='bbox 578 1155 688 1190; x_wconf 91' lang='lat' dir='ltr'><strong>non</strong></span> <span class='ocrx_word' id='word_1_78' title='bbox 731 1140 922 1205; x_wconf 83' lang='lat' dir='ltr'><strong>placet</strong></span> <span class='ocrx_word' id='word_1_79' title='bbox 978 1139 1111 1189; x_wconf 79' lang='lat' dir='ltr'><strong>mihi</strong></span> <span class='ocrx_word' id='word_1_80' title='bbox 1154 1140 1353 1205; x_wconf 70' lang='lat' dir='ltr'><strong>Rome:</strong></span> <span class='ocrx_word' id='word_1_81' title='bbox 1412 1139 1545 1202; x_wconf 85' lang='lat' dir='ltr'><strong>quia</strong></span> <span class='ocrx_word' id='word_1_82' title='bbox 1590 1136 1696 1188; x_wconf 83' lang='lat' dir='ltr'><strong>Co·</strong></span> 
     </span>
     <span class='ocr_line' id='line_1_13' title="bbox 169 1221 1697 1290; baseline -0.001 -18"><span class='ocrx_word' id='word_1_83' title='bbox 169 1224 314 1290; x_wconf 79' lang='lat' dir='ltr'><strong>piste</strong></span> <span class='ocrx_word' id='word_1_84' title='bbox 363 1228 421 1273; x_wconf 87' lang='lat' dir='ltr'><strong>et</strong></span> <span class='ocrx_word' id='word_1_85' title='bbox 466 1222 749 1274; x_wconf 83' lang='lat' dir='ltr'><strong>Curtisani</strong></span> <span class='ocrx_word' id='word_1_86' title='bbox 795 1228 924 1274; x_wconf 84' lang='lat' dir='ltr'><strong>sunt</strong></span> <span class='ocrx_word' id='word_1_87' title='bbox 966 1224 1051 1273; x_wconf 87' lang='lat' dir='ltr'><strong>ita</strong></span> <span class='ocrx_word' id='word_1_88' title='bbox 1108 1224 1333 1288; x_wconf 83' lang='lat' dir='ltr'><strong>superbi</strong></span> <span class='ocrx_word' id='word_1_89' title='bbox 1386 1221 1531 1285; x_wconf 86' lang='lat' dir='ltr'><strong>quod</strong></span> <span class='ocrx_word' id='word_1_90' title='bbox 1586 1236 1697 1271; x_wconf 85' lang='lat' dir='ltr'><strong>non</strong></span> 
     </span>
     <span class='ocr_line' id='line_1_14' title="bbox 172 1300 1695 1371; baseline -0.001 -16"><span class='ocrx_word' id='word_1_91' title='bbox 172 1306 425 1358; x_wconf 73' lang='lat' dir='ltr'><strong>creditist</strong></span> <span class='ocrx_word' id='word_1_92' title='bbox 471 1322 614 1357; x_wconf 87' lang='lat' dir='ltr'><strong>unus</strong></span> <span class='ocrx_word' id='word_1_93' title='bbox 657 1307 782 1356; x_wconf 88' lang='lat' dir='ltr'><strong>heri</strong></span> <span class='ocrx_word' id='word_1_94' title='bbox 827 1300 970 1356; x_wconf 79' lang='lat' dir='ltr'><strong>dixit</strong></span> <span class='ocrx_word' id='word_1_95' title='bbox 1014 1306 1151 1355; x_wconf 87' lang='lat' dir='ltr'><strong>mihi</strong></span> <span class='ocrx_word' id='word_1_96' title='bbox 1202 1305 1347 1371; x_wconf 86' lang='lat' dir='ltr'><strong>quod</strong></span> <span class='ocrx_word' id='word_1_97' title='bbox 1380 1305 1521 1356; x_wconf 81' lang='lat' dir='ltr'><strong>velit</strong></span> <span class='ocrx_word' id='word_1_98' title='bbox 1552 1320 1695 1355; x_wconf 86' lang='lat' dir='ltr'><strong>mer-</strong></span> 
     </span>
     <span class='ocr_line' id='line_1_15' title="bbox 147 1389 1695 1457; baseline -0.001 -16"><span class='ocrx_word' id='word_1_99' title='bbox 147 1390 302 1442; x_wconf 82' lang='lat' dir='ltr'><strong>&#39;dare</strong></span> <span class='ocrx_word' id='word_1_100' title='bbox 337 1406 504 1457; x_wconf 87' lang='lat' dir='ltr'><strong>super</strong></span> <span class='ocrx_word' id='word_1_101' title='bbox 537 1398 706 1441; x_wconf 84' lang='lat' dir='ltr'><strong>unum</strong></span> <span class='ocrx_word' id='word_1_102' title='bbox 749 1390 1075 1454; x_wconf 85' lang='lat' dir='ltr'><strong>magistrum</strong></span> <span class='ocrx_word' id='word_1_103' title='bbox 1114 1389 1517 1440; x_wconf 85' lang='lat' dir='ltr'><strong>Coloniensem.</strong></span> <span class='ocrx_word' id='word_1_104' title='bbox 1588 1389 1695 1439; x_wconf 84' lang='lat' dir='ltr'><strong>Re·</strong></span> 
     </span>
     <span class='ocr_line' id='line_1_16' title="bbox 171 1473 1695 1539; baseline -0.001 -15"><span class='ocrx_word' id='word_1_105' title='bbox 171 1475 368 1539; x_wconf 83' lang='lat' dir='ltr'><strong>spondi</strong></span> <span class='ocrx_word' id='word_1_106' title='bbox 394 1474 538 1539; x_wconf 85' lang='lat' dir='ltr'><strong>quod</strong></span> <span class='ocrx_word' id='word_1_107' title='bbox 563 1474 794 1525; x_wconf 83' lang='lat' dir='ltr'><strong>deberet</strong></span> <span class='ocrx_word' id='word_1_108' title='bbox 809 1473 1059 1524; x_wconf 81' lang='lat' dir='ltr'><strong>merdare</strong></span> <span class='ocrx_word' id='word_1_109' title='bbox 1080 1473 1151 1527; x_wconf 83' lang='lat' dir='ltr'><strong>ad</strong></span> <span class='ocrx_word' id='word_1_110' title='bbox 1168 1473 1497 1538; x_wconf 79' lang='lat' dir='ltr'><strong>patibulum.</strong></span> <span class='ocrx_word' id='word_1_111' title='bbox 1535 1473 1695 1522; x_wconf 84' lang='lat' dir='ltr'><strong>Tune</strong></span> 
     </span>
     <span class='ocr_line' id='line_1_17' title="bbox 169 1555 1693 1622; baseline -0.001 -15"><span class='ocrx_word' id='word_1_112' title='bbox 169 1558 308 1609; x_wconf 84' lang='lat' dir='ltr'><strong>dixit</strong></span> <span class='ocrx_word' id='word_1_113' title='bbox 332 1558 476 1622; x_wconf 89' lang='lat' dir='ltr'><strong>quod</strong></span> <span class='ocrx_word' id='word_1_114' title='bbox 500 1559 621 1622; x_wconf 87' lang='lat' dir='ltr'><strong>ipse</strong></span> <span class='ocrx_word' id='word_1_115' title='bbox 649 1558 820 1607; x_wconf 82' lang='lat' dir='ltr'><strong>etiam</strong></span> <span class='ocrx_word' id='word_1_116' title='bbox 845 1561 932 1609; x_wconf 84' lang='lat' dir='ltr'><strong>est</strong></span> <span class='ocrx_word' id='word_1_117' title='bbox 952 1557 1243 1622; x_wconf 81' lang='lat' dir='ltr'><strong>Magister,</strong></span> <span class='ocrx_word' id='word_1_118' title='bbox 1268 1556 1489 1607; x_wconf 82' lang='lat' dir='ltr'><strong>seilicet</strong></span> <span class='ocrx_word' id='word_1_119' title='bbox 1506 1555 1693 1621; x_wconf 55' lang='lat' dir='ltr'><strong>Curis,</strong></span> 
     </span>
     <span class='ocr_line' id='line_1_18' title="bbox 169 1626 1693 1707; baseline -0.003 -14"><span class='ocrx_word' id='word_1_120' title='bbox 169 1648 226 1693; x_wconf 88' lang='lat' dir='ltr'><strong>et</strong></span> <span class='ocrx_word' id='word_1_121' title='bbox 257 1658 400 1693; x_wconf 86' lang='lat' dir='ltr'><strong>unus</strong></span> <span class='ocrx_word' id='word_1_122' title='bbox 435 1642 708 1706; x_wconf 79' lang='lat' dir='ltr'><strong>Magister</strong></span> <span class='ocrx_word' id='word_1_123' title='bbox 744 1626 909 1707; x_wconf 62' lang='lat' dir='ltr'><strong>&amp;urie</strong></span> <span class='ocrx_word' id='word_1_124' title='bbox 944 1641 1201 1707; x_wconf 76' lang='lat' dir='ltr'><strong>prevalet</strong></span> <span class='ocrx_word' id='word_1_125' title='bbox 1234 1642 1559 1705; x_wconf 75' lang='lat' dir='ltr'><strong>magistrum</strong></span> <span class='ocrx_word' id='word_1_126' title='bbox 1604 1656 1693 1690; x_wconf 76' lang='lat' dir='ltr'><strong>ar-</strong></span> 
     </span>
     <span class='ocr_line' id='line_1_19' title="bbox 167 1724 1691 1790; baseline 0 -17"><span class='ocrx_word' id='word_1_127' title='bbox 167 1726 306 1776; x_wconf 87' lang='lat' dir='ltr'><strong>tium</strong></span> <span class='ocrx_word' id='word_1_128' title='bbox 341 1725 408 1775; x_wconf 86' lang='lat' dir='ltr'><strong>de</strong></span> <span class='ocrx_word' id='word_1_129' title='bbox 445 1725 724 1777; x_wconf 82' lang='lat' dir='ltr'><strong>Almania.</strong></span> <span class='ocrx_word' id='word_1_130' title='bbox 792 1724 1075 1790; x_wconf 77' lang='lat' dir='ltr'><strong>Respondi</strong></span> <span class='ocrx_word' id='word_1_131' title='bbox 1111 1724 1255 1789; x_wconf 83' lang='lat' dir='ltr'><strong>qued</strong></span> <span class='ocrx_word' id='word_1_132' title='bbox 1289 1740 1399 1775; x_wconf 87' lang='lat' dir='ltr'><strong>non</strong></span> <span class='ocrx_word' id='word_1_133' title='bbox 1436 1728 1523 1775; x_wconf 83' lang='lat' dir='ltr'><strong>est</strong></span> <span class='ocrx_word' id='word_1_134' title='bbox 1568 1740 1691 1789; x_wconf 86' lang='lat' dir='ltr'><strong>pos·</strong></span> 
     </span>
     <span class='ocr_line' id='line_1_20' title="bbox 167 1808 1693 1860; baseline -0.001 -1"><span class='ocrx_word' id='word_1_135' title='bbox 167 1810 351 1860; x_wconf 86' lang='lat' dir='ltr'><strong>sibile.</strong></span> <span class='ocrx_word' id='word_1_136' title='bbox 422 1810 498 1859; x_wconf 90' lang='lat' dir='ltr'><strong>Et</strong></span> <span class='ocrx_word' id='word_1_137' title='bbox 537 1808 653 1859; x_wconf 79' lang='lat' dir='ltr'><strong>dixi</strong></span> <span class='ocrx_word' id='word_1_138' title='bbox 699 1808 781 1859; x_wconf 83' lang='lat' dir='ltr'><strong>‘tu</strong></span> <span class='ocrx_word' id='word_1_139' title='bbox 823 1809 1003 1860; x_wconf 85' lang='lat' dir='ltr'><strong>velles</strong></span> <span class='ocrx_word' id='word_1_140' title='bbox 1051 1822 1170 1859; x_wconf 85' lang='lat' dir='ltr'><strong>esse</strong></span> <span class='ocrx_word' id='word_1_141' title='bbox 1216 1810 1301 1859; x_wconf 80' lang='lat' dir='ltr'><strong>ita</strong></span> <span class='ocrx_word' id='word_1_142' title='bbox 1334 1810 1511 1859; x_wconf 85' lang='lat' dir='ltr'><strong>bonus</strong></span> <span class='ocrx_word' id='word_1_143' title='bbox 1546 1809 1693 1860; x_wconf 82' lang='lat' dir='ltr'><strong>sieut</strong></span> 
     </span>
     <span class='ocr_line' id='line_1_21' title="bbox 169 1893 1695 1959; baseline 0 -16"><span class='ocrx_word' id='word_1_144' title='bbox 169 1908 298 1959; x_wconf 80' lang='lat' dir='ltr'><strong>ego,</strong></span> <span class='ocrx_word' id='word_1_145' title='bbox 349 1908 473 1943; x_wconf 82' lang='lat' dir='ltr'><strong>eum</strong></span> <span class='ocrx_word' id='word_1_146' title='bbox 519 1898 707 1943; x_wconf 86' lang='lat' dir='ltr'><strong>tamen</strong></span> <span class='ocrx_word' id='word_1_147' title='bbox 741 1908 854 1944; x_wconf 86' lang='lat' dir='ltr'><strong>non</strong></span> <span class='ocrx_word' id='word_1_148' title='bbox 887 1893 1126 1945; x_wconf 82' lang='lat' dir='ltr'><strong>stetistis</strong></span> <span class='ocrx_word' id='word_1_149' title='bbox 1162 1894 1221 1943; x_wconf 89' lang='lat' dir='ltr'><strong>in</strong></span> <span class='ocrx_word' id='word_1_150' title='bbox 1258 1893 1509 1943; x_wconf 77' lang='lat' dir='ltr'><strong>examine</strong></span> <span class='ocrx_word' id='word_1_151' title='bbox 1546 1895 1695 1944; x_wconf 81' lang='lat' dir='ltr'><strong>sieut</strong></span> 
     </span>
     <span class='ocr_line' id='line_1_22' title="bbox 169 1976 1691 2043; baseline 0.001 -17"><span class='ocrx_word' id='word_1_152' title='bbox 169 1992 298 2042; x_wconf 79' lang='lat' dir='ltr'><strong>ege,</strong></span> <span class='ocrx_word' id='word_1_153' title='bbox 343 1977 442 2027; x_wconf 80' lang='lat' dir='ltr'><strong>ubi</strong></span> <span class='ocrx_word' id='word_1_154' title='bbox 476 1977 722 2041; x_wconf 86' lang='lat' dir='ltr'><strong>quinque</strong></span> <span class='ocrx_word' id='word_1_155' title='bbox 759 1976 1014 2043; x_wconf 78' lang='lat' dir='ltr'><strong>magistri</strong></span> <span class='ocrx_word' id='word_1_156' title='bbox 1050 1976 1299 2042; x_wconf 83' lang='lat' dir='ltr'><strong>rigorose</strong></span> <span class='ocrx_word' id='word_1_157' title='bbox 1336 1978 1691 2027; x_wconf 83' lang='lat' dir='ltr'><strong>examinave-</strong></span> 
     </span>
     <span class='ocr_line' id='line_1_23' title="bbox 166 2059 1691 2126; baseline 0 -17"><span class='ocrx_word' id='word_1_158' title='bbox 166 2064 296 2111; x_wconf 85' lang='lat' dir='ltr'><strong>runt</strong></span> <span class='ocrx_word' id='word_1_159' title='bbox 339 2076 454 2125; x_wconf 89' lang='lat' dir='ltr'><strong>me,</strong></span> <span class='ocrx_word' id='word_1_160' title='bbox 503 2064 560 2111; x_wconf 89' lang='lat' dir='ltr'><strong>et</strong></span> <span class='ocrx_word' id='word_1_161' title='bbox 603 2076 734 2126; x_wconf 86' lang='lat' dir='ltr'><strong>ergo</strong></span> <span class='ocrx_word' id='word_1_162' title='bbox 781 2076 840 2111; x_wconf 86' lang='lat' dir='ltr'><strong>es</strong></span> <span class='ocrx_word' id='word_1_163' title='bbox 874 2060 1147 2125; x_wconf 77' lang='lat' dir='ltr'><strong>magister</strong></span> <span class='ocrx_word' id='word_1_164' title='bbox 1180 2059 1465 2111; x_wconf 84' lang='lat' dir='ltr'><strong>bullatus’.</strong></span> <span class='ocrx_word' id='word_1_165' title='bbox 1536 2060 1691 2111; x_wconf 81' lang='lat' dir='ltr'><strong>Tune</strong></span> 
     </span>
     <span class='ocr_line' id='line_1_24' title="bbox 165 2143 1691 2209; baseline 0 -16"><span class='ocrx_word' id='word_1_166' title='bbox 165 2146 377 2209; x_wconf 78' lang='lat' dir='ltr'><strong>incepit</strong></span> <span class='ocrx_word' id='word_1_167' title='bbox 421 2144 706 2209; x_wconf 81' lang='lat' dir='ltr'><strong>disputare</strong></span> <span class='ocrx_word' id='word_1_168' title='bbox 751 2158 964 2195; x_wconf 83' lang='lat' dir='ltr'><strong>mecum</strong></span> <span class='ocrx_word' id='word_1_169' title='bbox 1010 2143 1199 2195; x_wconf 76' lang='lat' dir='ltr'><strong>die-ens</strong></span> <span class='ocrx_word' id='word_1_170' title='bbox 1232 2143 1399 2207; x_wconf 78' lang='lat' dir='ltr'><strong>‘Quid</strong></span> <span class='ocrx_word' id='word_1_171' title='bbox 1444 2148 1533 2195; x_wconf 77' lang='lat' dir='ltr'><strong>est</strong></span> <span class='ocrx_word' id='word_1_172' title='bbox 1574 2158 1691 2193; x_wconf 86' lang='lat' dir='ltr'><strong>ma-</strong></span> 
     </span>
     <span class='ocr_line' id='line_1_25' title="bbox 167 2226 1689 2292; baseline 0.001 -17"><span class='ocrx_word' id='word_1_173' title='bbox 167 2228 394 2292; x_wconf 56' lang='lat' dir='ltr'><strong>gister?</strong></span> <span class='ocrx_word' id='word_1_174' title='bbox 430 2226 738 2291; x_wconf 78' lang='lat' dir='ltr'><strong>Respondi:</strong></span> <span class='ocrx_word' id='word_1_175' title='bbox 776 2226 885 2277; x_wconf 87' lang='lat' dir='ltr'><strong>‘est</strong></span> <span class='ocrx_word' id='word_1_176' title='bbox 919 2243 1159 2292; x_wconf 85' lang='lat' dir='ltr'><strong>persona</strong></span> <span class='ocrx_word' id='word_1_177' title='bbox 1184 2227 1529 2292; x_wconf 82' lang='lat' dir='ltr'><strong>qualificata,</strong></span> <span class='ocrx_word' id='word_1_178' title='bbox 1566 2244 1689 2292; x_wconf 90' lang='lat' dir='ltr'><strong>pro-</strong></span> 
     </span>
     <span class='ocr_line' id='line_1_26' title="bbox 122 2309 1689 2376; baseline 0.001 -16"><span class='ocrx_word' id='word_1_179' title='bbox 122 2348 131 2353; x_wconf 82' lang='lat'><em>-</em></span> <span class='ocrx_word' id='word_1_180' title='bbox 165 2314 318 2361; x_wconf 83' lang='lat' dir='ltr'><strong>mota</strong></span> <span class='ocrx_word' id='word_1_181' title='bbox 353 2314 411 2360; x_wconf 89' lang='lat' dir='ltr'><strong>et</strong></span> <span class='ocrx_word' id='word_1_182' title='bbox 443 2309 718 2375; x_wconf 80' lang='lat' dir='ltr'><strong>graduata</strong></span> <span class='ocrx_word' id='word_1_183' title='bbox 751 2312 810 2361; x_wconf 87' lang='lat' dir='ltr'><strong>in</strong></span> <span class='ocrx_word' id='word_1_184' title='bbox 845 2315 1059 2376; x_wconf 81' lang='lat' dir='ltr'><strong>septem</strong></span> <span class='ocrx_word' id='word_1_185' title='bbox 1095 2312 1308 2363; x_wconf 85' lang='lat' dir='ltr'><strong>artibus</strong></span> <span class='ocrx_word' id='word_1_186' title='bbox 1358 2311 1689 2362; x_wconf 82' lang='lat' dir='ltr'><strong>liberalibus</strong></span> 
     </span>
     <span class='ocr_line' id='line_1_27' title="bbox 165 2393 1693 2461; baseline 0.001 -18"><span class='ocrx_word' id='word_1_187' title='bbox 165 2393 498 2461; x_wconf 75' lang='lat' dir='ltr'><strong>precedente</strong></span> <span class='ocrx_word' id='word_1_188' title='bbox 527 2396 776 2446; x_wconf 80' lang='lat' dir='ltr'><strong>examine</strong></span> <span class='ocrx_word' id='word_1_189' title='bbox 801 2395 1133 2461; x_wconf 80' lang='lat' dir='ltr'><strong>magistrali,</strong></span> <span class='ocrx_word' id='word_1_190' title='bbox 1159 2396 1521 2460; x_wconf 83' lang='lat' dir='ltr'><strong>privilegiata</strong></span> <span class='ocrx_word' id='word_1_191' title='bbox 1546 2394 1693 2458; x_wconf 90' lang='lat' dir='ltr'><strong>quod</strong></span> 
     </span>
     <span class='ocr_line' id='line_1_28' title="bbox 164 2478 1687 2542; baseline 0.001 -15"><span class='ocrx_word' id='word_1_192' title='bbox 164 2481 352 2542; x_wconf 85' lang='lat' dir='ltr'><strong>potest</strong></span> <span class='ocrx_word' id='word_1_193' title='bbox 384 2483 607 2541; x_wconf 83' lang='lat' dir='ltr'><strong>portare</strong></span> <span class='ocrx_word' id='word_1_194' title='bbox 645 2478 907 2529; x_wconf 85' lang='lat' dir='ltr'><strong>annulum</strong></span> <span class='ocrx_word' id='word_1_195' title='bbox 943 2494 1171 2530; x_wconf 85' lang='lat' dir='ltr'><strong>aureum</strong></span> <span class='ocrx_word' id='word_1_196' title='bbox 1206 2483 1264 2529; x_wconf 89' lang='lat' dir='ltr'><strong>et</strong></span> <span class='ocrx_word' id='word_1_197' title='bbox 1298 2479 1537 2530; x_wconf 78' lang='lat' dir='ltr'><strong>sericum</strong></span> <span class='ocrx_word' id='word_1_198' title='bbox 1583 2479 1687 2529; x_wconf 84' lang='lat' dir='ltr'><strong>sub</strong></span> 
     </span>
     <span class='ocr_line' id='line_1_29' title="bbox 167 2562 1689 2629; baseline 0.002 -19"><span class='ocrx_word' id='word_1_199' title='bbox 167 2576 376 2627; x_wconf 83' lang='lat' dir='ltr'><strong>eappa,</strong></span> <span class='ocrx_word' id='word_1_200' title='bbox 422 2563 633 2613; x_wconf 84' lang='lat' dir='ltr'><strong>habens</strong></span> <span class='ocrx_word' id='word_1_201' title='bbox 679 2578 738 2613; x_wconf 82' lang='lat' dir='ltr'><strong>se</strong></span> <span class='ocrx_word' id='word_1_202' title='bbox 785 2563 856 2613; x_wconf 85' lang='lat' dir='ltr'><strong>ad</strong></span> <span class='ocrx_word' id='word_1_203' title='bbox 899 2577 1029 2614; x_wconf 84' lang='lat' dir='ltr'><strong>suos</strong></span> <span class='ocrx_word' id='word_1_204' title='bbox 1064 2562 1372 2629; x_wconf 84' lang='lat' dir='ltr'><strong>discipulos</strong></span> <span class='ocrx_word' id='word_1_205' title='bbox 1409 2563 1557 2613; x_wconf 84' lang='lat' dir='ltr'><strong>sieut</strong></span> <span class='ocrx_word' id='word_1_206' title='bbox 1590 2578 1689 2613; x_wconf 82' lang='lat' dir='ltr'><strong>rex</strong></span> 
     </span>
     <span class='ocr_line' id='line_1_30' title="bbox 165 2644 1691 2713; baseline 0.001 -18"><span class='ocrx_word' id='word_1_207' title='bbox 165 2644 238 2695; x_wconf 82' lang='lat' dir='ltr'><strong>ad</strong></span> <span class='ocrx_word' id='word_1_208' title='bbox 273 2661 430 2697; x_wconf 88' lang='lat' dir='ltr'><strong>suum</strong></span> <span class='ocrx_word' id='word_1_209' title='bbox 465 2647 744 2711; x_wconf 88' lang='lat' dir='ltr'><strong>populum.</strong></span> <span class='ocrx_word' id='word_1_210' title='bbox 803 2647 877 2697; x_wconf 89' lang='lat' dir='ltr'><strong>Et</strong></span> <span class='ocrx_word' id='word_1_211' title='bbox 899 2646 1172 2713; x_wconf 78' lang='lat' dir='ltr'><strong>Magister</strong></span> <span class='ocrx_word' id='word_1_212' title='bbox 1206 2646 1413 2697; x_wconf 84' lang='lat' dir='ltr'><strong>dieitur</strong></span> <span class='ocrx_word' id='word_1_213' title='bbox 1448 2650 1691 2711; x_wconf 86' lang='lat' dir='ltr'><strong>quatuor</strong></span> 
     </span>
    </p>
   </div>
  </div>
 </body>
</html>
