1942 3109
664 310 936 349 vonum«
974 308 1244 346 manvu.
1614 292 1716 345 443

189 402 388 474 insteti
431 433 530 485 pro
574 433 684 489 uno
720 415 1144 483 gubernamine,
1192 416 1249 466 et
1288 428 1355 465 ex
1388 412 1497 464 Dei
1533 413 1718 479 gratia

192 504 382 557 factus
418 516 536 577 sum
573 500 900 569 Scholirega
921 499 1199 553 Ecclesiae
1237 497 1553 564 collegiatae
1590 512 1716 548 san-

197 590 274 640 cti
320 586 527 654 Syfridi
571 582 812 640 Metensi
868 589 924 638 et
971 588 1118 638 bene
1176 588 1292 649 sto,
1352 584 1483 648 quia
1538 582 1718 634 habeo

192 672 425 726 ‘multum
472 670 758 725 scholares
806 674 862 723 et
904 686 1113 738 parvus
1160 673 1218 722 et
1262 683 1524 736 magnus,
1583 683 1721 733 pau·

192 774 352 827 peres
399 774 521 810 cum
566 757 783 823 divitis3
831 772 934 824 ego
967 756 1175 808 vellem
1212 752 1359 820 quod
1406 757 1466 804 tu
1499 754 1722 805 veneris

195 845 342 911 apud
376 860 497 908 nos,
535 844 669 908 quia
702 856 896 909 posses
930 856 1147 893 mecum
1180 840 1415 892 multum
1438 838 1721 907 prodesse,

191 928 299 995 'ego
334 926 542 980 vellem
589 925 950 991 singulariter
998 926 1145 991 apud
1180 929 1237 977 te
1272 930 1588 991 respectum
1622 924 1719 977 ha-

193 1014 347 1077 bere,
385 1015 442 1062 et
477 1009 680 1062 vellem
715 1013 771 1061 te
808 1007 1025 1061 discere
1065 1010 1319 1060 casualia
1356 1012 1413 1061 et
1448 1014 1722 1075 tempora-

194 1096 302 1162 lia,
365 1098 421 1160 e,t
474 1098 536 1146 tu
590 1110 787 1162 posses
842 1094 1017 1147 etiam
1075 1109 1109 1144 a
1154 1108 1239 1145 me
1286 1093 1484 1146 docere
1530 1094 1721 1146 facere

191 1196 416 1246 versos,
489 1182 621 1245 quia
672 1180 890 1247 incepsi
943 1179 1257 1246 nuperrime
1314 1179 1538 1230 tertiam
1592 1193 1723 1246 pars

194 1264 526 1330 Alexandri,
588 1268 644 1316 et
701 1280 820 1315 sum
880 1281 915 1316 a
970 1265 1203 1330 primum
1261 1263 1343 1313 ibi
1400 1259 1724 1316 ‘distinxere

193 1350 403 1419 pedes'.
458 1350 742 1416 Discipuli
776 1349 887 1401 iam
921 1348 1033 1400 mei
1067 1349 1255 1399 sciunt
1288 1345 1569 1399 fabricare
1602 1362 1725 1400 ver-

193 1452 303 1489 sos.
376 1436 535 1488 Unus
589 1436 729 1486 haeri
775 1437 1037 1502 apportat
1091 1434 1226 1485 mihi
1280 1448 1448 1484 unum
1501 1433 1722 1499 bonum,

191 1520 444 1576 scilicet:
513 1520 563 1572 Ο
599 1518 931 1572 intemerata
964 1534 1120 1572 mons
1165 1534 1334 1586 super
1378 1516 1578 1584 sydera
1612 1521 1722 1571 fer-

193 1614 312 1674 ret,
371 1605 504 1659 item
565 1606 709 1657 alter
765 1604 944 1656 Iorius
1004 1602 1207 1657 stissu‘s
1266 1610 1355 1657 est
1411 1603 1725 1670 presbyteri

195 1692 475 1755 clepores,
533 1690 668 1739 item
711 1690 910 1739 tertius
964 1704 1134 1739 unum
1189 1689 1480 1755 pulchrum
1524 1690 1724 1753 Epita-

193 1776 385 1842 phium
442 1772 513 1824 ad
566 1772 919 1839 sepulchrum
965 1771 1241 1839 lapidem:
1310 1772 1589 1824 Iohannes
1638 1779 1725 1826 est

195 1874 362 1919 mors,
400 1856 545 1920 quod
579 1858 719 1907 fecit
751 1858 888 1908 mihi
919 1873 1038 1922 vae,
1077 1862 1231 1910 orate
1268 1874 1367 1924 pro
1404 1858 1533 1923 sibi,
1568 1859 1723 1910 Deus

196 1940 371 1990 habet
413 1953 570 1989 suum
618 1939 820 1988 anima.
893 1938 993 1991 Sin
1050 1945 1237 1991 autem
1279 1958 1391 1992 non
1438 1945 1523 1991 est
1565 1942 1722 1993 luxu-

196 2026 406 2088 riosus,
452 2021 508 2074 id
555 2025 641 2073 est
685 2020 863 2087 liistig
909 2021 982 2073 ad
1023 2037 1242 2088 versos,
1289 2023 1388 2075 sed
1434 2024 1604 2075 etiam
1654 2026 1725 2076 ad

195 2124 390 2178 prosos
426 2107 788 2171 dictaminas,
840 2122 941 2173 ego
978 2108 1241 2173 proposui
1276 2108 1358 2159 eis
1392 2107 1609 2159 modum
1642 2109 1725 2161 di-

197 2191 414 2255 ctandi,
472 2208 540 2243 ex
595 2206 705 2256 quo
751 2193 938 2244 statim
988 2197 1149 2245 erunt
1191 2192 1379 2245 facere
1437 2194 1723 2260 epistolas.

197 2278 336 2329 Cum
379 2276 485 2329 hoc
530 2292 740 2344 occupo
785 2294 872 2329 me
921 2294 1044 2330 cum
1094 2280 1173 2331 eis
1212 2279 1357 2347 apud
1395 2279 1723 2333 Oratoribus

196 2368 256 2417 et
311 2362 522 2414 Poetis.
611 2362 752 2414 Lexi
811 2365 957 2415 enim
1016 2363 1125 2414 huo
1182 2379 1357 2430 usque
1416 2366 1725 2431 Vergilium

193 2464 360 2515 super
382 2448 614 2512 Lucam,
650 2446 972 2501 Ciceronem
1008 2464 1174 2513 super
1195 2448 1464 2513 Marcum,
1504 2452 1724 2514 Quinti-

192 2535 406 2584 lianum
463 2547 631 2600 super
686 2531 1021 2597 Iohannem,
1095 2530 1368 2584 Plautum·
1426 2534 1493 2587 de
1549 2537 1723 2590 beata

194 2617 420 2681 Virgine
469 2620 526 2669 et
558 2618 854 2669 Horatium
890 2616 958 2669 de
998 2614 1053 2667 S.
1092 2615 1416 2672 catharina.
1485 2621 1561 2671 Et
1594 2622 1721 2689 lego

198 2698 281 2749 eis
314 2700 546 2752 multum
581 2703 729 2755 bona
767 2704 922 2752 circa
957 2700 1380 2768 impedimentas
1416 2702 1721 2755 Alexandri

196 2798 414 2853 semper
454 2798 620 2855 super
662 2788 800 2843 duos
845 2800 1041 2842 versos
1087 2788 1293 2854 viginti
1336 2788 1577 2855 quatuor
1619 2786 1720 2841 Ar·
