1942 3109
435 233 508 270 ns
534 230 832 268 nrrsroms
859 205 1229 269 onsovnonv‘u
1252 229 1525 273 vmonvn.
1644 217 1741 271 165

212 343 362 407 terre
377 376 391 403 ,
435 339 660 402 quantis
707 351 810 404 ego
851 335 1189 403 perditorum
1233 337 1512 390 hominum
1548 343 1740 391 contu-

211 424 398 475 meliis
444 428 544 475 aut
587 423 752 474 unius
787 423 1031 474 fortasse
1065 423 1359 474 nebulonis
1392 421 1622 476 malicia
1656 425 1739 476 la-

215 510 483 573 cessitus,
533 508 680 559 hunc
711 523 892 559 meum
927 507 1130 558 librum
1168 507 1507 560 catholicum
1543 514 1601 560 et
1638 511 1739 561 mi-

211 597 360 646 nime
395 595 670 646 famosum
705 593 776 644 ad
812 592 1255 644 Christianorum
1287 595 1529 644 omnium
1564 595 1738 646 infor-

209 681 510 733 mationem
546 678 708 732 edere
743 679 1059 746 procuravi.
1119 675 1393 746 Impresse
1418 683 1549 729 sunt
1571 679 1743 744 igitur

207 769 360 818 intra
405 781 609 817 annum
655 768 714 815 et
747 763 962 815 silentii
996 767 1213 828 tempus
1252 763 1488 832 epistole
1525 764 1745 828 aliquot

208 852 582 918 famosissime
621 853 677 900 et
709 849 950 900 infames
988 861 1097 916 que
1118 847 1475 900 obscurorum
1496 850 1741 900 virorum

210 936 616 998 inscribuntur,
662 935 723 983 in
769 933 970 997 quibus
1010 947 1113 998 ego
1150 933 1437 998 ceterique
1472 934 1581 984 viri
1614 949 1739 1003 pre-

209 1019 545 1072 stantissimi
579 1022 638 1069 et
670 1018 864 1084 optimi
887 1019 985 1082 qui
1006 1033 1067 1069 se
1090 1033 1335 1082 unquam
1359 1019 1740 1071 sacratissimo

209 1105 340 1156 fidei
371 1103 608 1171 negocio
641 1119 742 1170 pro
777 1119 862 1154 me
901 1106 957 1154 et
994 1103 1239 1154 ecelesia
1276 1103 1367 1154 dei
1390 1105 1739 1169 interposue—

207 1194 340 1240 runt
371 1191 568 1239 mirum
602 1190 662 1238 in
695 1187 914 1238 modum
949 1188 1362 1240 exulcerantur.
1415 1189 1738 1241 Inscriban-

208 1278 304 1324 tur
337 1277 523 1324 autem
561 1269 646 1337 (ut
679 1271 814 1337 dixi)
853 1274 1209 1326 obscurorum
1242 1275 1486 1326 virorum
1518 1278 1583 1324 ut
1607 1275 1739 1325 libri

207 1358 562 1423 frontispicio
597 1372 708 1409 non
741 1357 900 1408 modo
923 1358 1140 1423 seipsos
1162 1359 1403 1411 infames
1426 1359 1737 1422 redderent,
1806 1355 1810 1358 ’

205 1443 574 1496 verumetiam
607 1456 790 1507 neque
827 1443 1009 1510 celum
1045 1457 1225 1507 neque
1266 1447 1471 1495 terram
1508 1447 1735 1496 extime-

207 1533 459 1595 scentes,
505 1528 650 1580 nulli
684 1532 983 1594 parcerent
1016 1529 1384 1598 impudentie,
1440 1545 1539 1596 per
1583 1530 1735 1581 mille

206 1615 504 1664 mendacia
540 1629 610 1665 ae
633 1613 1043 1680 blasphemiae,
1080 1617 1197 1664 tum
1218 1615 1281 1665 in
1304 1614 1600 1666 ecelesiam
1625 1615 1734 1678 dei,

205 1704 321 1750 tum
356 1700 416 1748 in
451 1701 678 1749 sanctos
713 1696 862 1762 eius,
910 1701 1025 1749 tum
1068 1699 1129 1748 in
1164 1701 1429 1764 optimum
1464 1713 1735 1764 quemque

205 1784 372 1832 minis
397 1783 713 1846 apostatice
737 1780 1149 1847 debacchando,
1174 1785 1255 1832 ita
1280 1785 1448 1834 etiam
1472 1788 1535 1833 ut
1556 1799 1737 1849 neque

209 1865 397 1932 Iudei,
429 1880 610 1930 neque
639 1866 904 1932 heretici,
941 1879 1123 1932 neque
1152 1865 1514 1931 Sarrhaceni,
1556 1883 1734 1933 neque

209 1951 551 2002 Thurcorum
573 1948 898 2013 nebulones,
916 1955 1017 2001 aut
1040 1955 1226 2002 scorta
1249 1953 1543 2020 multorum
1566 1969 1735 2004 anno-

206 2051 358 2099 rum,
395 2035 558 2084 immo
596 2037 653 2084 et
682 2047 754 2082 ne
785 2034 953 2083 inferi
988 2049 1203 2098 omnes,
1244 2037 1405 2084 tanta
1436 2035 1736 2087 maledicta

207 2124 436 2182 tamque
469 2116 765 2169 mendaces
797 2119 1110 2170 invectivas
1146 2121 1203 2170 et
1242 2117 1472 2184 publica.
1512 2119 1735 2170 tandem

207 2201 481 2254 scandala.
501 2203 822 2269 excogitare
839 2206 1085 2269 possent.
1114 2203 1272 2267 Quod
1288 2206 1353 2254 ut
1375 2204 1501 2254 luce
1528 2203 1735 2254 clarius

209 2285 561 2350 ostendatur,
599 2303 780 2352 pauca
815 2291 945 2338 sunt
980 2305 1011 2338 e
1046 2288 1233 2339 multis
1271 2288 1589 2338 adnotanda
1627 2303 1734 2355 que

206 2373 482 2424 instinctu
517 2371 750 2438 maligni
785 2373 1016 2438 spiritus
1052 2374 1265 2437 absque
1302 2387 1524 2422 suorum
1558 2374 1731 2423 nomi·

207 2475 336 2509 num
374 2461 430 2508 et
464 2458 576 2507 loci
619 2457 965 2523 professione
1012 2454 1091 2522 (id
1134 2457 1283 2522 quod
1326 2457 1731 2508 levissimorum

209 2547 297 2594 est
339 2541 640 2607 hominum)
687 2543 749 2592 in
790 2543 972 2593 lucem
1018 2542 1179 2594 edere
1222 2557 1333 2594 non
1376 2543 1732 2595 erubuerunt.

208 2629 274 2677 In
309 2629 484 2692 prima
519 2629 690 2694 igitur
725 2627 960 2679 ridicule
997 2629 1215 2694 peierat
1258 2643 1357 2694 per
1390 2643 1588 2679 nomen
1620 2627 1729 2678 dei.

207 2712 274 2764 In
309 2713 554 2764 secunda.
589 2729 873 2766 sacrarum
908 2713 1225 2766 litterarum
1246 2715 1581 2781 interpretes
1604 2727 1729 2780 per·
