1942 3109
291 224 390 276 326
467 239 754 275 EPISTOLAE
781 237 1143 274 OBSCVRORVM
1166 234 1420 271 VIRORVM
1444 235 1615 271 NOVAE.

292 361 401 395 non
437 345 620 395 iuvat:
669 360 796 409 ergo
834 344 1031 393 iterum
1068 341 1307 392 scribere
1343 340 1496 391 vobis
1531 340 1683 404 volO,
1732 345 1785 391 et

295 429 453 480 credo
501 429 643 494 quod
691 428 946 478 sufficiet.
1026 428 1193 478 Venit
1237 426 1369 475 mihi
1413 426 1465 474 in
1508 425 1673 475 litera
1720 442 1784 476 ex

287 514 534 565 Romana
570 514 735 564 Urbis
774 512 940 562 Curia
980 512 1121 575 quod
1156 512 1433 576 Mattheus
1464 510 1640 559 Finck
1676 512 1784 560 sin-

289 599 671 664 gularissimus
709 600 894 648 fautor
927 601 1114 649 vester
1152 600 1235 646 est
1269 600 1533 659 mortuUS‚
1582 599 1638 645 et
1685 595 1783 645 ali-

291 685 386 747 qui
421 683 704 733 Curtisani
739 682 1051 732 lansmanni
1096 682 1182 730 sui
1224 681 1525 731 habuerunt
1569 697 1653 729 me
1696 696 1783 730 ro-

287 772 473 832 gatum
537 767 680 831 quod
739 767 864 819 volo
929 768 982 817 ei
1045 781 1363 831 componere
1418 765 1783 830 Epitaphium.

289 852 446 914 Quod
481 852 594 901 feci
629 852 732 901 sic:

352 938 461 986 Hic
517 938 668 988 iacet
727 938 1003 987 extinctus
1127 936 1397 1001 quondam
1445 934 1775 987 venerabilis

1090 1022 1334 1072 Finckus

451 1108 516 1157 In
551 1109 722 1159 rubea
759 1112 920 1173 toga:
1026 1123 1121 1171 pro
1161 1123 1223 1157 eo
1260 1106 1411 1156 deum
1443 1122 1597 1171 roga:

354 1192 522 1243 Cuius
576 1194 706 1244 olim
758 1197 953 1243 vensser
1054 1192 1197 1242 bibit
1250 1190 1471 1241 Cursica
1525 1190 1657 1242 vina
1716 1189 1780 1240 11-

1085 1277 1307 1325 benterz

451 1363 514 1411 In
550 1362 651 1412 fide
689 1376 920 1426 syncera
1025 1363 1079 1409 et
1115 1357 1397 1407 Charitatc
1428 1374 1577 1408 vera.

285 1447 464 1496 Unum
499 1462 629 1511 rogo
665 1446 732 1495 de
766 1446 924 1496 vobis
962 1444 1105 1506 quod
1136 1442 1323 1493 velitis
1354 1458 1433 1490 me
1470 1447 1655 1493 tamen
1700 1446 1787 1493 in-

283 1534 492 1579 struere
531 1529 795 1591 quomodo
831 1528 1004 1578 debeo
1040 1526 1349 1589 intelligere
1386 1525 1522 1587 quod
1556 1526 1789 1578 Pan-hi-

283 1615 493 1664 sienses
531 1612 747 1676 quando
799 1612 1131 1663 sententiam
1155 1623 1317 1674 super
1340 1608 1625 1675 Speculum
1651 1626 1787 1662 ocu-

282 1699 428 1761 lare,
482 1701 691 1762 ponunt
744 1699 852 1748 ista
905 1697 1077 1748 verba
1134 1694 1291 1744 ‘citra
1343 1699 1522 1745 tamen
1569 1699 1783 1747 autoris

282 1784 454 1847 ipsius
500 1786 712 1846 notam,
772 1798 932 1847 quem
976 1782 1043 1832 ob
1090 1781 1341 1832 humilem
1389 1782 1501 1831 eius
1548 1781 1780 1831 submis—

283 1867 490 1917 sionem
535 1870 591 1916 et
637 1867 751 1917 alia
797 1868 914 1939 eius
959 1866 1266 1917 laudabilia
1301 1867 1503 1931 scripta
1538 1882 1634 1931 pro
1674 1865 1780 1915 Ca-

281 1951 488 2001 tholico
512 1951 813 2003 habemus':
853 1954 997 2015 Quia
1033 1968 1141 2003 non
1176 1954 1289 2002 scio
1322 1951 1450 2016 quid
1486 1955 1595 2017 est,
1636 1950 1779 2013 quod

285 2035 577 2103 Speculum
615 2038 837 2089 oculare
874 2038 1037 2089 debet
1074 2038 1311 2089 comburi
1344 2041 1603 2099 tanquam
1637 2035 1779 2084 liber

281 2121 558 2186 hereticus
615 2124 733 2173 sine
787 2124 1021 2173 infamia
1063 2122 1315 2171 Iohannis
1360 2120 1630 2171 Reuchlin
1684 2118 1781 2182 qui

285 2206 591 2270 composuit
635 2210 691 2255 et
737 2207 913 2255 adhuc
958 2206 1203 2255 defendit
1246 2220 1376 2254 eum.
1450 2206 1594 2267 Quia
1627 2202 1779 2254 vide—

282 2293 371 2339 tur
397 2289 539 2353 quod
566 2289 767 2352 aliquis
795 2290 1025 2351 artifex,
1064 2290 1158 2352 qui
1193 2292 1273 2339 est
1306 2304 1473 2339 causa
1510 2288 1779 2351 efficiens,

282 2375 458 2440 magis
484 2374 648 2425 debet,
672 2374 873 2425 habere
913 2373 1131 2437 culpam
1166 2388 1319 2437 quam
1354 2390 1439 2425 res
1476 2373 1574 2423 illa
1612 2387 1782 2434 quam

283 2461 438 2509 facit.
507 2460 694 2509 Etiam
727 2458 927 2510 vellem
965 2457 1107 2522 quod
1140 2459 1510 2509 Levanienses
1548 2458 1604 2505 in
1639 2457 1779 2522 Epi-

281 2543 426 2593 stola
465 2542 534 2591 ad
569 2559 770 2607 papam
803 2558 912 2592 non
947 2544 1317 2607 scripsissent,
1365 2542 1506 2606 quod
1542 2540 1778 2591 Senten-

281 2629 362 2678 tia
386 2621 848 2678 Par1·hisiensium
884 2632 938 2678 et
965 2627 1344 2678 Condemnatio
1381 2625 1593 2690 speculi
1628 2626 1777 2676 Ocu-

279 2714 414 2763 laris
441 2713 630 2763 attulit
651 2714 786 2777 111815
810 2714 1037 2763 multum
1068 2712 1372 2778 spiritualis
1395 2711 1778 2777 iocunditatiS,
