1942 3109
49 236 531 292 nnunn‘ruiouns
571 228 873 268 onscvnon.
900 223 1205 262 nnvcnnm.
1231 221 1411 258 novat.
1481 203 1583 254 279

49 369 176 408 non
210 344 442 414 possint.
511 339 706 390 Nonne
741 331 910 400 pilosi
943 343 1133 380 omnes
1170 326 1393 376 sumus?
1447 337 1584 388 quoa

51 441 270 494 natura
295 428 426 496 (que
461 422 678 478 occulte
715 413 995 484 operatur)
1024 412 1225 464 ceteris
1258 407 1587 460 mortalibus

53 519 388 580 astutiores.
415 525 534 563 esse
579 503 843 558 decrevit.
908 499 1158 580 'pilosum
1199 498 1429 559 inquam
1475 506 1589 554 cor,

57 623 194 662 cum
205 598 480 652 Messenio
490 594 836 646 Aristomene
861 601 896 636 a
913 580 1394 649 Lacedemonibus
1418 578 1590 628 inter-

57 694 222 748 fecto
255 685 538 738 habemus.
583 675 807 730 Astatia
841 671 1013 737 igitur
1046 667 1239 716 nostra
1260 665 1453 715 vincet
1474 664 1591 712 stu-

49 783 157 832 dia
191 773 428 825 illorum.
472 766 636 818 Prius
671 757 890 813 testudo
917 768 1085 806 cursu
1108 751 1357 814 leporem
1376 746 1591 808 vincet,

54 869 374 917 currusque
405 853 606 902 bovem
636 845 842 907 trahet,
882 853 1049 905 quam
1082 834 1395 901 ingenitam
1430 830 1595 882 nobis

54 939 354 998 maliciam
385 933 638 984 deserere
671 927 960 993 possimus.
1016 923 1135 974 Nec
1167 920 1381 969 mirum.
1426 915 1595 968 Vete-

54 1043 190 1084 rem
235 1021 378 1076 enim
421 1013 746 1084 pelliculam
789 1008 1091 1062 difficulter
1136 1003 1289 1056 exuit
1335 1001 1433 1064 qui
1480 1002 1597 1049 tam

57 1118 168 1168 diu
224 1104 514 1158 fraudibus
561 1115 630 1151 ac
672 1097 900 1148 malicia
947 1089 1234 1144 occalluit.
1304 1084 1467 1138 Vale.
1529 1097 1597 1132 ex

54 1191 434 1254 Dullendorp.
483 1190 542 1238 et
579 1199 702 1234 cum
737 1179 808 1230 ad
841 1177 1067 1244 Elysios
1105 1187 1327 1238 campos
1364 1169 1598 1220 descen-

57 1281 242 1342 deri3‚
277 1274 504 1325 Plutoni
535 1270 838 1322 inferorum
871 1261 1116 1330 principi
1149 1274 1235 1310 me
1271 1257 1473 1307 iterum
1510 1255 1599 1306 at-

59 1379 182 1436 que
218 1362 418 1413 iterum
455 1352 790 1408 commenda.

292 1665 344 1722 (l.
384 1660 624 1724 Pluto
668 1570 1373 1738 Phl9egetontheus

538 1759 784 1808 Sinoni
817 1755 1135 1808 Ululario

703 1838 775 1890 .S.
811 1839 874 1888 P.
909 1840 981 1891 D.

180 1949 230 2000 O
269 1944 350 1996 dii
395 1943 648 2004 deorum,
697 1955 926 2005 quorum
969 1941 1159 2004 opifex
1191 1944 1462 2004 paterque
1500 1955 1603 2006 ego

59 2052 196 2095 sum
214 2071 228 2098 ‚
276 2045 442 2096 quam
488 2041 690 2094 graves
723 2024 861 2074 mihi
895 2039 1069 2088 nuper
1114 2023 1489 2074 Obscurorum
1520 2024 1603 2074 la-

59 2116 450 2178 mentationes
485 2113 673 2178 oblate
711 2109 860 2176 apud
891 2109 1103 2160 inferos
1137 2107 1385 2158 fuerunt!
1431 2106 1603 2159 Nemo

59 2215 309 2278 prorsus
357 2199 786 2267 cacodemonum
833 2197 943 2261 est,
990 2194 1067 2244 mi
1110 2191 1310 2255 Sinon,
1358 2196 1453 2257 qui
1494 2207 1606 2242 non

59 2291 240 2348 luctu
265 2299 334 2336 ac
367 2297 576 2351 merore
615 2282 979 2333 contabescat
1014 2295 1083 2330 ac
1121 2293 1345 2330 carnem
1378 2276 1606 2329 devoret

59 2389 256 2434 suam.
307 2367 512 2420 Omnes
547 2368 691 2418 enim
723 2367 858 2417 boni
883 2362 970 2430 (ut
1004 2362 1191 2430 audio)
1218 2377 1287 2414 ac
1320 2362 1605 2428 sapientes

61 2464 461 2516 Obscurorum
482 2452 993 2504 Reuchlinistarum
1016 2463 1190 2516 genus
1212 2447 1604 2513 velut-pestem

63 2541 364 2614 quandam
407 2553 746 2608 presensque
781 2551 1055 2588 venenum
1100 2536 1261 2600 fugit.
1330 2532 1603 2586 Auctores

63 2631 214 2686 sunt
249 2626 522 2692 theologi,
569 2625 666 2690 qui
709 2638 807 2690 pro
845 2622 1091 2674 ecclesia
1128 2618 1339 2670 Christi
1370 2617 1441 2668 ad
1475 2633 1603 2670 san-

65 2714 315 2786 guinem
331 2725 508 2777 usque
534 2708 607 2775 (si
638 2711 746 2762 rite
781 2713 1019 2776 accepta
1052 2702 1331 2772 recordor)
1356 2703 1601 2770 legitime
