1942 3109
162 261 470 300 seur-nuru
485 257 1539 303 rAc.·rnaot..coLon.n.16.Avo.A.1513.
1582 248 1679 302 113

161 370 386 420 tentiam
411 383 510 420 seu
537 367 948 419 conclusionem
986 384 1087 433 per
1120 369 1395 420 notarium
1430 374 1676 421 nostrum

161 454 349 504 libello
383 453 634 522 predicto
672 453 906 517 ascribi,
955 468 1025 502 ac
1061 452 1238 503 eidem
1276 453 1532 519 Sigillum
1570 471 1677 519 quo

159 538 518 589 insimilibus
553 540 759 590 utimur
790 554 890 604 per
926 537 1208 589 cordulam
1246 539 1504 605 appendi.
1562 541 1679 592 Da-

81 655 90 661 1
156 628 269 674 tum
304 624 562 675 Lovanii.
606 623 764 674 Anno
801 618 893 672 diii
930 621 1250 673 .M.D.xn1.
1299 622 1510 675 Mensis
1546 624 1677 674 Iulii

157 724 359 778 xxynr.
395 712 698 761 memorato
735 706 924 773 sigillo
960 711 1151 759 nostro
1196 709 1253 758 in
1302 709 1675 760 testimonium

156 797 546 862 premissorum
580 794 668 844 his
707 807 972 859 appenso.
1008 791 1017 858 Ι

294 937 346 996 (I
405 946 772 998 Sententia
832 947 1207 998 facultatis
1266 948 1535 1000 theolo·
1698 943 1775 1006 δ’)

291 1033 444 1100 gice
503 1030 720 1082 studii
779 1031 1226 1084 coloniensis
1298 1036 1539 1083 contra

291 1113 1537 1183 speculumoculareIoannisReuch·

342 1202 442 1252 lin
475 1204 606 1268 igne
645 1202 1069 1254 comburendum
1104 1203 1496 1268 pronunciata.

259 1294 311 1353 (I
368 1303 661 1355 Universis
711 1308 767 1356 et
810 1303 1050 1370 singulis
1104 1307 1394 1372 presentes
1452 1304 1674 1355 litteras

154 1393 376 1442 nostras
410 1389 635 1454 visuris,
673 1389 904 1440 lecturis
937 1389 1031 1440 vel
1056 1389 1350 1441 audituris,
1410 1390 1674 1440 Decanus

153 1475 446 1526 facultatis
483 1489 642 1541 sacre
680 1473 957 1541 theologie
1003 1475 1240 1541 insignis
1288 1476 1677 1526 universitatis

151 1559 323 1612 studii
349 1559 700 1611 coloniensis
729 1560 1015 1623 ceterique
1041 1560 1295 1611 doctores
1333 1566 1390 1612 et
1424 1561 1679 1627 magistri

151 1647 210 1695 in
247 1646 442 1696 eadem
477 1645 755 1695 facultate
804 1648 936 1695 actu
983 1650 1240 1711 regentes
1288 1646 1675 1709 obsequiosam

151 1729 744 1780 recommendationem
781 1743 848 1779 ac
873 1729 1111 1780 salutem
1147 1731 1205 1779 in
1228 1730 1465 1781 domino.
1512 1731 1675 1780 Tam-

151 1817 263 1866 etsi
315 1813 712 1866 universaliter
769 1815 954 1878 quivis
1009 1830 1141 1866 vere
1200 1813 1550 1864 Christianus
1607 1831 1673 1865 ex

149 1899 281 1949 fidei
317 1899 593 1966 catholice
631 1898 753 1950 zelo
792 1903 848 1950 et
886 1898 1080 1950 christi
1105 1900 1232 1951 Iesu
1266 1899 1468 1950 domini
1502 1899 1682 1950 nostri

151 1984 430 2034 charitate
481 1983 650 2034 etiam
699 1983 769 2035 ad
807 1973 1135 2049 sanguinem
1183 1997 1357 2048 usque
1403 1985 1461 2033 in
1500 1984 1676 2034 cordis

144 2071 496 2136 synceritate
522 2067 706 2134 operis
730 2068 1105 2119 effectualiter
1124 2069 1461 2119 exhibitione
1488 2072 1545 2117 et
1561 2070 1676 2135 vite

149 2153 458 2218 corporalis
504 2151 798 2218 dispendio
857 2154 1098 2204 inimicis
1147 2169 1215 2204 ac
1264 2153 1677 2219 corruptoribus

147 2238 282 2288 fidei
326 2242 683 2306 sacrosancte
729 2240 991 2290 resistere
1037 2237 1242 2302 debeat
1289 2243 1345 2290 et
1392 2238 1679 2302 reluctari,

145 2323 419 2392 precipue
463 2327 650 2372 tamen
695 2339 854 2392 sacre
912 2323 1193 2392 theologie
1250 2323 1679 2388 professoribus,

145 2409 502 2474 eloquiorum
561 2405 864 2458 divinorum
922 2409 1325 2460 tractatoribus
1382 2407 1674 2473 negocium

143 2490 535 2546 huiuscemodi
577 2493 876 2558 incumbit,
935 2497 1214 2558 quatenus
1260 2496 1543 2542 armatura
1587 2489 1677 2540 dei

111 2579 358 2643 induti,
405 2578 621 2629 lumbos
673 2577 964 2629 charitatis
1002 2582 1057 2629 et
1091 2577 1351 2629 veritatis
1387 2576 1681 2644 precincti,

61 2645 71 2654 ⁸
145 2655 332 2715 lorica
357 2663 580 2733 iusticie
611 2663 939 2729 circundati,
978 2667 1136 2714 scuto
1173 2660 1298 2712 fidei
1326 2663 1545 2724 armati,
1580 2675 1676 2725 ga-

144 2750 244 2800 lea
285 2748 486 2798 salutis
523 2749 770 2814 cooperti
809 2753 862 2798 et
905 2746 1129 2811 bicipiti
1164 2745 1521 2807 vibi-antique
1559 2743 1679 2806 gla-

1375 2829 1408 2879 8
