<?xml version="1.0" encoding="UTF-8"?>
<!DOCTYPE html PUBLIC "-//W3C//DTD XHTML 1.0 Transitional//EN"
    "http://www.w3.org/TR/xhtml1/DTD/xhtml1-transitional.dtd">
<html xmlns="http://www.w3.org/1999/xhtml" xml:lang="en" lang="en">
 <head>
  <title>
</title>
<meta http-equiv="Content-Type" content="text/html;charset=utf-8" />
  <meta name='ocr-system' content='tesseract 3.04.00' />
  <meta name='ocr-capabilities' content='ocr_page ocr_carea ocr_par ocr_line ocrx_word'/>
</head>
<body>
  <div class='ocr_page' id='page_1' title='image "./epistolaeobscur00huttgoog_0293.png"; bbox 0 0 1942 3109; ppageno 0'>
   <div class='ocr_carea' id='block_1_1' title="bbox 221 214 1561 265">
    <p class='ocr_par' dir='ltr' id='par_1_1' title="bbox 221 214 1561 265">
     <span class='ocr_line' id='line_1_1' title="bbox 221 214 1561 265; baseline 0.001 -1"><span class='ocrx_word' id='word_1_1' title='bbox 221 214 324 265; x_wconf 73' lang='lat'><strong>282</strong></span> <span class='ocrx_word' id='word_1_2' title='bbox 401 228 686 265; x_wconf 70' lang='lat' dir='ltr'>EPISTOLAE</span> <span class='ocrx_word' id='word_1_3' title='bbox 713 228 1081 264; x_wconf 70' lang='lat' dir='ltr'>OBSGVBORVM</span> <span class='ocrx_word' id='word_1_4' title='bbox 1105 227 1362 264; x_wconf 69' lang='lat' dir='ltr'><strong>vmonvu</strong></span> <span class='ocrx_word' id='word_1_5' title='bbox 1386 226 1561 265; x_wconf 68' lang='lat' dir='ltr'><strong>ROVAE.</strong></span> 
     </span>
    </p>
   </div>
   <div class='ocr_carea' id='block_1_2' title="bbox 223 331 1766 2068">
    <p class='ocr_par' dir='ltr' id='par_1_2' title="bbox 223 331 1766 2068">
     <span class='ocr_line' id='line_1_2' title="bbox 223 331 1756 397; baseline -0.001 -17"><span class='ocrx_word' id='word_1_6' title='bbox 223 332 306 381; x_wconf 91' lang='lat' dir='ltr'><strong>lin</strong></span> <span class='ocrx_word' id='word_1_7' title='bbox 352 336 408 383; x_wconf 89' lang='lat' dir='ltr'><strong>et</strong></span> <span class='ocrx_word' id='word_1_8' title='bbox 455 348 670 397; x_wconf 82' lang='lat' dir='ltr'><strong>semper</strong></span> <span class='ocrx_word' id='word_1_9' title='bbox 712 331 908 382; x_wconf 86' lang='lat' dir='ltr'><strong>laudat</strong></span> <span class='ocrx_word' id='word_1_10' title='bbox 953 348 1103 383; x_wconf 88' lang='lat' dir='ltr'><strong>eum:</strong></span> <span class='ocrx_word' id='word_1_11' title='bbox 1153 337 1209 382; x_wconf 86' lang='lat' dir='ltr'><strong>et</strong></span> <span class='ocrx_word' id='word_1_12' title='bbox 1252 346 1427 397; x_wconf 81' lang='lat' dir='ltr'><strong>nuper</strong></span> <span class='ocrx_word' id='word_1_13' title='bbox 1470 332 1612 382; x_wconf 84' lang='lat' dir='ltr'><strong>fecit</strong></span> <span class='ocrx_word' id='word_1_14' title='bbox 1646 332 1756 379; x_wconf 88' lang='lat' dir='ltr'><strong>im-</strong></span> 
     </span>
     <span class='ocr_line' id='line_1_3' title="bbox 224 414 1758 482; baseline -0.001 -17"><span class='ocrx_word' id='word_1_15' title='bbox 224 416 457 481; x_wconf 89' lang='lat' dir='ltr'><strong>primere</strong></span> <span class='ocrx_word' id='word_1_16' title='bbox 495 417 716 480; x_wconf 84' lang='lat' dir='ltr'><strong>aliquas</strong></span> <span class='ocrx_word' id='word_1_17' title='bbox 739 415 1028 482; x_wconf 81' lang='lat' dir='ltr'><strong>Epistolas</strong></span> <span class='ocrx_word' id='word_1_18' title='bbox 1064 431 1205 480; x_wconf 85' lang='lat' dir='ltr'><strong>quas</strong></span> <span class='ocrx_word' id='word_1_19' title='bbox 1240 418 1393 465; x_wconf 82' lang='lat' dir='ltr'><strong>misit</strong></span> <span class='ocrx_word' id='word_1_20' title='bbox 1428 414 1499 465; x_wconf 83' lang='lat' dir='ltr'><strong>ad</strong></span> <span class='ocrx_word' id='word_1_21' title='bbox 1524 414 1758 465; x_wconf 82' lang='lat' dir='ltr'><strong>Curiam</strong></span> 
     </span>
     <span class='ocr_line' id='line_1_4' title="bbox 224 498 1759 565; baseline 0.001 -16"><span class='ocrx_word' id='word_1_22' title='bbox 224 499 528 549; x_wconf 81' lang='lat' dir='ltr'><strong>Romanam</strong></span> <span class='ocrx_word' id='word_1_23' title='bbox 566 499 636 549; x_wconf 82' lang='lat' dir='ltr'><strong>ad</strong></span> <span class='ocrx_word' id='word_1_24' title='bbox 670 500 882 565; x_wconf 80' lang='lat' dir='ltr'><strong>Papam</strong></span> <span class='ocrx_word' id='word_1_25' title='bbox 917 504 976 550; x_wconf 86' lang='lat' dir='ltr'><strong>et</strong></span> <span class='ocrx_word' id='word_1_26' title='bbox 1010 499 1229 564; x_wconf 82' lang='lat' dir='ltr'><strong>aliquos</strong></span> <span class='ocrx_word' id='word_1_27' title='bbox 1267 499 1613 550; x_wconf 75' lang='lat' dir='ltr'><strong>cardinales.</strong></span> <span class='ocrx_word' id='word_1_28' title='bbox 1685 498 1759 550; x_wconf 84' lang='lat' dir='ltr'><strong>In</strong></span> 
     </span>
     <span class='ocr_line' id='line_1_5' title="bbox 225 568 1759 643; baseline 0.002 -12"><span class='ocrx_word' id='word_1_29' title='bbox 225 584 348 633; x_wconf 82' lang='lat' dir='ltr'><strong>istis</strong></span> <span class='ocrx_word' id='word_1_30' title='bbox 382 584 636 635; x_wconf 86' lang='lat' dir='ltr'><strong>laudavit</strong></span> <span class='ocrx_word' id='word_1_31' title='bbox 669 583 944 633; x_wconf 84' lang='lat' dir='ltr'><strong>Reuehlin</strong></span> <span class='ocrx_word' id='word_1_32' title='bbox 982 586 1039 633; x_wconf 84' lang='lat' dir='ltr'><strong>et</strong></span> <span class='ocrx_word' id='word_1_33' title='bbox 1081 568 1493 643; x_wconf 78' lang='lat' dir='ltr'><strong>scandalizavit</strong></span> <span class='ocrx_word' id='word_1_34' title='bbox 1536 583 1759 634; x_wconf 84' lang='lat' dir='ltr'><strong>theolo-</strong></span> 
     </span>
     <span class='ocr_line' id='line_1_6' title="bbox 228 665 1760 732; baseline 0 -17"><span class='ocrx_word' id='word_1_35' title='bbox 228 667 405 732; x_wconf 75' lang='lat' dir='ltr'><strong>log08.</strong></span> <span class='ocrx_word' id='word_1_36' title='bbox 476 668 596 732; x_wconf 87' lang='lat' dir='ltr'><strong>Ego</strong></span> <span class='ocrx_word' id='word_1_37' title='bbox 643 667 836 717; x_wconf 88' lang='lat' dir='ltr'><strong>videns</strong></span> <span class='ocrx_word' id='word_1_38' title='bbox 884 666 1000 716; x_wconf 82' lang='lat' dir='ltr'><strong>dixi</strong></span> <span class='ocrx_word' id='word_1_39' title='bbox 1045 665 1125 716; x_wconf 85' lang='lat' dir='ltr'><strong>‘Si</strong></span> <span class='ocrx_word' id='word_1_40' title='bbox 1169 666 1435 718; x_wconf 86' lang='lat' dir='ltr'><strong>videbunt</strong></span> <span class='ocrx_word' id='word_1_41' title='bbox 1480 667 1586 716; x_wconf 83' lang='lat' dir='ltr'><strong>hoc</strong></span> <span class='ocrx_word' id='word_1_42' title='bbox 1630 666 1760 715; x_wconf 86' lang='lat' dir='ltr'><strong>Ma—</strong></span> 
     </span>
     <span class='ocr_line' id='line_1_7' title="bbox 229 750 1761 815; baseline 0 -16"><span class='ocrx_word' id='word_1_43' title='bbox 229 752 390 815; x_wconf 83' lang='lat' dir='ltr'><strong>gistri</strong></span> <span class='ocrx_word' id='word_1_44' title='bbox 425 751 627 814; x_wconf 80' lang='lat' dir='ltr'><strong>nostri,</strong></span> <span class='ocrx_word' id='word_1_45' title='bbox 665 750 922 801; x_wconf 88' lang='lat' dir='ltr'><strong>diabolus</strong></span> <span class='ocrx_word' id='word_1_46' title='bbox 951 750 1257 801; x_wconf 83' lang='lat' dir='ltr'><strong>confundet</strong></span> <span class='ocrx_word' id='word_1_47' title='bbox 1279 753 1438 801; x_wconf 89' lang='lat' dir='ltr'><strong>eum&#39;.</strong></span> <span class='ocrx_word' id='word_1_48' title='bbox 1501 750 1596 800; x_wconf 82' lang='lat' dir='ltr'><strong>Sic</strong></span> <span class='ocrx_word' id='word_1_49' title='bbox 1622 765 1761 814; x_wconf 88' lang='lat' dir='ltr'><strong>ergo</strong></span> 
     </span>
     <span class='ocr_line' id='line_1_8' title="bbox 228 834 1762 901; baseline 0 -18"><span class='ocrx_word' id='word_1_50' title='bbox 228 834 564 885; x_wconf 82' lang='lat' dir='ltr'><strong>universitas</strong></span> <span class='ocrx_word' id='word_1_51' title='bbox 610 838 799 885; x_wconf 81' lang='lat' dir='ltr'><strong>nostra</strong></span> <span class='ocrx_word' id='word_1_52' title='bbox 845 849 952 901; x_wconf 72' lang='lat' dir='ltr'><strong>qne</strong></span> <span class='ocrx_word' id='word_1_53' title='bbox 1000 835 1143 885; x_wconf 81' lang='lat' dir='ltr'><strong>facit</strong></span> <span class='ocrx_word' id='word_1_54' title='bbox 1174 840 1445 899; x_wconf 76' lang='lat' dir='ltr'><strong>&#39;magnam</strong></span> <span class='ocrx_word' id='word_1_55' title='bbox 1496 849 1762 885; x_wconf 84' lang='lat' dir='ltr'><strong>reveren—</strong></span> 
     </span>
     <span class='ocr_line' id='line_1_9' title="bbox 227 918 1763 984; baseline -0.001 -18"><span class='ocrx_word' id='word_1_56' title='bbox 227 919 364 967; x_wconf 83' lang='lat' dir='ltr'><strong>tiam</strong></span> <span class='ocrx_word' id='word_1_57' title='bbox 399 919 659 982; x_wconf 85' lang='lat' dir='ltr'><strong>Erasmo,</strong></span> <span class='ocrx_word' id='word_1_58' title='bbox 705 919 981 969; x_wconf 81' lang='lat' dir='ltr'><strong>inclinata</strong></span> <span class='ocrx_word' id='word_1_59' title='bbox 1029 923 1115 969; x_wconf 88' lang='lat' dir='ltr'><strong>est</strong></span> <span class='ocrx_word' id='word_1_60' title='bbox 1158 934 1265 984; x_wconf 83' lang='lat' dir='ltr'><strong>pr0.</strong></span> <span class='ocrx_word' id='word_1_61' title='bbox 1302 918 1609 967; x_wconf 83' lang='lat' dir='ltr'><strong>Reuchlin:</strong></span> <span class='ocrx_word' id='word_1_62' title='bbox 1681 918 1763 965; x_wconf 85' lang='lat' dir='ltr'><strong>Et</strong></span> 
     </span>
     <span class='ocr_line' id='line_1_10' title="bbox 227 1000 1763 1068; baseline -0.002 -16"><span class='ocrx_word' id='word_1_63' title='bbox 227 1002 384 1052; x_wconf 85' lang='lat' dir='ltr'><strong>venit</strong></span> <span class='ocrx_word' id='word_1_64' title='bbox 415 1002 526 1051; x_wconf 85' lang='lat' dir='ltr'><strong>hue</strong></span> <span class='ocrx_word' id='word_1_65' title='bbox 562 1000 862 1053; x_wconf 81' lang='lat' dir='ltr'><strong>Glorianus</strong></span> <span class='ocrx_word' id='word_1_66' title='bbox 899 1007 1096 1068; x_wconf 81' lang='lat' dir='ltr'><strong>poeta,</strong></span> <span class='ocrx_word' id='word_1_67' title='bbox 1142 1004 1238 1067; x_wconf 88' lang='lat' dir='ltr'><strong>qui</strong></span> <span class='ocrx_word' id='word_1_68' title='bbox 1274 1005 1361 1052; x_wconf 82' lang='lat' dir='ltr'><strong>est</strong></span> <span class='ocrx_word' id='word_1_69' title='bbox 1394 1001 1553 1051; x_wconf 88' lang='lat' dir='ltr'><strong>homo</strong></span> <span class='ocrx_word' id='word_1_70' title='bbox 1586 1000 1763 1052; x_wconf 84' lang='lat' dir='ltr'><strong>valde</strong></span> 
     </span>
     <span class='ocr_line' id='line_1_11' title="bbox 232 1084 1762 1151; baseline -0.001 -16"><span class='ocrx_word' id='word_1_71' title='bbox 232 1084 414 1136; x_wconf 86' lang='lat' dir='ltr'><strong>audax</strong></span> <span class='ocrx_word' id='word_1_72' title='bbox 451 1088 512 1135; x_wconf 89' lang='lat' dir='ltr'><strong>ut</strong></span> <span class='ocrx_word' id='word_1_73' title='bbox 548 1088 736 1135; x_wconf 81' lang='lat' dir='ltr'><strong>scitis:</strong></span> <span class='ocrx_word' id='word_1_74' title='bbox 781 1087 901 1151; x_wconf 87' lang='lat' dir='ltr'><strong>ipse</strong></span> <span class='ocrx_word' id='word_1_75' title='bbox 949 1086 1233 1137; x_wconf 82' lang='lat' dir='ltr'><strong>mirabilia</strong></span> <span class='ocrx_word' id='word_1_76' title='bbox 1269 1084 1538 1136; x_wconf 85' lang='lat' dir='ltr'><strong>scandala</strong></span> <span class='ocrx_word' id='word_1_77' title='bbox 1572 1085 1762 1147; x_wconf 86' lang='lat' dir='ltr'><strong>loqui-</strong></span> 
     </span>
     <span class='ocr_line' id='line_1_12' title="bbox 229 1167 1764 1235; baseline -0.001 -17"><span class='ocrx_word' id='word_1_78' title='bbox 229 1173 322 1219; x_wconf 87' lang='lat' dir='ltr'><strong>tur</strong></span> <span class='ocrx_word' id='word_1_79' title='bbox 355 1168 422 1218; x_wconf 89' lang='lat' dir='ltr'><strong>de</strong></span> <span class='ocrx_word' id='word_1_80' title='bbox 458 1170 618 1220; x_wconf 88' lang='lat' dir='ltr'><strong>vobis</strong></span> <span class='ocrx_word' id='word_1_81' title='bbox 657 1174 713 1221; x_wconf 85' lang='lat' dir='ltr'><strong>et</strong></span> <span class='ocrx_word' id='word_1_82' title='bbox 759 1170 890 1220; x_wconf 86' lang='lat' dir='ltr'><strong>aliis</strong></span> <span class='ocrx_word' id='word_1_83' title='bbox 942 1170 1237 1235; x_wconf 83' lang='lat' dir='ltr'><strong>theologis.</strong></span> <span class='ocrx_word' id='word_1_84' title='bbox 1306 1170 1401 1219; x_wconf 89' lang='lat' dir='ltr'><strong>Et·</strong></span> <span class='ocrx_word' id='word_1_85' title='bbox 1424 1167 1565 1217; x_wconf 83' lang='lat' dir='ltr'><strong>dicit</strong></span> <span class='ocrx_word' id='word_1_86' title='bbox 1611 1167 1764 1229; x_wconf 82' lang='lat' dir='ltr'><strong>quod</strong></span> 
     </span>
     <span class='ocr_line' id='line_1_13' title="bbox 229 1251 1761 1320; baseline -0.001 -18"><span class='ocrx_word' id='word_1_87' title='bbox 229 1252 353 1302; x_wconf 83' lang='lat' dir='ltr'><strong>vult</strong></span> <span class='ocrx_word' id='word_1_88' title='bbox 394 1267 560 1300; x_wconf 89' lang='lat' dir='ltr'><strong>unum</strong></span> <span class='ocrx_word' id='word_1_89' title='bbox 605 1252 806 1301; x_wconf 90' lang='lat' dir='ltr'><strong>librum</strong></span> <span class='ocrx_word' id='word_1_90' title='bbox 857 1268 1181 1317; x_wconf 84' lang='lat' dir='ltr'><strong>componere</strong></span> <span class='ocrx_word' id='word_1_91' title='bbox 1218 1251 1287 1301; x_wconf 87' lang='lat' dir='ltr'><strong>de</strong></span> <span class='ocrx_word' id='word_1_92' title='bbox 1322 1252 1595 1316; x_wconf 84' lang='lat' dir='ltr'><strong>nequitiis</strong></span> <span class='ocrx_word' id='word_1_93' title='bbox 1630 1268 1761 1320; x_wconf 72' lang='lat' dir='ltr'><strong>pre-</strong></span> 
     </span>
     <span class='ocr_line' id='line_1_14' title="bbox 233 1331 1765 1403; baseline 0 -18"><span class='ocrx_word' id='word_1_94' title='bbox 233 1334 540 1385; x_wconf 80' lang='lat' dir='ltr'><strong>dicatorum</strong></span> <span class='ocrx_word' id='word_1_95' title='bbox 587 1338 644 1384; x_wconf 88' lang='lat' dir='ltr'><strong>et</strong></span> <span class='ocrx_word' id='word_1_96' title='bbox 677 1331 810 1385; x_wconf 64' lang='lat' dir='ltr'><strong>‘vult</strong></span> <span class='ocrx_word' id='word_1_97' title='bbox 853 1336 1109 1385; x_wconf 81' lang='lat' dir='ltr'><strong>totaliter</strong></span> <span class='ocrx_word' id='word_1_98' title='bbox 1152 1334 1472 1385; x_wconf 80' lang='lat' dir='ltr'><strong>describere</strong></span> <span class='ocrx_word' id='word_1_99' title='bbox 1506 1336 1610 1385; x_wconf 82' lang='lat' dir='ltr'><strong>illa</strong></span> <span class='ocrx_word' id='word_1_100' title='bbox 1646 1350 1765 1403; x_wconf 69' lang='lat' dir='ltr'><strong>que</strong></span> 
     </span>
     <span class='ocr_line' id='line_1_15' title="bbox 233 1418 1764 1485; baseline 0.002 -19"><span class='ocrx_word' id='word_1_101' title='bbox 233 1418 391 1467; x_wconf 79' lang='lat' dir='ltr'><strong>faeta</strong></span> <span class='ocrx_word' id='word_1_102' title='bbox 427 1421 556 1468; x_wconf 87' lang='lat' dir='ltr'><strong>sunt</strong></span> <span class='ocrx_word' id='word_1_103' title='bbox 590 1419 648 1467; x_wconf 89' lang='lat' dir='ltr'><strong>in</strong></span> <span class='ocrx_word' id='word_1_104' title='bbox 682 1420 847 1469; x_wconf 87' lang='lat' dir='ltr'><strong>Bern.</strong></span> <span class='ocrx_word' id='word_1_105' title='bbox 917 1419 1037 1481; x_wconf 82' lang='lat' dir='ltr'><strong>Ego</strong></span> <span class='ocrx_word' id='word_1_106' title='bbox 1082 1418 1287 1469; x_wconf 82' lang='lat' dir='ltr'><strong>vellem</strong></span> <span class='ocrx_word' id='word_1_107' title='bbox 1332 1418 1575 1467; x_wconf 85' lang='lat' dir='ltr'><strong>libenter</strong></span> <span class='ocrx_word' id='word_1_108' title='bbox 1622 1421 1764 1485; x_wconf 84' lang='lat' dir='ltr'><strong>ami-</strong></span> 
     </span>
     <span class='ocr_line' id='line_1_16' title="bbox 236 1499 1765 1553; baseline 0.003 -5"><span class='ocrx_word' id='word_1_109' title='bbox 236 1500 436 1549; x_wconf 86' lang='lat' dir='ltr'><strong>caliter</strong></span> <span class='ocrx_word' id='word_1_110' title='bbox 471 1499 656 1550; x_wconf 86' lang='lat' dir='ltr'><strong>dicere</strong></span> <span class='ocrx_word' id='word_1_111' title='bbox 694 1499 766 1551; x_wconf 85' lang='lat' dir='ltr'><strong>ad</strong></span> <span class='ocrx_word' id='word_1_112' title='bbox 801 1515 926 1551; x_wconf 85' lang='lat' dir='ltr'><strong>eum</strong></span> <span class='ocrx_word' id='word_1_113' title='bbox 959 1515 1029 1549; x_wconf 87' lang='lat' dir='ltr'><strong>ne</strong></span> <span class='ocrx_word' id='word_1_114' title='bbox 1065 1502 1275 1550; x_wconf 80' lang='lat' dir='ltr'><strong>faciat:</strong></span> <span class='ocrx_word' id='word_1_115' title='bbox 1322 1499 1432 1550; x_wconf 85' lang='lat' dir='ltr'><strong>Sed</strong></span> <span class='ocrx_word' id='word_1_116' title='bbox 1478 1504 1561 1550; x_wconf 82' lang='lat' dir='ltr'><strong>est</strong></span> <span class='ocrx_word' id='word_1_117' title='bbox 1596 1501 1765 1553; x_wconf 88' lang='lat' dir='ltr'><strong>homo</strong></span> 
     </span>
     <span class='ocr_line' id='line_1_17' title="bbox 233 1582 1766 1650; baseline 0.004 -19"><span class='ocrx_word' id='word_1_118' title='bbox 233 1582 528 1645; x_wconf 83' lang='lat' dir='ltr'><strong>terribilis,</strong></span> <span class='ocrx_word' id='word_1_119' title='bbox 567 1586 622 1632; x_wconf 83' lang='lat' dir='ltr'><strong>et</strong></span> <span class='ocrx_word' id='word_1_120' title='bbox 655 1586 742 1633; x_wconf 82' lang='lat' dir='ltr'><strong>est</strong></span> <span class='ocrx_word' id='word_1_121' title='bbox 764 1583 1148 1634; x_wconf 85' lang='lat' dir='ltr'><strong>iracundiosus</strong></span> <span class='ocrx_word' id='word_1_122' title='bbox 1174 1598 1392 1648; x_wconf 85' lang='lat' dir='ltr'><strong>semper</strong></span> <span class='ocrx_word' id='word_1_123' title='bbox 1413 1583 1609 1635; x_wconf 81' lang='lat' dir='ltr'><strong>volens</strong></span> <span class='ocrx_word' id='word_1_124' title='bbox 1634 1601 1766 1650; x_wconf 89' lang='lat' dir='ltr'><strong>per-—</strong></span> 
     </span>
     <span class='ocr_line' id='line_1_18' title="bbox 238 1666 1765 1735; baseline 0.004 -20"><span class='ocrx_word' id='word_1_125' title='bbox 238 1670 453 1717; x_wconf 72' lang='lat' dir='ltr'><strong>outeret</strong></span> <span class='ocrx_word' id='word_1_126' title='bbox 497 1674 835 1732; x_wconf 80' lang='lat' dir='ltr'><strong>quapropter</strong></span> <span class='ocrx_word' id='word_1_127' title='bbox 879 1668 1089 1718; x_wconf 88' lang='lat' dir='ltr'><strong>habeat</strong></span> <span class='ocrx_word' id='word_1_128' title='bbox 1125 1668 1234 1720; x_wconf 80' lang='lat' dir='ltr'><strong>sibi</strong></span> <span class='ocrx_word' id='word_1_129' title='bbox 1270 1666 1568 1718; x_wconf 85' lang='lat' dir='ltr'><strong>diabolum.</strong></span> <span class='ocrx_word' id='word_1_130' title='bbox 1639 1669 1765 1735; x_wconf 80' lang='lat' dir='ltr'><strong>Ego</strong></span> 
     </span>
     <span class='ocr_line' id='line_1_19' title="bbox 235 1750 1763 1818; baseline 0.002 -17"><span class='ocrx_word' id='word_1_131' title='bbox 235 1766 396 1815; x_wconf 81' lang='lat' dir='ltr'><strong>spero</strong></span> <span class='ocrx_word' id='word_1_132' title='bbox 434 1750 580 1813; x_wconf 85' lang='lat' dir='ltr'><strong>quod</strong></span> <span class='ocrx_word' id='word_1_133' title='bbox 612 1752 802 1801; x_wconf 83' lang='lat' dir='ltr'><strong>veniet</strong></span> <span class='ocrx_word' id='word_1_134' title='bbox 837 1750 1129 1801; x_wconf 83' lang='lat' dir='ltr'><strong>Sententia</strong></span> <span class='ocrx_word' id='word_1_135' title='bbox 1166 1768 1233 1802; x_wconf 85' lang='lat' dir='ltr'><strong>ex</strong></span> <span class='ocrx_word' id='word_1_136' title='bbox 1268 1752 1404 1802; x_wconf 56' lang='lat' dir='ltr'><strong>nai-be</strong></span> <span class='ocrx_word' id='word_1_137' title='bbox 1439 1752 1613 1803; x_wconf 84' lang='lat' dir='ltr'><strong>Roma</strong></span> <span class='ocrx_word' id='word_1_138' title='bbox 1660 1769 1763 1818; x_wconf 79' lang='lat' dir='ltr'><strong>pro</strong></span> 
     </span>
     <span class='ocr_line' id='line_1_20' title="bbox 234 1833 1763 1899; baseline 0.002 -17"><span class='ocrx_word' id='word_1_139' title='bbox 234 1833 564 1899; x_wconf 82' lang='lat' dir='ltr'><strong>Theologis:</strong></span> <span class='ocrx_word' id='word_1_140' title='bbox 611 1838 745 1883; x_wconf 83' lang='lat' dir='ltr'><strong>tune</strong></span> <span class='ocrx_word' id='word_1_141' title='bbox 791 1836 975 1885; x_wconf 86' lang='lat' dir='ltr'><strong>omnia</strong></span> <span class='ocrx_word' id='word_1_142' title='bbox 1022 1841 1181 1885; x_wconf 86' lang='lat' dir='ltr'><strong>erunt</strong></span> <span class='ocrx_word' id='word_1_143' title='bbox 1229 1837 1392 1887; x_wconf 88' lang='lat' dir='ltr'><strong>bona.</strong></span> <span class='ocrx_word' id='word_1_144' title='bbox 1466 1835 1526 1885; x_wconf 85' lang='lat' dir='ltr'><strong>Si</strong></span> <span class='ocrx_word' id='word_1_145' title='bbox 1573 1838 1763 1886; x_wconf 84' lang='lat' dir='ltr'><strong>autem</strong></span> 
     </span>
     <span class='ocr_line' id='line_1_21' title="bbox 233 1918 1763 1983; baseline 0.001 -16"><span class='ocrx_word' id='word_1_146' title='bbox 233 1918 406 1967; x_wconf 82' lang='lat' dir='ltr'><strong>fuerit</strong></span> <span class='ocrx_word' id='word_1_147' title='bbox 438 1933 536 1981; x_wconf 87' lang='lat' dir='ltr'><strong>pro</strong></span> <span class='ocrx_word' id='word_1_148' title='bbox 569 1918 874 1983; x_wconf 84' lang='lat' dir='ltr'><strong>Reuehlin,</strong></span> <span class='ocrx_word' id='word_1_149' title='bbox 913 1922 1046 1968; x_wconf 87' lang='lat' dir='ltr'><strong>tunc</strong></span> <span class='ocrx_word' id='word_1_150' title='bbox 1082 1919 1337 1969; x_wconf 88' lang='lat' dir='ltr'><strong>diabolus</strong></span> <span class='ocrx_word' id='word_1_151' title='bbox 1376 1919 1590 1969; x_wconf 86' lang='lat' dir='ltr'><strong>tenebit</strong></span> <span class='ocrx_word' id='word_1_152' title='bbox 1626 1934 1763 1968; x_wconf 82' lang='lat' dir='ltr'><strong>ean·</strong></span> 
     </span>
     <span class='ocr_line' id='line_1_22' title="bbox 234 2000 1283 2068; baseline 0.005 -21"><span class='ocrx_word' id='word_1_153' title='bbox 234 2000 434 2051; x_wconf 84' lang='lat' dir='ltr'><strong>delam.</strong></span> <span class='ocrx_word' id='word_1_154' title='bbox 504 2002 724 2053; x_wconf 82' lang='lat' dir='ltr'><strong>Valete.</strong></span> <span class='ocrx_word' id='word_1_155' title='bbox 794 2003 1003 2052; x_wconf 86' lang='lat' dir='ltr'><strong>Datum</strong></span> <span class='ocrx_word' id='word_1_156' title='bbox 1032 2002 1283 2068; x_wconf 67' lang='lat' dir='ltr'><strong>&#39;Basilee.</strong></span> 
     </span>
    </p>
   </div>
   <div class='ocr_carea' id='block_1_3' title="bbox 464 2202 1541 2385">
    <p class='ocr_par' dir='ltr' id='par_1_3' title="bbox 464 2202 1541 2385">
     <span class='ocr_line' id='line_1_23' title="bbox 957 2202 1044 2256; baseline 0.034 -4"><span class='ocrx_word' id='word_1_157' title='bbox 957 2202 1044 2256; x_wconf 85' lang='lat'><strong>39.</strong></span> 
     </span>
     <span class='ocr_line' id='line_1_24' title="bbox 464 2298 1541 2385; baseline 0.005 -25"><span class='ocrx_word' id='word_1_158' title='bbox 464 2303 515 2359; x_wconf 76' lang='lat'><strong>(1</strong></span> <span class='ocrx_word' id='word_1_159' title='bbox 561 2299 1039 2364; x_wconf 87' lang='lat' dir='ltr'><strong>Chunradus</strong></span> <span class='ocrx_word' id='word_1_160' title='bbox 1085 2298 1541 2385; x_wconf 82' lang='lat' dir='ltr'><strong>Stryldriot</strong></span> 
     </span>
    </p>
   </div>
   <div class='ocr_carea' id='block_1_4' title="bbox 530 2402 1469 2536">
    <p class='ocr_par' dir='ltr' id='par_1_4' title="bbox 530 2402 1469 2536">
     <span class='ocr_line' id='line_1_25' title="bbox 530 2402 1469 2471; baseline 0.001 -20"><span class='ocrx_word' id='word_1_161' title='bbox 530 2402 866 2471; x_wconf 84' lang='lat' dir='ltr'><strong>Magistro</strong></span> <span class='ocrx_word' id='word_1_162' title='bbox 904 2403 1191 2453; x_wconf 86' lang='lat' dir='ltr'><strong>Ortvino</strong></span> <span class='ocrx_word' id='word_1_163' title='bbox 1228 2403 1469 2453; x_wconf 84' lang='lat' dir='ltr'><strong>Gratio</strong></span> 
     </span>
     <span class='ocr_line' id='line_1_26' title="bbox 869 2485 1137 2536; baseline 0.004 -1"><span class='ocrx_word' id='word_1_164' title='bbox 869 2485 1137 2536; x_wconf 81' lang='lat' dir='ltr'><strong>Salutem.</strong></span> 
     </span>
    </p>
   </div>
   <div class='ocr_carea' id='block_1_5' title="bbox 41 2586 1759 2801">
    <p class='ocr_par' dir='ltr' id='par_1_5' title="bbox 41 2586 1759 2801">
     <span class='ocr_line' id='line_1_27' title="bbox 339 2586 1759 2657; baseline 0.001 -20"><span class='ocrx_word' id='word_1_165' title='bbox 339 2586 676 2638; x_wconf 81' lang='lat' dir='ltr'><strong>Reverentia</strong></span> <span class='ocrx_word' id='word_1_166' title='bbox 703 2589 758 2637; x_wconf 87' lang='lat' dir='ltr'><strong>et</strong></span> <span class='ocrx_word' id='word_1_167' title='bbox 783 2586 1011 2637; x_wconf 84' lang='lat' dir='ltr'><strong>servitio</strong></span> <span class='ocrx_word' id='word_1_168' title='bbox 1037 2586 1467 2637; x_wconf 81' lang='lat' dir='ltr'><strong>affectuositatis</strong></span> <span class='ocrx_word' id='word_1_169' title='bbox 1492 2603 1611 2653; x_wconf 65' lang='lat' dir='ltr'><strong>mee</strong></span> <span class='ocrx_word' id='word_1_170' title='bbox 1636 2604 1759 2657; x_wconf 77' lang='lat' dir='ltr'><strong>pre-</strong></span> 
     </span>
     <span class='ocr_line' id='line_1_28' title="bbox 41 2632 1759 2741; baseline 0.003 -24"><span class='ocrx_word' id='word_1_171' title='bbox 41 2632 48 2741; x_wconf 54' lang='lat' dir='ltr'><strong>ll</strong></span> <span class='ocrx_word' id='word_1_172' title='bbox 242 2669 568 2721; x_wconf 80' lang='lat' dir='ltr'><strong>cedentibus</strong></span> <span class='ocrx_word' id='word_1_173' title='bbox 605 2686 738 2735; x_wconf 83' lang='lat' dir='ltr'><strong>erga</strong></span> <span class='ocrx_word' id='word_1_174' title='bbox 773 2672 1185 2721; x_wconf 78' lang='lat' dir='ltr'><strong>virtuositatem</strong></span> <span class='ocrx_word' id='word_1_175' title='bbox 1218 2676 1490 2736; x_wconf 84' lang='lat' dir='ltr'><strong>vestram,</strong></span> <span class='ocrx_word' id='word_1_176' title='bbox 1526 2676 1759 2723; x_wconf 77' lang='lat' dir='ltr'><strong>venera-</strong></span> 
     </span>
     <span class='ocr_line' id='line_1_29' title="bbox 45 2744 50 2801; baseline 0 0"><span class='ocrx_word' id='word_1_177' title='bbox 45 2744 50 2801; x_wconf 76' lang='grc' dir='ltr'>Ι</span> 
     </span>
    </p>
   </div>
   <div class='ocr_carea' id='block_1_6' title="bbox 1930 1572 1937 2087">
    <p class='ocr_par' dir='ltr' id='par_1_6' title="bbox 1930 1572 1937 2087">
     <span class='ocr_line' id='line_1_30' title="bbox 1930 1572 1937 2087; baseline 0 0"><span class='ocrx_word' id='word_1_178' title='bbox 1930 1572 1937 2087; x_wconf 95' lang='lat' dir='ltr'><strong> </strong></span> 
     </span>
    </p>
   </div>
  </div>
 </body>
</html>
