1942 3109
311 278 377 322 36.
402 283 681 339 maurus
708 283 979 322 Annonm.
1013 280 1080 325 37.
1105 287 1346 324 osorton
1370 289 1572 326 annot.
1609 273 1712 326 279

178 387 409 452 quando
434 389 750 439 ambulavit
774 389 1032 440 hincinde
1057 391 1116 440 in
1140 393 1374 468 negocip
1397 391 1550 458 fidei,
1576 397 1710 444 tunc

176 471 341 522 dedit
374 473 429 522 ei
461 473 653 538 magni
688 474 863 537 precii
894 489 1171 525 nummum
1193 491 1292 542 pro
1314 477 1544 528 viatico.
1604 477 1712 528 Re·

176 555 409 622 spondit
442 571 585 606 unus
622 557 939 622 Theolokus
977 558 1138 610 ‘facit
1171 563 1306 610 tunc
1342 559 1512 610 etiam
1557 575 1712 626 mag·

175 645 313 690 nam
358 639 711 706 diligentiam
768 641 885 706 ipse
931 642 1210 694 Iohannes
1252 644 1604 694 Pfefferkorn
1657 646 1714 694 in

176 723 335 774 dicto
358 725 641 789 negotio?’
676 725 813 776 Dixi
844 726 1004 777 velut
1037 728 1344 793 scripsistis
1379 727 1530 791 mihi,
1569 727 1714 792 quod

174 808 291 857 sie:
331 808 467 871 quia
501 810 623 858 sine
658 809 919 860 molestia
957 812 1271 863 circumivit
1293 828 1394 877 per
1415 814 1590 862 totam
1615 811 1714 862 Al-

176 891 455 955 maniam‚
494 893 751 956 quamvis
786 897 1024 958 protunc
1059 896 1170 946 fuit
1203 898 1256 946 ei
1292 897 1712 960 inconveniens,

179 989 309 1024 eum
366 987 593 1026 uxorem
640 981 697 1026 et
740 977 947 1029 liberos
994 993 1125 1029 suos
1171 979 1410 1030 educare
1457 984 1514 1028 et
1558 981 1712 1030 alere

180 1059 533 1124 conveniret,
584 1063 723 1122 quos
766 1060 1087 1126 dereliquit.
1173 1064 1444 1125 Quamvis
1501 1063 1560 1110 in
1613 1063 1713 1111 ab·

178 1142 367 1192 sentia
402 1149 507 1192 sua
542 1143 815 1209 Theologi
849 1144 1108 1196 fecerunt
1141 1145 1318 1195 multa
1361 1146 1513 1196 bona
1556 1147 1716 1197 uxori

178 1227 305 1276 eius
331 1225 686 1277 consolantes
712 1233 863 1291 e'am,
901 1230 1038 1292 quia
1071 1228 1265 1280 vident
1299 1228 1445 1293 quod
1477 1231 1565 1281 vir
1589 1231 1712 1282 eius

180 1314 271 1360 est
306 1313 617 1374 occupatus
652 1311 710 1360 in
747 1325 921 1362 causa
964 1311 1110 1363 fidei.
1178 1313 1365 1363 Etiam
1411 1311 1712 1377 aliquando

178 1393 411 1443 Fratres
448 1391 516 1442 de
550 1383 899 1445 Monasterio
932 1400 1122 1446 nostro
1161 1397 1438 1446 accedunt
1473 1411 1594 1446 eam
1629 1395 1710 1444 di-

187 1478 415 1526 centesz
460 1476 803 1529 ‘Miseremur
846 1480 1023 1530 vestri
1067 1479 1213 1544 quod
1249 1480 1386 1531 estis
1423 1480 1504 1530 sic
1541 1479 1711 1531 sola':

186 1563 247 1610 et
280 1561 407 1625 ipsa
438 1562 765 1627 respondet:
813 1561 1088 1616 ‘Veniatis
1136 1564 1437 1628 aliquando
1471 1565 1710 1616 visitan-

183 1648 275 1694 tes
320 1659 434 1708 me,
480 1647 614 1709 quia
660 1661 781 1696 sum
828 1649 992 1710 quasi
1030 1647 1225 1712 vidua,
1281 1652 1339 1699 et
1384 1647 1530 1698 detis
1576 1647 1714 1696 mihi

187 1727 603 1781 consolationes
639 1732 895 1782 vestras’.
954 1730 1218 1781 Attamen
1251 1730 1545 1781 modernus
1579 1729 1714 1794 Epi-

190 1825 397 1876 scopus
418 1812 865 1880 Moguntinensis
900 1829 1011 1864 non
1041 1814 1200 1864 favet
1220 1813 1460 1864 Iohanni
1478 1813 1714 1862 Pfeffer-

189 1895 351 1944 korn.
411 1901 467 1947 et
489 1898 594 1948 hoc
617 1901 940 1963 propterea,
968 1899 1104 1960 quia
1127 1897 1300 1949 habet
1323 1897 1544 1961 aliquos
1570 1895 1712 1946 Con-

188 1977 435 2031 siliarios
460 1982 555 2044 qui
577 1981 813 2030 multum
835 1985 1161 2046 promovent
1175 1981 1482 2031 Iohannem
1495 1979 1714 2029 Reueh-

184 2062 271 2112 lin
316 2067 373 2113 et
416 2063 608 2115 odiunt
642 2064 976 2130 Theologos.
1045 2063 1233 2113 Etiam
1279 2061 1464 2111 dictus
1500 2063 1717 2126 episco-

186 2161 291 2211 pus
324 2160 434 2198 non
468 2148 651 2199 voluit
685 2148 980 2198 admittere
1016 2145 1320 2197 Iohannem
1343 2143 1716 2210 Pfefferkorn,

188 2230 411 2295 quando
445 2232 630 2283 voluit
658 2231 718 2281 'ei
751 2239 1076 2300 presentare
1123 2246 1280 2282 suam
1315 2230 1714 2282 Defensiouem

188 2319 385 2364 contra
420 2315 668 2366 famosas
683 2335 703 2379 ,’
734 2317 897 2366 sicut·
913 2316 1171 2366 intellexi
1195 2332 1263 2366 ex
1286 2320 1475 2366 vestra
1499 2315 1712 2365 littera.‘

184 2397 356 2447 Talia
379 2397 513 2448 dixi.
576 2398 735 2448 Tunc
760 2399 1047 2464 respondit
1067 2414 1212 2448 unus
1237 2397 1396 2460 ‘Quis
1421 2403 1508 2448 est
1529 2402 1717 2448 tamen

187 2479 287 2531 ille
310 2481 707 2532 Pfefferkorn?
738 2482 1022 2548 Respondi
1056 2480 1202 2547 quod
1225 2481 1358 2531 olim
1381 2481 1494 2531 fuit
1514 2481 1717 2550 Iudeus

186 2569 247 2614 et
279 2579 429 2614 nunc
462 2568 551 2614 est
581 2565 826 2616 feliciter
855 2567 914 2616 in
937 2565 1160 2617 Christo
1189 2558 1512 2629 baptizatus
1544 2569 1602 2614 et
1633 2568 1720 2615 est

182 2648 273 2699 vir
290 2647 656 2712 proculdubio
676 2649 1064 2714 integerrimus
1085 2652 1144 2700 et
1161 2653 1247 2699 est
1263 2648 1330 2698 de
1349 2647 1718 2710 tribuNepta-

185 2731 302 2780 lim.
349 2731 510 2780 Dixit
536 2731 637 2780 ille
660 2729 823 2782 ‘Vere
844 2730 1189 2792 benedictio,
1221 2744 1328 2794 que
1349 2729 1484 2775 data
1507 2730 1594 2775 est
1611 2727 1720 2773 Ne-
