1942 3109
273 215 372 268 140
527 229 819 268 srrsronm
855 227 1225 269 onscvxonvu
1262 228 1539 292 ymosvu.

271 352 370 401 per
403 336 564 388 vobis
609 337 882 401 seribere,
933 340 991 386 et
1033 337 1267 386 maxime
1305 336 1436 399 quia
1470 349 1572 386 vos
1608 333 1805 386 fuistis

269 424 562 488 preceptor
597 437 748 474 meus
785 423 844 471 in
877 421 1189 472 Daventria
1224 421 1283 470 in
1318 420 1509 484 quinto
1544 417 1703 485 loen,
1744 424 1807 470 et

271 507 404 570 quia
443 508 614 558 etiam
651 507 786 558 estis
819 507 1083 558 vittrinus
1117 521 1300 570 meus,
1350 519 1521 570 quare
1570 520 1675 570 ego
1712 509 1802 555 te-

269 605 405 643 neor
439 592 600 642 vobis
637 592 899 642 scribere.
971 589 1081 642 Sed
1129 591 1261 654 quia
1306 592 1417 642 iam
1462 589 1653 642 nullas
1698 606 1802 640 no-

269 677 480 726 vitates
515 675 718 740 haime,
753 674 882 728 volo
915 676 1082 726 vobis
1116 673 1233 726 alia
1256 676 1529 726 scribere:
1566 673 1666 726 sed
1692 690 1803 740 ego

269 760 387 810 seio
441 759 586 823 quod
632 761 736 810 illa
779 776 888 811 non
929 759 1293 812 delectabunt
1336 775 1465 822 vos,
1512 759 1645 822 quia
1693 775 1801 810 vos

207 883 211 887 .
269 845 406 894 estis
450 845 628 896 bonus
673 860 842 910 super
883 844 1063 897 latere
1108 843 1535 912 predicatorum.
1604 843 1803 908 Nuper

269 927 438 978 semel
473 928 714 980 sedimus
751 931 810 980 in
833 931 1115 995 simposio.
1188 930 1345 981 Tune
1374 928 1519 980 sedit
1542 929 1621 982 ibi
1642 943 1799 980 unus

269 1013 365 1076 qui
400 1013 734 1076 loquebatur
765 1019 883 1064 tam
917 1014 1173 1066 mirabile
1208 1014 1473 1077 latinum,
1510 1012 1655 1078 quod
1694 1029 1803 1079 ego

268 1112 379 1148 non
413 1098 597 1150 omnia
631 1098 806 1149 verba
840 1099 1123 1163 intellexi,
1160 1097 1260 1150 sed
1294 1099 1489 1163 aliqua
1523 1099 1701 1162 bene,
1738 1103 1803 1150 et

267 1182 416 1232 inter
451 1186 638 1233 eetera
673 1181 844 1246 dixit,
891 1183 1039 1246 quod
1082 1181 1257 1234 vellet
1291 1197 1458 1234 unum
1492 1185 1799 1234 tractatum

269 1281 594 1329 componere
635 1267 731 1329 qui
763 1265 994 1317 deberet
1030 1266 1181 1318 exire
1220 1266 1290 1317 ad
1324 1267 1629 1332 proximam
1660 1270 1795 1318 mis-

269 1365 387 1400 sam
409 1349 972 1414 Franokfurdensem‚
1010 1351 1107 1415 qui
1130 1350 1359 1402 deberet
1382 1351 1660 1402 intitulari
1684 1351 1797 1402 Ca·

267 1434 530 1499 thalogus
554 1437 1051 1502 prevaricatorum,
1087 1435 1195 1486 hoc
1220 1439 1305 1486 est
1327 1435 1763 1502 predicatorum'
1782 1455 1798 1487 z

271 1520 404 1582 quia
440 1519 614 1570 vellet
647 1521 890 1572 seribere
915 1535 1105 1572 omnes
1132 1536 1317 1572 eorum
1340 1521 1621 1584 nequitias
1646 1533 1800 1584 quas

267 1604 554 1668 fecerunt,
601 1605 734 1668 quia
780 1605 892 1654 iam
939 1609 1129 1656 essent
1162 1609 1311 1656 inter
1346 1619 1533 1656 omnes
1568 1603 1801 1656 ordines

265 1689 744 1752 nequitiosissimi.
815 1689 882 1740 In
916 1690 1107 1756 primis
1144 1689 1413 1755 quomodo
1461 1689 1804 1754 contigisset

267 1774 325 1822 in
347 1773 532 1824 Berua
558 1774 702 1839 quod
737 1775 890 1839 prior
925 1780 983 1825 et
1017 1776 1329 1840 superiores
1365 1772 1801 1826 introduxerunt

267 1859 587 1910 meretrices
624 1858 696 1909 ad
745 1859 1075 1924 claustrum,
1126 1864 1183 1910 et
1226 1857 1493 1924 quomodo
1538 1859 1807 1911 fecerunt

265 1957 466 1994 novum
501 1942 766 1994 Sanctum
799 1945 1179 2008 Franciscum‚
1218 1948 1274 1994 et
1308 1941 1575 2008 quomodo
1611 1943 1803 1996 Beata

263 2027 422 2093 virgo
483 2032 540 2078 et
597 2034 780 2097 cetere
827 2027 1032 2097 Sancte
1080 2029 1472 2094 apparuissent
1527 2027 1617 2078 illi
1658 2027 1801 2080 Nol·

263 2111 462 2178 hardo‚
525 2117 581 2164 et
637 2114 809 2164 etiam
868 2113 1137 2178 quomodo
1192 2112 1451 2166 monachi
1494 2111 1804 2164 voluerunt

263 2200 460 2261 postea
505 2197 594 2248 illi
627 2197 908 2250 Nolhardo
951 2213 1225 2251 venenum
1270 2197 1403 2248 dare
1448 2197 1508 2247 in
1544 2195 1799 2262 Corpore

264 2281 499 2344 Christi3
549 2287 604 2332 et
651 2282 796 2348 quod
840 2283 944 2350 hec
990 2285 1172 2334 omnia
1224 2286 1410 2333 essent
1443 2283 1699 2350 nequitie
1738 2289 1802 2334 et

263 2367 510 2433 fantasie
559 2366 706 2430 quod
750 2368 860 2432 ipsi
908 2368 1167 2419 monachi
1214 2369 1500 2430 fecerunt,
1550 2371 1608 2416 et
1653 2381 1797 2430 quo-

259 2450 418 2502 modo
475 2449 676 2500 deinde
737 2456 925 2504 essent
987 2453 1274 2504 combusti.
1344 2449 1561 2502 Deinde
1608 2452 1802 2503 voluit

265 2549 590 2600 componere
627 2535 894 2600 quomodo
931 2537 1103 2588 semel
1136 2551 1279 2588 unus
1314 2535 1797 2603 predicator-„sup-

261 2621 450 2685 posuit
482 2619 772 2689 Magantie
819 2625 879 2672 in
925 2622 1171 2673 ecelesia
1218 2625 1349 2672 ante
1396 2621 1576 2673 altare
1617 2637 1799 2672 unam

260 2705 632 2771 meretricem,
687 2711 742 2757 et
797 2705 1017 2770 quando
1062 2705 1259 2757 deinde
1304 2705 1417 2773 alie
1460 2706 1801 2758 meretrices
