1942 3109
382 260 519 295 von.
559 260 599 293 1.
676 252 750 293 2¹.
790 257 1033 293 comum
1069 256 1142 293 nn
1179 256 1500 294 zmcesvu.
1639 244 1708 295 59

174 365 304 413 ostis
340 364 582 427 pulchra
620 366 774 413 inter
808 363 1092 427 muliereS,
1130 367 1187 414 et
1220 365 1441 414 macula
1474 378 1586 413 non
1621 367 1708 413 est

172 449 229 496 in
260 450 443 500 vobis,
517 450 674 511 Quia
706 462 809 497 vos
848 448 980 497 estis
1011 449 1425 512 speciosissima
1449 450 1598 499 sicut
1621 452 1710 498 est

170 547 282 582 una
326 535 389 582 in
437 538 561 585 toto
607 530 848 581 mundo'.
918 532 1076 581 Tunc
1119 533 1244 597 ipsa
1289 534 1414 583 risit
1449 538 1506 583 et
1539 532 1708 582 dixit:

170 616 295 667 ‘Per
338 616 541 682 deum,
586 632 687 669 vos
733 616 893 667 scitis
940 616 1256 668 amicaliter
1285 616 1471 681 loqui,
1521 618 1572 667 si
1607 632 1708 683 ego

168 702 373 753 vellem
412 701 685 752 credere'.
753 700 827 750 Et
860 706 1056 766 postea
1091 718 1223 769 sepe
1257 703 1392 752 veni
1416 702 1476 751 in
1499 699 1710 752 domum

171 787 288 836 eius
316 792 375 837 et
394 784 527 838 bibi
547 800 671 835 cum
708 802 791 836 ea.
863 786 937 835 Et
974 786 1192 850 quando
1229 786 1336 837 fuit
1361 787 1420 835 in
1445 785 1706 851 ccclesia,

171 875 304 919 tunc
342 873 487 923 steti
520 872 603 921 ita
638 870 783 934 quod
817 872 974 935 potui
1012 872 1262 936 aspicere
1301 886 1444 921 eam:
1491 874 1550 919 et
1583 871 1706 935 ipsa

172 956 345 1005 etiam
392 957 622 1020 aspexit
663 970 748 1005 me
794 956 961 1018 quasi
1002 954 1174 1005 vellet
1213 971 1301 1005 me
1343 954 1707 1005 transvidere.

173 1038 247 1087 Et
281 1055 468 1106 nuper
504 1040 702 1105 rogavi
738 1055 861 1089 eam
896 1038 1062 1089 valde
1099 1038 1244 1103 quod
1279 1038 1455 1090 vellet
1490 1054 1574 1089 me
1607 1038 1708 1088 hs,-

178 1122 315 1172 bere
366 1122 831 1173 commendatum:
885 1127 1021 1173 tunc
1055 1121 1196 1172 dixit
1231 1122 1380 1187 quod
1413 1138 1526 1172 non
1561 1137 1710 1171 sma-

181 1222 297 1256 rem
336 1223 477 1257 eam.
547 1208 621 1257 Et
643 1224 747 1273 ego
772 1208 960 1258 iuravi
985 1206 1126 1271 quod
1152 1222 1392 1257 amarem
1419 1222 1539 1257 eam
1563 1208 1710 1257 sicut

178 1293 465 1355 propriam
510 1296 766 1355 matrem,
827 1295 883 1341 et
927 1290 1130 1342 vellem
1174 1292 1358 1343 onmia
1402 1292 1591 1343 facere
1640 1290 1710 1341 ad

178 1378 481 1427 servitium
541 1377 689 1439 eins,
750 1376 921 1426 etiam
966 1377 1013 1425 si
1055 1356 1299 1427 solver'fi‘t
1337 1375 1476 1425 mihi
1517 1376 1707 1425 vitam.

179 1460 343 1511 Tunc
378 1460 667 1525 respondit
700 1459 805 1509 illa
840 1458 1074 1524 pulchra
1109 1461 1326 1510 amasia
1361 1474 1511 1509 mea:
1573 1458 1711 1523 ‘Ego

178 1545 323 1595 bene
360 1544 491 1596 volo
525 1543 715 1595 videre
753 1560 823 1593 an
861 1548 946 1595 est
980 1545 1097 1609 ita',
1137 1550 1194 1595 et
1226 1544 1363 1595 fecit
1397 1559 1562 1595 unam
1588 1558 1708 1593 cru-

180 1644 305 1685 cem
353 1628 423 1678 ad
470 1627 685 1679 domum
730 1643 890 1679 suam
924 1644 1048 1678 cum
1083 1634 1263 1692 creta,
1312 1633 1368 1681 ct
1399 1628 1571 1679 dixitz
1631 1624 1714 1677 ‘Si

182 1713 388 1772 amatis
425 1728 538 1776 me,
576 1716 711 1762 tunc
746 1728 961 1778 semper
995 1712 1062 1763 de
1099 1728 1221 1764 sero
1259 1712 1476 1776 quando
1515 1715 1605 1763 est
1629 1716 1710 1761 te-

179 1798 499 1859 nebrosum,
534 1794 749 1847 debetis
784 1797 1039 1848 osculare
1064 1796 1220 1847 illam
1245 1808 1462 1858 crucem
1485 1800 1713 1862 propter

180 1884 305 1932 me’.
379 1880 455 1930 Et
490 1896 590 1947 ego
626 1881 741 1931 feci
779 1880 970 1933 taliter
994 1896 1094 1946 per
1114 1881 1316 1932 multos
1341 1881 1478 1931 dies.
1553 1880 1709 1931 Tuuc

183 1966 360 2017 semel
400 1966 557 2016 venit
590 1980 762 2029 unUS,
811 1970 867 2015 et
898 1965 1269 2031 permerdavit
1302 1966 1436 2015 mihi
1473 1980 1709 2028 crucem,

186 2056 243 2101 et
280 2066 384 2117 ego
420 2048 723 2100 osculando
760 2048 1043 2099 maculavi
1077 2064 1157 2112 os,
1194 2052 1248 2098 et
1283 2036 1492 2113 dentes,
1531 2053 1587 2099 et
1611 2064 1710 2099 na-

188 2150 326 2185 sum.
396 2134 471 2183 Et
506 2134 590 2183 fui
624 2132 793 2184 valde
830 2134 1006 2183 iratus
1043 2148 1208 2199 super
1244 2148 1380 2183 eam.
1453 2132 1563 2183 Sed
1587 2134 1711 2198 ipsa

182 2220 397 2269 iuravit
432 2218 503 2268 ad
536 2220 739 2268 sancta
774 2223 1089 2268 sanctorum
1124 2218 1267 2281 quod
1299 2230 1411 2268 non
1446 2218 1710 2269 fecisset:

188 2308 245 2353 et
280 2318 383 2367 ego
422 2300 613 2366 cred0,
652 2305 787 2367 quia
822 2318 925 2367 per
956 2302 1119 2352 deum
1155 2302 1296 2352 alias
1335 2306 1420 2351 est
1454 2301 1709 2352 honesta.

186 2388 261 2437 Et
291 2386 603 2451 imaginavi
644 2386 781 2436 mihi
814 2400 984 2435 unum
1017 2387 1254 2450 socium,
1300 2387 1394 2449 qui
1430 2384 1594 2437 debet
1627 2386 1712 2437 fe-

190 2473 355 2522 cisse.
414 2471 487 2519 Et
512 2472 561 2520 si
583 2486 807 2535 possum
830 2475 1199 2535 perscrutare,
1236 2468 1358 2519 dico
1381 2471 1540 2521 vobis
1567 2468 1713 2534 quod

189 2554 357 2606 debet
388 2554 599 2605 habere
633 2539 1052 2604 retributionem
1087 2570 1258 2605 suam.
1331 2552 1440 2603 Sed
1475 2554 1588 2604 iam
1610 2553 1712 2603 ha-

186 2640 285 2689 bet
330 2638 743 2689 amicabiliores
790 2642 979 2703 gestus
1025 2654 1158 2702 erga
1203 2652 1289 2687 me
1326 2648 1493 2699 quam
1529 2640 1715 2684 antea.

192 2724 267 2773 Et
312 2739 477 2789 spero
523 2722 671 2787 quod
706 2736 1016 2787 supponam
1051 2734 1190 2769 eam.
1258 2716 1483 2766 Dudum
1518 2713 1728 2772 aliquis
