1942 3109
261 237 360 294 338
437 255 725 292 EPISTOLAE
751 255 1116 293 onscvnonvn
1140 256 1393 292 vmonvu
1418 256 1597 293 Nova.

261 361 486 427 gradum
531 362 912 414 bacalariatus
957 363 1054 425 qui
1098 365 1183 411 est
1225 376 1425 426 magna
1470 361 1765 428 dignitas?

261 447 417 496 Tunc
453 447 758 512 respondit,
797 446 942 510 quod
980 447 1147 496 etiam
1181 461 1291 496 non
1328 451 1549 497 curaret
1584 452 1767 514 -magi-

261 534 504 582 sterium.
585 532 658 580 Et
702 531 864 580 dixit:
913 529 1033 596 ‘ego
1079 530 1267 582 audivi
1311 532 1379 582 ab
1428 533 1605 583 amico
1650 549 1767 586 meo

263 616 407 680 quod
454 616 672 681 quando
717 616 875 666 stetit
919 615 1193 683 Bononie‚
1249 619 1383 664 tunc
1436 616 1580 668 vidit
1627 619 1769 682 quod

260 717 446 751 omnes
491 701 744 766 magistri
788 697 989 750 artium
1026 717 1091 750 ex
1126 700 1383 750 Almania
1419 700 1767 766 deponeban-

259 789 348 834 tur
384 788 650 848 tanquam
685 785 877 847 beani,
913 783 989 832 Et
1023 783 1301 849 simplicia
1324 786 1610 850 supposita
1632 801 1763 836 non:

263 870 406 931 Quia
443 871 500 919 in
533 869 707 920 Italia
741 869 979 919 habetur
1001 884 1097 934 pro
1125 869 1397 934 vituperio
1424 868 1633 934 quando
1659 869 1765 919 ali-

260 953 384 1016 quis
424 957 508 1004 est
540 940 820 1019 promotus
853 955 912 1004 in
937 953 1195 1005 Almania
1228 956 1287 1004 in
1320 955 1636 1020 magistrum
1670 953 1765 1004 vel

257 1039 638 1088 bacularium'.
709 1039 858 1088 Ecce
902 1039 1046 1089 talia
1093 1038 1362 1088 scandala
1398 1037 1551 1088 fiunt.
1618 1038 1767 1104 Ergo

257 1123 462 1174 vellem
497 1123 639 1187 quod
675 1139 860 1174 omnes
895 1124 1288 1174 universitates
1325 1123 1578 1173 facerent
1612 1123 1669 1170 in
1694 1123 1767 1171 si-

257 1206 370 1257 mul
407 1211 462 1257 et
500 1207 892 1258 concluderent
928 1211 1121 1257 contra
1157 1223 1342 1258 omnes
1366 1211 1563 1272 poetas
1592 1210 1648 1257 et
1668 1207 1769 1256 hu·

258 1293 554 1356 manistaS,
601 1294 733 1357 quia
779 1293 1071 1343 destruunt
1104 1292 1517 1344 universitate&
1589 1291 1771 1356 Magi·-

261 1381 376 1427 ster
397 1377 865 1443 Langschneyder
901 1380 956 1425 et
991 1377 1253 1442 magister
1287 1375 1521 1441 Negelin
1558 1381 1615 1425 et
1649 1376 1768 1426 Ma-

259 1463 432 1526 gister
467 1461 812 1512 Kachelofen
845 1465 902 1510 et
923 1461 1193 1526 Magister
1214 1459 1483 1510 Arnoldus
1509 1462 1768 1512 Wusten-

259 1546 364 1594 felt
400 1549 455 1595 et
490 1545 681 1595 doctor
717 1545 1055 1594 Ochsenfart
1086 1545 1311 1594 mittunt
1354 1560 1448 1596 vos
1494 1543 1761 1593 salutare.

258 1631 475 1682 Valete.
545 1631 750 1680 Datum
783 1629 1063 1694 Liptzick.

969 1881 1055 1935 59.

390 2005 440 2062 (Ι
481 1999 877 2064 Iohannes
924 1995 1631 2081 Cocleariligneus

546 2103 878 2170 Magistro
917 2103 1204 2154 Ortvino
1242 2103 1483 2153 Gratio

884 2187 1147 2237 Salutem.

366 2307 724 2358 commisistis
757 2306 891 2355 mihi
925 2306 1068 2370 quod
1103 2305 1317 2370 quando
1355 2309 1439 2356 est
1460 2305 1552 2354 hic
1576 2305 1769 2366 missa,

263 2397 394 2443 tunc
431 2391 601 2442 debeo
635 2391 974 2456 interrogare
1012 2392 1080 2441 ab
1118 2391 1367 2440 omnibus
1392 2388 1767 2440 kauffmannis

266 2479 360 2542 qui
382 2478 609 2528 veniunt
634 2494 702 2526 ex
725 2476 954 2527 diversis
978 2476 1256 2541 partibuS,
1294 2476 1361 2526 de
1384 2475 1485 2524 illa
1511 2472 1769 2524 coniura-

263 2563 439 2624 tione,
481 2561 548 2610 de
587 2575 694 2624 qua
729 2561 991 2623 scriptum
1026 2564 1111 2611 est
1152 2561 1340 2624 vobis,
1388 2560 1519 2622 quia
1564 2557 1773 2607 debent

265 2662 387 2696 esse
435 2645 608 2708 aliqui
648 2647 810 2710 poete
861 2648 915 2694 et
958 2645 1149 2711 iuriste
1197 2645 1293 2707 qui
1336 2644 1589 2692 fecerunt
1636 2657 1769 2692 con·

263 2731 617 2792 iurationem,
655 2728 798 2792 quod
829 2729 1025 2779 volunt
1048 2728 1345 2778 Iohannem
1369 2726 1644 2776 Reuchlin
1671 2725 1769 2776 de·
