1942 3109
146 251 264 285 vor„
293 251 333 284 1.
372 247 618 284 urano.
693 240 765 282 46.
797 228 888 297 [5.]
931 243 1164 281 romnus
1204 243 1553 282 comunem.
1592 231 1691 284 135

145 369 284 403 unus
329 354 569 404 haberet
617 350 832 401 nudum
877 349 1127 414 gladium
1172 350 1233 400 in
1276 365 1387 400 una
1430 367 1595 402 manu
1632 355 1689 402 et

148 439 410 504 vaginam
447 439 510 486 in
547 437 702 498 alia,
750 439 808 484 et
841 435 962 500 ipse
998 449 1223 501 semper
1258 441 1497 486 moveret
1528 437 1687 502 vagi-

145 537 298 587 nam,
341 537 542 572 nonne
593 525 682 571 est
725 521 808 568 ita
853 519 999 583 quod
1041 520 1165 584 ipse
1200 535 1311 570 non
1344 524 1534 585 posset
1566 521 1689 586 gla-

144 607 287 658 dium
321 609 490 657 intra
527 605 856 655 stimulare?
900 605 985 654 sic
1030 605 1200 654 etiam
1246 608 1335 655 est
1366 604 1427 654 in
1458 606 1689 670 virgini-

145 693 285 742 bus'.
357 693 644 758 Preterea
679 688 853 740 semel
885 690 943 739 in
980 703 1129 740 novo
1154 704 1301 739 anno
1327 688 1545 752 quando
1566 690 1691 738 uni-

151 777 354 839 cuique
405 777 564 825 statu
607 773 764 824 dedit
807 789 1011 824 novum
1054 788 1285 838 annum,
1346 777 1481 822 tune
1539 773 1691 823 dedit

153 859 518 910 studentibus
555 859 618 907 in
640 859 840 910 Tribus
867 858 1065 908 Bursis
1106 856 1261 921 (quia
1296 858 1387 908 hic
1424 861 1553 908 sunt
1574 873 1686 909 mo-

151 943 311 993 derni
347 947 406 993 et
439 942 714 1006 antiqui),
761 941 1043 993 modernis
1078 940 1231 992 dedit
1262 941 1585 1006 Saturnum,
1634 947 1692 992 et

155 1028 238 1076 ita
271 1028 563 1092 exposuit:
609 1025 906 1078 ‘Saturnus
945 1031 1033 1076 est
1064 1025 1302 1091 frigidus
1338 1027 1596 1092 planeta,
1634 1033 1692 1077 et

164 1109 267 1158 ille
297 1111 442 1159 bene
481 1114 736 1163 convenit
772 1110 1083 1173 moderniS,
1120 1111 1253 1172 quia
1288 1111 1397 1174 ipsi
1430 1115 1561 1160 sunt
1592 1112 1693 1160 fri·

167 1192 286 1257 gidi
319 1194 530 1262 artiste,
568 1198 700 1259 quia
733 1211 849 1246 non
883 1197 1119 1246 servant
1140 1193 1402 1245 Sanctum
1428 1195 1689 1259 'rhomam

157 1283 214 1327 et
250 1277 530 1345 copulata
577 1284 636 1330 et
668 1280 1079 1345 Reparationes
1122 1279 1421 1331 secuudum
1466 1295 1692 1344 proees-

159 1377 282 1412 sum
322 1365 496 1430 burae
539 1364 744 1414 montis
788 1365 846 1414 in
893 1363 1161 1414 Colonia’.
1234 1364 1347 1415 Sed
1388 1363 1691 1414 Thomistis

159 1445 316 1497 dedit
347 1463 450 1512 pro
485 1463 626 1499 novo
663 1463 810 1498 anno
845 1464 1017 1499 unum
1050 1465 1279 1514 puerum
1314 1449 1412 1513 qui
1434 1447 1694 1500 dormivit

156 1531 310 1596 apud
344 1531 536 1583 Iovem
591 1538 650 1583 et
706 1537 940 1584 vocatur
987 1532 1336 1584 Ganimedes.
1408 1533 1506 1585 ille
1552 1548 1689 1599 qua-

157 1614 290 1665 drat
321 1615 591 1681 realistis,
627 1618 761 1681 quia
797 1617 1134 1669 Ganimedes
1170 1620 1431 1684 propinat
1461 1619 1586 1668 Iovi
1607 1619 1691 1669 vi-

153 1715 290 1750 num
332 1704 392 1752 et
431 1703 759 1751 cerevisiam
796 1706 854 1752 et
886 1702 1105 1752 dulcem
1138 1708 1325 1768 potum
1368 1702 1439 1753 de
1485 1702 1691 1752 lacari-

153 1787 264 1849 tio,
323 1801 496 1850 quam
553 1786 842 1837 historiam
887 1786 1254 1852 pulcherrime
1297 1787 1695 1849 interpretavit

161 1869 528 1920 Torrentinus
563 1870 625 1919 in
658 1870 833 1934 primo
867 1872 1013 1922 libro
1036 1871 1329 1922 Aeneidos.
1402 1869 1487 1919 sie
1522 1869 1693 1920 etiam

151 1955 344 2003 reales
381 1953 682 2004 infundunt
715 1956 796 2006 eia
831 1960 983 2007 artes
1020 1961 1078 2006 et
1112 1957 1401 2019 scientias,
1438 1960 1495 2006 et
1516 1955 1691 2006 multa

153 2037 434 2103 arguitur.
504 2037 578 2087 Et
621 2038 798 2090 multa
843 2039 961 2090 alia
1006 2039 1399 2103 delectabilia,
1444 2043 1507 2088 ut
1550 2055 1693 2090 unus

151 2126 351 2186 posset
393 2123 616 2172 mirare.
687 2123 810 2189 Ego
857 2122 1023 2174 credo
1056 2123 1211 2188 ’quod
1254 2125 1432 2174 iacuit
1487 2125 1691 2175 multas

159 2207 366 2256 noctes
377 2243 392 2269 ,
431 2211 488 2256 et
519 2221 628 2257 non
663 2207 924 2259 dormivit
960 2207 1180 2271 quando
1216 2207 1319 2258 illa
1354 2211 1436 2260 ita
1471 2211 1690 2261 subtili-

149 2295 240 2340 ter
289 2293 350 2340 et
395 2291 768 2354 pulcherrime
813 2292 1153 2358 speculavit.
1224 2291 1334 2342 Sed
1366 2296 1499 2344 sunt
1531 2295 1691 2344 multi

155 2376 258 2437 qui
303 2373 504 2423 dicunt
548 2377 690 2439 quod
737 2380 814 2427 sit
857 2377 1137 2426 frascaria
1173 2376 1319 2440 quod
1352 2378 1473 2443 ipse
1506 2377 1689 2447 predi-

157 2461 295 2520 cat,
345 2463 402 2508 et
447 2465 650 2510 vocant
697 2459 1289 2524 eum-‘Quaeeulator'
1333 2465 1389 2512 et
1432 2462 1690 2514 ‘loannes

151 2559 284 2592 cum
324 2541 608 2595 destructo
647 2545 853 2610 eapite'
903 2548 959 2593 et
1004 2543 1168 2596 ‘auca
1220 2548 1423 2611 caput’,
1474 2563 1541 2596 ex
1586 2547 1690 2594 illa

149 2629 414 2691 ratione,
473 2629 606 2690 quia
657 2631 780 2693 ipse
830 2630 989 2678 stetit
1042 2629 1211 2679 semel
1265 2630 1411 2679 male
1466 2629 1525 2678 in
1578 2628 1692 2674 dis-

155 2713 486 2775 putatione3
545 2716 681 2762 tunc
727 2711 1129 2775 expediverunt
1175 2725 1296 2757 eum
1342 2711 1423 2755 ita
1468 2707 1699 2753 realiter
