<?xml version="1.0" encoding="UTF-8"?>
<!DOCTYPE html PUBLIC "-//W3C//DTD XHTML 1.0 Transitional//EN"
    "http://www.w3.org/TR/xhtml1/DTD/xhtml1-transitional.dtd">
<html xmlns="http://www.w3.org/1999/xhtml" xml:lang="en" lang="en">
 <head>
  <title>
</title>
<meta http-equiv="Content-Type" content="text/html;charset=utf-8" />
  <meta name='ocr-system' content='tesseract 3.04.00' />
  <meta name='ocr-capabilities' content='ocr_page ocr_carea ocr_par ocr_line ocrx_word'/>
</head>
<body>
  <div class='ocr_page' id='page_1' title='image "./epistolaeobscur00huttgoog_0160.png"; bbox 0 0 1942 3109; ppageno 0'>
   <div class='ocr_carea' id='block_1_1' title="bbox 184 201 1711 271">
    <p class='ocr_par' dir='ltr' id='par_1_1' title="bbox 184 201 1711 271">
     <span class='ocr_line' id='line_1_1' title="bbox 184 201 1711 271; baseline 0.003 -17"><span class='ocrx_word' id='word_1_1' title='bbox 184 217 412 255; x_wconf 72' lang='lat' dir='ltr'><strong>Arrmm.</strong></span> <span class='ocrx_word' id='word_1_2' title='bbox 449 219 581 255; x_wconf 71' lang='lat' dir='ltr'><strong>von.</strong></span> <span class='ocrx_word' id='word_1_3' title='bbox 618 219 663 253; x_wconf 89' lang='lat'><strong>1.</strong></span> <span class='ocrx_word' id='word_1_4' title='bbox 737 201 864 271; x_wconf 77' lang='grc'><strong>[49.]</strong></span> <span class='ocrx_word' id='word_1_5' title='bbox 905 217 1385 257; x_wconf 72' lang='lat' dir='ltr'><strong>roA.r01,1,13rAm.</strong></span> <span class='ocrx_word' id='word_1_6' title='bbox 1426 216 1537 260; x_wconf 75' lang='grc'><strong>1537.</strong></span> <span class='ocrx_word' id='word_1_7' title='bbox 1612 205 1711 258; x_wconf 78' lang='grc'><strong>149</strong></span> 
     </span>
    </p>
   </div>
   <div class='ocr_carea' id='block_1_2' title="bbox 896 356 995 416">
    <p class='ocr_par' dir='ltr' id='par_1_2' title="bbox 896 356 995 416">
     <span class='ocr_line' id='line_1_2' title="bbox 896 356 995 416; baseline 0.02 -2"><span class='ocrx_word' id='word_1_8' title='bbox 896 356 995 416; x_wconf 81' lang='lat'><strong>49.</strong></span> 
     </span>
    </p>
   </div>
   <div class='ocr_carea' id='block_1_3' title="bbox 175 476 1709 867">
    <p class='ocr_par' dir='ltr' id='par_1_3' title="bbox 175 476 1709 867">
     <span class='ocr_line' id='line_1_3' title="bbox 175 476 1709 543; baseline 0.002 -16"><span class='ocrx_word' id='word_1_9' title='bbox 175 479 430 543; x_wconf 81' lang='lat' dir='ltr'><strong>Epistola</strong></span> <span class='ocrx_word' id='word_1_10' title='bbox 478 476 776 528; x_wconf 74' lang='lat' dir='ltr'><strong>cuiusdam</strong></span> <span class='ocrx_word' id='word_1_11' title='bbox 809 477 996 530; x_wconf 87' lang='lat' dir='ltr'><strong>devoti</strong></span> <span class='ocrx_word' id='word_1_12' title='bbox 1031 483 1089 528; x_wconf 89' lang='lat' dir='ltr'><strong>et</strong></span> <span class='ocrx_word' id='word_1_13' title='bbox 1121 479 1481 543; x_wconf 76' lang='lat' dir='ltr'><strong>imperterriti</strong></span> <span class='ocrx_word' id='word_1_14' title='bbox 1514 481 1709 531; x_wconf 72' lang='lat' dir='ltr'><strong>fratris</strong></span> 
     </span>
     <span class='ocr_line' id='line_1_4' title="bbox 179 561 1705 631; baseline 0.002 -19"><span class='ocrx_word' id='word_1_15' title='bbox 179 565 358 613; x_wconf 78' lang='lat' dir='ltr'><strong>saneti</strong></span> <span class='ocrx_word' id='word_1_16' title='bbox 393 567 453 616; x_wconf 87' lang='lat' dir='ltr'><strong>et</strong></span> <span class='ocrx_word' id='word_1_17' title='bbox 487 561 778 627; x_wconf 87' lang='lat' dir='ltr'><strong>impolluti</strong></span> <span class='ocrx_word' id='word_1_18' title='bbox 811 563 1045 628; x_wconf 75' lang='lat' dir='ltr'><strong>ordinis,</strong></span> <span class='ocrx_word' id='word_1_19' title='bbox 1082 563 1189 614; x_wconf 82' lang='lat' dir='ltr'><strong>hoe</strong></span> <span class='ocrx_word' id='word_1_20' title='bbox 1224 569 1329 630; x_wconf 78' lang='lat' dir='ltr'><strong>est,</strong></span> <span class='ocrx_word' id='word_1_21' title='bbox 1366 565 1483 616; x_wconf 85' lang='lat' dir='ltr'><strong>divi</strong></span> <span class='ocrx_word' id='word_1_22' title='bbox 1518 565 1705 631; x_wconf 71' lang='lat' dir='ltr'><strong>Augu-</strong></span> 
     </span>
     <span class='ocr_line' id='line_1_5' title="bbox 239 647 1637 714; baseline 0 -16"><span class='ocrx_word' id='word_1_23' title='bbox 239 649 404 711; x_wconf 74' lang='lat' dir='ltr'><strong>stini,</strong></span> <span class='ocrx_word' id='word_1_24' title='bbox 461 648 537 698; x_wconf 87' lang='lat' dir='ltr'><strong>de</strong></span> <span class='ocrx_word' id='word_1_25' title='bbox 583 647 749 697; x_wconf 78' lang='lat' dir='ltr'><strong>malis</strong></span> <span class='ocrx_word' id='word_1_26' title='bbox 794 649 1137 699; x_wconf 75' lang='lat' dir='ltr'><strong>novitatibus</strong></span> <span class='ocrx_word' id='word_1_27' title='bbox 1182 663 1359 714; x_wconf 83' lang='lat' dir='ltr'><strong>nuper</strong></span> <span class='ocrx_word' id='word_1_28' title='bbox 1402 651 1463 698; x_wconf 85' lang='lat' dir='ltr'><strong>in</strong></span> <span class='ocrx_word' id='word_1_29' title='bbox 1510 649 1637 698; x_wconf 84' lang='lat' dir='ltr'><strong>Col-</strong></span> 
     </span>
     <span class='ocr_line' id='line_1_6' title="bbox 279 731 1597 799; baseline 0 -17"><span class='ocrx_word' id='word_1_30' title='bbox 279 735 465 784; x_wconf 86' lang='lat' dir='ltr'><strong>maria</strong></span> <span class='ocrx_word' id='word_1_31' title='bbox 501 732 709 795; x_wconf 79' lang='lat' dir='ltr'><strong>factis,</strong></span> <span class='ocrx_word' id='word_1_32' title='bbox 744 731 932 782; x_wconf 87' lang='lat' dir='ltr'><strong>divina</strong></span> <span class='ocrx_word' id='word_1_33' title='bbox 967 735 1055 782; x_wconf 86' lang='lat' dir='ltr'><strong>ira</strong></span> <span class='ocrx_word' id='word_1_34' title='bbox 1090 748 1257 799; x_wconf 80' lang='lat' dir='ltr'><strong>super</strong></span> <span class='ocrx_word' id='word_1_35' title='bbox 1290 749 1420 798; x_wconf 73' lang='lat' dir='ltr'><strong>nos,</strong></span> <span class='ocrx_word' id='word_1_36' title='bbox 1459 733 1597 799; x_wconf 87' lang='lat' dir='ltr'><strong>proh</strong></span> 
     </span>
     <span class='ocr_line' id='line_1_7' title="bbox 770 816 1121 867; baseline 0 0"><span class='ocrx_word' id='word_1_37' title='bbox 770 816 912 867; x_wconf 87' lang='lat' dir='ltr'><strong>bone</strong></span> <span class='ocrx_word' id='word_1_38' title='bbox 944 818 1121 867; x_wconf 78' lang='lat' dir='ltr'><strong>Deus·</strong></span> 
     </span>
    </p>
   </div>
   <div class='ocr_carea' id='block_1_4' title="bbox 707 970 1166 1021">
    <p class='ocr_par' dir='ltr' id='par_1_4' title="bbox 707 970 1166 1021">
     <span class='ocr_line' id='line_1_8' title="bbox 707 970 1166 1021; baseline 0.002 -1"><span class='ocrx_word' id='word_1_39' title='bbox 707 970 952 1021; x_wconf 74' lang='lat' dir='ltr'><strong>Humilis</strong></span> <span class='ocrx_word' id='word_1_40' title='bbox 988 971 1166 1021; x_wconf 86' lang='lat' dir='ltr'><strong>frater</strong></span> 
     </span>
    </p>
   </div>
   <div class='ocr_carea' id='block_1_5' title="bbox 509 1059 1375 1126">
    <p class='ocr_par' dir='ltr' id='par_1_5' title="bbox 509 1059 1375 1126">
     <span class='ocr_line' id='line_1_9' title="bbox 509 1059 1375 1126; baseline 0.002 -2"><span class='ocrx_word' id='word_1_41' title='bbox 509 1061 846 1126; x_wconf 80' lang='lat' dir='ltr'><strong>Ioannis</strong></span> <span class='ocrx_word' id='word_1_42' title='bbox 890 1059 1375 1126; x_wconf 79' lang='lat' dir='ltr'><strong>Tolletanus</strong></span> 
     </span>
    </p>
   </div>
   <div class='ocr_carea' id='block_1_6' title="bbox 447 1171 1423 1520">
    <p class='ocr_par' dir='ltr' id='par_1_6' title="bbox 447 1171 1423 1520">
     <span class='ocr_line' id='line_1_10' title="bbox 561 1171 1312 1239; baseline 0.001 -15"><span class='ocrx_word' id='word_1_43' title='bbox 561 1171 860 1226; x_wconf 86' lang='lat' dir='ltr'><strong>reverendo</strong></span> <span class='ocrx_word' id='word_1_44' title='bbox 897 1172 1076 1239; x_wconf 84' lang='lat' dir='ltr'><strong>patri,</strong></span> <span class='ocrx_word' id='word_1_45' title='bbox 1114 1174 1312 1226; x_wconf 85' lang='lat' dir='ltr'><strong>frateri</strong></span> 
     </span>
     <span class='ocr_line' id='line_1_11' title="bbox 447 1266 1423 1335; baseline 0.004 -17"><span class='ocrx_word' id='word_1_46' title='bbox 447 1267 790 1318; x_wconf 85' lang='lat' dir='ltr'><strong>Richardo</strong></span> <span class='ocrx_word' id='word_1_47' title='bbox 827 1266 999 1318; x_wconf 86' lang='lat' dir='ltr'><strong>Kalb</strong></span> <span class='ocrx_word' id='word_1_48' title='bbox 1016 1272 1423 1335; x_wconf 79' lang='lat' dir='ltr'><strong>erstatensi,</strong></span> 
     </span>
     <span class='ocr_line' id='line_1_12' title="bbox 629 1359 1247 1414; baseline 0.008 -5"><span class='ocrx_word' id='word_1_49' title='bbox 629 1359 844 1411; x_wconf 88' lang='lat' dir='ltr'><strong>domino</strong></span> <span class='ocrx_word' id='word_1_50' title='bbox 879 1377 1013 1414; x_wconf 85' lang='lat' dir='ltr'><strong>vere</strong></span> <span class='ocrx_word' id='word_1_51' title='bbox 1049 1363 1247 1414; x_wconf 85' lang='lat' dir='ltr'><strong>devoto</strong></span> 
     </span>
     <span class='ocr_line' id='line_1_13' title="bbox 562 1453 1326 1520; baseline 0.003 -16"><span class='ocrx_word' id='word_1_52' title='bbox 562 1453 812 1504; x_wconf 84' lang='lat' dir='ltr'><strong>Salutem</strong></span> <span class='ocrx_word' id='word_1_53' title='bbox 845 1455 1139 1520; x_wconf 83' lang='lat' dir='ltr'><strong>plurimam</strong></span> <span class='ocrx_word' id='word_1_54' title='bbox 1172 1456 1326 1506; x_wconf 84' lang='lat' dir='ltr'><strong>dicit.</strong></span> 
     </span>
    </p>
   </div>
   <div class='ocr_carea' id='block_1_7' title="bbox 159 1590 1705 2755">
    <p class='ocr_par' dir='ltr' id='par_1_7' title="bbox 159 1590 1705 2755">
     <span class='ocr_line' id='line_1_14' title="bbox 273 1590 1699 1658; baseline 0.001 -16"><span class='ocrx_word' id='word_1_55' title='bbox 273 1593 399 1642; x_wconf 82' lang='lat' dir='ltr'><strong>Non</strong></span> <span class='ocrx_word' id='word_1_56' title='bbox 441 1605 670 1656; x_wconf 77' lang='lat' dir='ltr'><strong>possum</strong></span> <span class='ocrx_word' id='word_1_57' title='bbox 713 1590 818 1641; x_wconf 84' lang='lat' dir='ltr'><strong>tibi</strong></span> <span class='ocrx_word' id='word_1_58' title='bbox 861 1606 972 1643; x_wconf 85' lang='lat' dir='ltr'><strong>non</strong></span> <span class='ocrx_word' id='word_1_59' title='bbox 1016 1593 1134 1642; x_wconf 75' lang='lat' dir='ltr'><strong>sine</strong></span> <span class='ocrx_word' id='word_1_60' title='bbox 1180 1607 1379 1658; x_wconf 86' lang='lat' dir='ltr'><strong>magno</strong></span> <span class='ocrx_word' id='word_1_61' title='bbox 1418 1594 1699 1644; x_wconf 78' lang='lat' dir='ltr'><strong>eruciatus</strong></span> 
     </span>
     <span class='ocr_line' id='line_1_15' title="bbox 171 1674 1699 1741; baseline 0.001 -15"><span class='ocrx_word' id='word_1_62' title='bbox 171 1678 362 1727; x_wconf 87' lang='lat' dir='ltr'><strong>animo</strong></span> <span class='ocrx_word' id='word_1_63' title='bbox 397 1692 521 1726; x_wconf 87' lang='lat' dir='ltr'><strong>meo</strong></span> <span class='ocrx_word' id='word_1_64' title='bbox 557 1674 764 1739; x_wconf 89' lang='lat' dir='ltr'><strong>dolore,</strong></span> <span class='ocrx_word' id='word_1_65' title='bbox 803 1676 948 1726; x_wconf 84' lang='lat' dir='ltr'><strong>elam</strong></span> <span class='ocrx_word' id='word_1_66' title='bbox 971 1676 1197 1741; x_wconf 86' lang='lat' dir='ltr'><strong>habere,</strong></span> <span class='ocrx_word' id='word_1_67' title='bbox 1236 1677 1559 1730; x_wconf 72' lang='lat' dir='ltr'><strong>charissime</strong></span> <span class='ocrx_word' id='word_1_68' title='bbox 1586 1679 1699 1728; x_wconf 84' lang='lat' dir='ltr'><strong>fra-</strong></span> 
     </span>
     <span class='ocr_line' id='line_1_16' title="bbox 169 1760 1701 1828; baseline -0.001 -14"><span class='ocrx_word' id='word_1_69' title='bbox 169 1769 290 1828; x_wconf 87' lang='lat' dir='ltr'><strong>ter,</strong></span> <span class='ocrx_word' id='word_1_70' title='bbox 339 1761 406 1812; x_wconf 90' lang='lat' dir='ltr'><strong>de</strong></span> <span class='ocrx_word' id='word_1_71' title='bbox 449 1760 538 1811; x_wconf 83' lang='lat' dir='ltr'><strong>his</strong></span> <span class='ocrx_word' id='word_1_72' title='bbox 587 1775 695 1827; x_wconf 74' lang='lat' dir='ltr'><strong>que</strong></span> <span class='ocrx_word' id='word_1_73' title='bbox 739 1761 898 1812; x_wconf 79' lang='lat' dir='ltr'><strong>nobis</strong></span> <span class='ocrx_word' id='word_1_74' title='bbox 935 1764 995 1812; x_wconf 89' lang='lat' dir='ltr'><strong>et</strong></span> <span class='ocrx_word' id='word_1_75' title='bbox 1028 1763 1231 1813; x_wconf 78' lang='lat' dir='ltr'><strong>nostris</strong></span> <span class='ocrx_word' id='word_1_76' title='bbox 1269 1764 1455 1812; x_wconf 78' lang='lat' dir='ltr'><strong>saneti</strong></span> <span class='ocrx_word' id='word_1_77' title='bbox 1492 1763 1701 1812; x_wconf 76' lang='lat' dir='ltr'><strong>ordinis</strong></span> 
     </span>
     <span class='ocr_line' id='line_1_17' title="bbox 173 1846 1701 1912; baseline -0.001 -15"><span class='ocrx_word' id='word_1_78' title='bbox 173 1849 272 1898; x_wconf 84' lang='lat' dir='ltr'><strong>hie</strong></span> <span class='ocrx_word' id='word_1_79' title='bbox 305 1848 364 1896; x_wconf 88' lang='lat' dir='ltr'><strong>in</strong></span> <span class='ocrx_word' id='word_1_80' title='bbox 402 1847 634 1896; x_wconf 79' lang='lat' dir='ltr'><strong>civitate</strong></span> <span class='ocrx_word' id='word_1_81' title='bbox 670 1846 890 1897; x_wconf 85' lang='lat' dir='ltr'><strong>noviter</strong></span> <span class='ocrx_word' id='word_1_82' title='bbox 923 1851 1339 1912; x_wconf 78' lang='lat' dir='ltr'><strong>successerunt,</strong></span> <span class='ocrx_word' id='word_1_83' title='bbox 1389 1849 1446 1896; x_wconf 81' lang='lat' dir='ltr'><strong>et</strong></span> <span class='ocrx_word' id='word_1_84' title='bbox 1490 1848 1701 1896; x_wconf 83' lang='lat' dir='ltr'><strong>astete-</strong></span> 
     </span>
     <span class='ocr_line' id='line_1_18' title="bbox 165 1929 1702 1995; baseline -0.001 -12"><span class='ocrx_word' id='word_1_85' title='bbox 165 1936 319 1983; x_wconf 83' lang='lat' dir='ltr'><strong>runt.</strong></span> <span class='ocrx_word' id='word_1_86' title='bbox 394 1931 540 1993; x_wconf 82' lang='lat' dir='ltr'><strong>Quia</strong></span> <span class='ocrx_word' id='word_1_87' title='bbox 578 1933 666 1981; x_wconf 77' lang='lat' dir='ltr'><strong>est·</strong></span> <span class='ocrx_word' id='word_1_88' title='bbox 699 1929 846 1995; x_wconf 87' lang='lat' dir='ltr'><strong>apud</strong></span> <span class='ocrx_word' id='word_1_89' title='bbox 881 1947 981 1982; x_wconf 82' lang='lat' dir='ltr'><strong>nos</strong></span> <span class='ocrx_word' id='word_1_90' title='bbox 1017 1933 1075 1981; x_wconf 89' lang='lat' dir='ltr'><strong>in</strong></span> <span class='ocrx_word' id='word_1_91' title='bbox 1102 1931 1392 1983; x_wconf 85' lang='lat' dir='ltr'><strong>Convento</strong></span> <span class='ocrx_word' id='word_1_92' title='bbox 1416 1947 1560 1983; x_wconf 80' lang='lat' dir='ltr'><strong>unus</strong></span> <span class='ocrx_word' id='word_1_93' title='bbox 1586 1931 1702 1983; x_wconf 84' lang='lat' dir='ltr'><strong>fra-</strong></span> 
     </span>
     <span class='ocr_line' id='line_1_19' title="bbox 162 2014 1702 2081; baseline -0.002 -13"><span class='ocrx_word' id='word_1_94' title='bbox 162 2023 283 2081; x_wconf 86' lang='lat' dir='ltr'><strong>ter,</strong></span> <span class='ocrx_word' id='word_1_95' title='bbox 324 2031 486 2080; x_wconf 86' lang='lat' dir='ltr'><strong>quem</strong></span> <span class='ocrx_word' id='word_1_96' title='bbox 521 2019 584 2066; x_wconf 87' lang='lat' dir='ltr'><strong>tu</strong></span> <span class='ocrx_word' id='word_1_97' title='bbox 616 2019 732 2066; x_wconf 86' lang='lat' dir='ltr'><strong>met</strong></span> <span class='ocrx_word' id='word_1_98' title='bbox 764 2014 1000 2080; x_wconf 77' lang='lat' dir='ltr'><strong>novisti,</strong></span> <span class='ocrx_word' id='word_1_99' title='bbox 1038 2016 1367 2080; x_wconf 78' lang='lat' dir='ltr'><strong>spectabilis</strong></span> <span class='ocrx_word' id='word_1_100' title='bbox 1400 2018 1506 2080; x_wconf 81' lang='lat' dir='ltr'><strong>vir,</strong></span> <span class='ocrx_word' id='word_1_101' title='bbox 1543 2016 1702 2066; x_wconf 83' lang='lat' dir='ltr'><strong>utilis</strong></span> 
     </span>
     <span class='ocr_line' id='line_1_20' title="bbox 159 2097 1701 2164; baseline 0 -14"><span class='ocrx_word' id='word_1_102' title='bbox 159 2100 515 2151; x_wconf 75' lang='lat' dir='ltr'><strong>Monasterio</strong></span> <span class='ocrx_word' id='word_1_103' title='bbox 555 2103 611 2150; x_wconf 88' lang='lat' dir='ltr'><strong>et</strong></span> <span class='ocrx_word' id='word_1_104' title='bbox 645 2103 766 2150; x_wconf 90' lang='lat' dir='ltr'><strong>toto</strong></span> <span class='ocrx_word' id='word_1_105' title='bbox 803 2099 985 2150; x_wconf 89' lang='lat' dir='ltr'><strong>ordini</strong></span> <span class='ocrx_word' id='word_1_106' title='bbox 1018 2097 1393 2163; x_wconf 66' lang='lat' dir='ltr'><strong>honorabilia,</strong></span> <span class='ocrx_word' id='word_1_107' title='bbox 1433 2100 1565 2164; x_wconf 84' lang='lat' dir='ltr'><strong>quia</strong></span> <span class='ocrx_word' id='word_1_108' title='bbox 1602 2100 1701 2150; x_wconf 87' lang='lat' dir='ltr'><strong>ha-</strong></span> 
     </span>
     <span class='ocr_line' id='line_1_21' title="bbox 164 2183 1701 2248; baseline -0.001 -11"><span class='ocrx_word' id='word_1_109' title='bbox 164 2188 270 2237; x_wconf 89' lang='lat' dir='ltr'><strong>bet</strong></span> <span class='ocrx_word' id='word_1_110' title='bbox 305 2185 553 2236; x_wconf 86' lang='lat' dir='ltr'><strong>tubalem</strong></span> <span class='ocrx_word' id='word_1_111' title='bbox 587 2200 782 2236; x_wconf 85' lang='lat' dir='ltr'><strong>vocem</strong></span> <span class='ocrx_word' id='word_1_112' title='bbox 817 2184 876 2234; x_wconf 89' lang='lat' dir='ltr'><strong>in</strong></span> <span class='ocrx_word' id='word_1_113' title='bbox 925 2183 1125 2248; x_wconf 86' lang='lat' dir='ltr'><strong>choro,</strong></span> <span class='ocrx_word' id='word_1_114' title='bbox 1174 2188 1231 2234; x_wconf 84' lang='lat' dir='ltr'><strong>et</strong></span> <span class='ocrx_word' id='word_1_115' title='bbox 1274 2184 1385 2235; x_wconf 79' lang='lat' dir='ltr'><strong>seit</strong></span> <span class='ocrx_word' id='word_1_116' title='bbox 1426 2186 1570 2238; x_wconf 88' lang='lat' dir='ltr'><strong>bene</strong></span> <span class='ocrx_word' id='word_1_117' title='bbox 1616 2185 1701 2236; x_wconf 90' lang='lat' dir='ltr'><strong>Iu-</strong></span> 
     </span>
     <span class='ocr_line' id='line_1_22' title="bbox 163 2268 1701 2336; baseline -0.001 -15"><span class='ocrx_word' id='word_1_118' title='bbox 163 2271 300 2321; x_wconf 85' lang='lat' dir='ltr'><strong>dere</strong></span> <span class='ocrx_word' id='word_1_119' title='bbox 335 2270 395 2318; x_wconf 90' lang='lat' dir='ltr'><strong>in</strong></span> <span class='ocrx_word' id='word_1_120' title='bbox 429 2270 673 2334; x_wconf 78' lang='lat' dir='ltr'><strong>organis.</strong></span> <span class='ocrx_word' id='word_1_121' title='bbox 743 2268 874 2334; x_wconf 81' lang='lat' dir='ltr'><strong>Ipse</strong></span> <span class='ocrx_word' id='word_1_122' title='bbox 909 2283 1085 2334; x_wconf 85' lang='lat' dir='ltr'><strong>nuper</strong></span> <span class='ocrx_word' id='word_1_123' title='bbox 1120 2269 1453 2333; x_wconf 75' lang='lat' dir='ltr'><strong>loquebatur</strong></span> <span class='ocrx_word' id='word_1_124' title='bbox 1488 2274 1545 2320; x_wconf 88' lang='lat' dir='ltr'><strong>et</strong></span> <span class='ocrx_word' id='word_1_125' title='bbox 1578 2286 1701 2336; x_wconf 86' lang='lat' dir='ltr'><strong>per-</strong></span> 
     </span>
     <span class='ocr_line' id='line_1_23' title="bbox 163 2353 1699 2420; baseline -0.001 -15"><span class='ocrx_word' id='word_1_126' title='bbox 163 2355 353 2405; x_wconf 86' lang='lat' dir='ltr'><strong>oravit</strong></span> <span class='ocrx_word' id='word_1_127' title='bbox 385 2369 556 2404; x_wconf 83' lang='lat' dir='ltr'><strong>unam</strong></span> <span class='ocrx_word' id='word_1_128' title='bbox 588 2354 791 2405; x_wconf 87' lang='lat' dir='ltr'><strong>bonam</strong></span> <span class='ocrx_word' id='word_1_129' title='bbox 825 2354 1120 2404; x_wconf 86' lang='lat' dir='ltr'><strong>fautricem</strong></span> <span class='ocrx_word' id='word_1_130' title='bbox 1158 2353 1363 2404; x_wconf 83' lang='lat' dir='ltr'><strong>ordinis</strong></span> <span class='ocrx_word' id='word_1_131' title='bbox 1386 2355 1699 2420; x_wconf 77' lang='lat' dir='ltr'><strong>formosam,</strong></span> 
     </span>
     <span class='ocr_line' id='line_1_24' title="bbox 167 2437 1699 2502; baseline 0 -12"><span class='ocrx_word' id='word_1_132' title='bbox 167 2440 302 2490; x_wconf 89' lang='lat' dir='ltr'><strong>olim</strong></span> <span class='ocrx_word' id='word_1_133' title='bbox 339 2437 563 2502; x_wconf 85' lang='lat' dir='ltr'><strong>quando</strong></span> <span class='ocrx_word' id='word_1_134' title='bbox 598 2438 736 2502; x_wconf 84' lang='lat' dir='ltr'><strong>fuit,</strong></span> <span class='ocrx_word' id='word_1_135' title='bbox 774 2437 872 2486; x_wconf 79' lang='lat' dir='ltr'><strong>sed</strong></span> <span class='ocrx_word' id='word_1_136' title='bbox 905 2452 1056 2487; x_wconf 88' lang='lat' dir='ltr'><strong>nune</strong></span> <span class='ocrx_word' id='word_1_137' title='bbox 1092 2441 1433 2502; x_wconf 77' lang='lat' dir='ltr'><strong>apostetavit</strong></span> <span class='ocrx_word' id='word_1_138' title='bbox 1469 2456 1503 2490; x_wconf 89' lang='lat' dir='ltr'><strong>a</strong></span> <span class='ocrx_word' id='word_1_139' title='bbox 1538 2437 1699 2491; x_wconf 83' lang='lat' dir='ltr'><strong>nobis</strong></span> 
     </span>
     <span class='ocr_line' id='line_1_25' title="bbox 171 2521 1699 2584; baseline -0.001 -10"><span class='ocrx_word' id='word_1_140' title='bbox 171 2527 226 2574; x_wconf 90' lang='lat' dir='ltr'><strong>et</strong></span> <span class='ocrx_word' id='word_1_141' title='bbox 247 2525 410 2574; x_wconf 83' lang='lat' dir='ltr'><strong>faeta</strong></span> <span class='ocrx_word' id='word_1_142' title='bbox 437 2526 526 2573; x_wconf 81' lang='lat' dir='ltr'><strong>est</strong></span> <span class='ocrx_word' id='word_1_143' title='bbox 547 2521 700 2572; x_wconf 86' lang='lat' dir='ltr'><strong>mala</strong></span> <span class='ocrx_word' id='word_1_144' title='bbox 733 2523 936 2574; x_wconf 83' lang='lat' dir='ltr'><strong>bestia.</strong></span> <span class='ocrx_word' id='word_1_145' title='bbox 1008 2521 1082 2571; x_wconf 84' lang='lat' dir='ltr'><strong>Et</strong></span> <span class='ocrx_word' id='word_1_146' title='bbox 1118 2522 1261 2584; x_wconf 80' lang='lat' dir='ltr'><strong>dixit</strong></span> <span class='ocrx_word' id='word_1_147' title='bbox 1297 2527 1412 2573; x_wconf 84' lang='lat' dir='ltr'><strong>tam</strong></span> <span class='ocrx_word' id='word_1_148' title='bbox 1446 2525 1699 2584; x_wconf 86' lang='lat' dir='ltr'><strong>multum,</strong></span> 
     </span>
     <span class='ocr_line' id='line_1_26' title="bbox 168 2605 1700 2673; baseline -0.003 -15"><span class='ocrx_word' id='word_1_149' title='bbox 168 2607 316 2672; x_wconf 85' lang='lat' dir='ltr'><strong>quod</strong></span> <span class='ocrx_word' id='word_1_150' title='bbox 361 2609 492 2673; x_wconf 86' lang='lat' dir='ltr'><strong>ipsa</strong></span> <span class='ocrx_word' id='word_1_151' title='bbox 539 2605 610 2655; x_wconf 87' lang='lat' dir='ltr'><strong>ad</strong></span> <span class='ocrx_word' id='word_1_152' title='bbox 645 2611 865 2657; x_wconf 79' lang='lat' dir='ltr'><strong>noctem</strong></span> <span class='ocrx_word' id='word_1_153' title='bbox 897 2606 1058 2658; x_wconf 84' lang='lat' dir='ltr'><strong>venit</strong></span> <span class='ocrx_word' id='word_1_154' title='bbox 1090 2606 1162 2656; x_wconf 87' lang='lat' dir='ltr'><strong>ad</strong></span> <span class='ocrx_word' id='word_1_155' title='bbox 1204 2606 1363 2656; x_wconf 89' lang='lat' dir='ltr'><strong>illum</strong></span> <span class='ocrx_word' id='word_1_156' title='bbox 1400 2608 1471 2656; x_wconf 83' lang='lat' dir='ltr'><strong>ad</strong></span> <span class='ocrx_word' id='word_1_157' title='bbox 1504 2608 1700 2656; x_wconf 84' lang='lat' dir='ltr'><strong>Mona-</strong></span> 
     </span>
     <span class='ocr_line' id='line_1_27' title="bbox 171 2687 1705 2755; baseline -0.01 -13"><span class='ocrx_word' id='word_1_158' title='bbox 171 2693 434 2755; x_wconf 74' lang='lat' dir='ltr'><strong>sterium,</strong></span> <span class='ocrx_word' id='word_1_159' title='bbox 481 2693 542 2740; x_wconf 83' lang='lat' dir='ltr'><strong>et</strong></span> <span class='ocrx_word' id='word_1_160' title='bbox 589 2690 660 2740; x_wconf 89' lang='lat' dir='ltr'><strong>ad</strong></span> <span class='ocrx_word' id='word_1_161' title='bbox 703 2694 820 2740; x_wconf 81' lang='lat' dir='ltr'><strong>tres</strong></span> <span class='ocrx_word' id='word_1_162' title='bbox 863 2693 1061 2739; x_wconf 79' lang='lat' dir='ltr'><strong>noctes</strong></span> <span class='ocrx_word' id='word_1_163' title='bbox 1098 2689 1179 2738; x_wconf 87' lang='lat' dir='ltr'><strong>ibi</strong></span> <span class='ocrx_word' id='word_1_164' title='bbox 1212 2689 1431 2735; x_wconf 74' lang='lat' dir='ltr'><strong>mansit.</strong></span> <span class='ocrx_word' id='word_1_165' title='bbox 1498 2687 1575 2730; x_wconf 83' lang='lat' dir='ltr'><strong>Et</strong></span> <span class='ocrx_word' id='word_1_166' title='bbox 1608 2696 1705 2730; x_wconf 84' lang='lat' dir='ltr'><strong>ve-</strong></span> 
     </span>
    </p>
   </div>
  </div>
 </body>
</html>
