1942 3109
244 248 342 302 318
420 264 708 302 mussona·
735 266 1101 303 osscvnonvn
1124 266 1378 305 vinonvu
1404 268 1584 307 novis.

241 386 326 421 me
363 370 636 436 Iuppiter,
675 370 884 422 Sciatis
921 372 1067 436 quod
1102 372 1317 437 quando
1354 376 1486 425 steti
1519 376 1756 448 vienne,

241 460 372 505 tunc
411 455 601 506 audivi
633 456 902 508 lectiones
939 458 997 507 in
1032 462 1275 524 poetria,
1316 464 1372 511 et
1394 460 1502 511 fuit
1526 462 1608 513 ibi
1634 468 1760 529 qui-

241 541 366 591 dam
407 542 624 591 iuvenis
667 544 835 605 poeta
877 543 972 605 qui
1012 543 1121 593 fuit
1161 543 1465 611 discipulus
1510 545 1761 602 Ounradi

241 626 418 676 Celtis
443 630 500 677 et
522 630 755 677 vocatur
778 626 1049 693 Georgius
1076 627 1319 680 Sibutus.
1367 632 1486 695 ipse
1523 633 1634 683 fuit
1668 652 1760 687 so-

242 712 359 761 cius
384 726 534 761 meus
573 714 628 761 et
661 726 875 776 semper
910 712 1113 763 fuimus
1149 728 1277 764 una.
1337 715 1413 764 Et
1446 716 1587 768 dixit
1617 720 1752 769 mihi

239 796 318 847 ‘tu
363 796 530 846 debes
575 796 768 846 vocari
809 796 1086 862 Iuppiter,
1144 799 1275 862 quia
1319 799 1531 866 Iupiter
1574 802 1746 854 latine

239 883 327 932 est
371 880 514 930 idem
549 879 695 945 quod
728 881 1023 933 Helferich
1055 885 1376 936 teutonice'.
1450 890 1504 936 et
1540 888 1617 938 sic
1648 902 1746 937 vo-

241 969 372 1017 cant
403 980 490 1015 me
525 980 671 1015 nunc
704 967 970 1033 Iuppiter.
1037 968 1145 1019 Sed
1172 970 1270 1021 ille
1300 975 1465 1037 poeta
1493 986 1632 1021 nunc
1662 976 1748 1022 est

237 1050 650 1117 Wittenbergk,
691 1056 746 1102 et
778 1054 858 1103 ibi
894 1057 1115 1119 accepit
1146 1072 1312 1106 unam
1338 1058 1623 1121 antiquam
1656 1072 1752 1108 ve·

235 1136 410 1186 tulam
447 1150 552 1201 que
587 1136 727 1186 vixit
751 1139 911 1187 annis
937 1141 1296 1205 septuaginta
1320 1144 1445 1191 octo
1470 1142 1561 1193 vel
1584 1141 1751 1206 paulo

236 1222 381 1288 plus.
439 1222 560 1286 Ego
584 1221 669 1271 fui
702 1223 871 1273 semel
905 1224 964 1272 in
1000 1223 1157 1275 domo
1196 1226 1341 1289 eius,
1380 1226 1600 1289 quando
1639 1243 1751 1277 am-

237 1306 432 1357 bulavi
467 1322 535 1356 ex
568 1306 810 1355 Prussia.
879 1310 1015 1357 tunc
1051 1308 1155 1356 illa
1188 1308 1381 1359 vetula
1414 1308 1559 1358 sedit
1603 1315 1753 1363 retro

235 1391 534 1442 fornacem.
595 1390 753 1440 Tunc
788 1390 903 1440 dixi
939 1393 992 1440 ei
1026 1389 1146 1440 ‘Est
1167 1391 1279 1441 ista
1303 1391 1485 1441 Mater
1505 1397 1753 1446 vestras?

234 1474 537 1540 Respondit
573 1472 737 1537 ‘Non,
789 1474 886 1523 sed
925 1477 1013 1522 est
1044 1474 1273 1523 Femina
1312 1478 1367 1523 et
1402 1474 1555 1525 Uxor
1588 1483 1753 1529 mea'.

233 1560 306 1609 Et
341 1558 457 1607 dixi
492 1557 570 1607 ei:
619 1555 821 1619 ‘Quare
864 1556 1177 1621 sumpsistis
1212 1558 1293 1607 ita
1330 1558 1616 1621 antiquam
1650 1574 1751 1611 ve-

235 1644 408 1695 tulam
421 1644 462 1693 ⁴?'
497 1640 802 1708 Respondit
827 1639 971 1705 quod
998 1644 1082 1692 est
1106 1640 1285 1691 adhuc
1308 1643 1455 1693 bona
1478 1642 1537 1691 in
1571 1642 1749 1696 forni-

237 1730 472 1779 catione.
531 1727 607 1777 Et
643 1727 809 1777 etiam
843 1726 1016 1778 habet
1048 1726 1277 1778 multum
1301 1728 1533 1795 pecunie
1560 1732 1615 1779 et
1640 1732 1749 1780 scit

231 1815 420 1865 facere
452 1813 653 1863 bonam
679 1810 1043 1877 cerevisiam,
1081 1815 1138 1862 et
1169 1817 1363 1879 postea
1397 1813 1589 1865 vendit
1626 1830 1745 1865 eam

233 1904 292 1950 et
339 1898 560 1964 colligit
603 1897 929 1963 pecuniam'.
1012 1898 1168 1949 Tunc
1214 1898 1355 1949 dixi:
1402 1896 1561 1950 ‘bene
1606 1899 1743 1950 feci-

233 1985 370 2036 stis'.
439 1984 527 2055 Et,
550 1983 891 2049 interrogavi
935 1981 1221 2050 ‘quomodo
1255 1987 1486 2037 vocatur
1517 1984 1741 2034 Femina

232 2072 419 2122 vestra
430 2066 474 2120 θ’
500 2067 829 2135 Respondit:
867 2067 1003 2135 ‘Ego
1026 2085 1165 2122 voco
1191 2084 1313 2121 eam
1338 2069 1577 2121 Corinna
1600 2082 1734 2131 mea,

231 2155 439 2206 Lesbia
483 2169 634 2218 mea,
685 2158 742 2204 et
786 2153 1027 2218 Cynthia
1069 2156 1228 2205 mca'.
1302 2152 1411 2206 Sed
1456 2156 1742 2205 transeant

232 2239 353 2290 illa.
425 2236 682 2287 Sci-ibitis
721 2236 865 2301 quod
898 2238 1118 2289 videtur
1163 2240 1321 2292 vobis
1367 2238 1512 2305 quod
1556 2240 1743 2290 statim

236 2326 342 2376 erit
376 2326 677 2374 extremum
710 2321 989 2373 iudicium.
1052 2323 1195 2386 Quia
1218 2324 1447 2375 mundus
1482 2325 1565 2373 ita
1596 2338 1746 2373 nunc

235 2414 324 2462 est
356 2409 638 2475 peioratus
675 2407 818 2474 quod
864 2423 975 2459 non
1021 2410 1107 2459 est
1148 2409 1414 2473 possibile
1460 2404 1602 2470 quod
1645 2420 1745 2469 po-

233 2497 346 2545 test
373 2494 612 2559 amplius
637 2494 902 2558 peiorari,
941 2498 999 2545 et
1020 2493 1265 2545 homines
1291 2493 1499 2545 habent
1520 2489 1601 2538 sic
1624 2504 1740 2543 ma-

233 2581 316 2633 los
353 2584 540 2646 gestus
579 2577 722 2644 quod
757 2583 842 2630 est
874 2579 1145 2631 mirabile.
1205 2578 1349 2641 Quia
1383 2576 1611 2626 iuvenes
1645 2588 1739 2628 vo-

233 2666 356 2717 lunt
390 2682 449 2717 se
485 2666 816 2732 equiparare
854 2666 1107 2730 senibus,
1156 2667 1212 2715 et
1257 2660 1519 2727 discipuli
1563 2662 1737 2728 magi-

236 2753 392 2816 stris,
439 2754 494 2803 et
528 2751 730 2817 Iuriste
767 2751 1101 2817 Theologis:
1142 2753 1197 2801 et
1242 2752 1327 2801 est
1369 2762 1571 2816 magna
1608 2762 1736 2801 con·
