1942 3109
177 249 368 285 papan.
393 245 707 281 navenmm
731 242 1075 280 Anovuaun
1096 243 1299 279 ηυντ.
1324 243 1555 279 srvos-r.
1602 227 1703 280 133

176 348 472 406 membrum
507 366 592 400 me
630 349 837 418 ledatis
877 353 950 400 .et
976 365 1023 398 e.
1095 349 1301 399 Iterum
1348 350 1532 401 oravit
1568 365 1700 400 eun-

178 439 293 488 dem
329 451 634 487 sermonem
669 434 880 498 dicens,
907 433 1155 485 Obsecro
1191 449 1291 485 vos
1328 437 1517 498 patres
1552 449 1703 486 meos

179 538 336 587 quam
363 519 923 584 observandissimos,
960 518 1267 584 dignemini
1300 520 1358 569 in
1394 518 1503 570 hae
1530 533 1701 569 causa

176 609 353 660 ocium
397 606 646 674 preferre
698 603 930 670 negocio
978 607 1035 654 et
1078 607 1271 654 eontra
1317 620 1401 653 me
1438 603 1612 653 filium
1648 607 1705 652 et

176 695 450 744 alumnum
506 693 751 742 vestrum
806 688 946 739 nihil
1004 691 1251 739 statuere
1325 687 1551 737 definire
1606 691 1705 736 aut

171 778 458 829 declarare
507 779 582 826 .et
619 791 666 824 o.
713 775 818 842 hec
853 774 970 824 ille.
1030 772 1196 824 Modo
1232 772 1302 822 ad
1337 773 1703 838 propositum,

173 865 220 914 si
261 861 607 913 frustulatim
653 860 899 912 misimus
943 856 1231 924 speculum
1269 858 1441 923 ipsius
1477 856 1703 908 oculare

170 948 264 998 vel
300 945 371 994 ad
405 944 838 1008 Parrhysienses
871 943 966 995 vel
1014 942 1083 992 ad
1130 943 1300 1006 alios,
1350 947 1406 992 et
1452 943 1572 1006 ipse
1618 946 1703 991 in-

173 1035 416 1095 tegrum,
455 1043 629 1092 quare
667 1028 894 1078 obsecro
917 1044 1029 1079 non
1054 1031 1141 1078 est
1164 1043 1263 1092 pro
1282 1044 1342 1078 se
1368 1027 1703 1078 sententiam

175 1116 544 1167 consecutus?
590 1112 751 1177 Aqua
800 1112 959 1180 heret
996 1117 1051 1162 et
1084 1112 1247 1163 nimis
1285 1112 1521 1177 frigidus
1560 1112 1702 1161 anti·

173 1203 296 1265 quis
333 1215 392 1250 se
432 1198 635 1263 caligis
672 1197 831 1262 tegit.
901 1197 1212 1249 Reverendi
1234 1201 1417 1248 autem
1453 1197 1707 1262 magistri

173 1284 350 1335 nostri
384 1282 816 1346 Parrhysienses
851 1282 960 1332 viri
995 1282 1456 1333 illuminatissimi
1494 1295 1563 1331 ae-
1598 1281 1703 1331 fide

171 1367 580 1435 probatissimi,
618 1381 846 1430 quorum
881 1367 1111 1432 ingenia
1147 1367 1401 1432 aquilina
1435 1370 1493 1417 et
1514 1365 1705 1416 divina

171 1455 356 1520 potius
397 1467 561 1517 quam
597 1451 838 1500 humana
877 1449 948 1500 ad
986 1451 1137 1520 celos
1161 1467 1337 1517 usque
1361 1453 1704 1518 pertingunt,

166 1538 426 1590 videntes
461 1536 638 1602 ipsius
675 1537 732 1586 in
767 1535 1062 1587 scribendo
1098 1537 1408 1587 falsitatem
1446 1541 1501 1587 et
1545 1536 1705 1586 fictas

171 1622 522 1673 adulationes
539 1660 552 1684 ,
588 1621 888 1673 veritatem
912 1621 1089 1687 pluris
1117 1636 1283 1685 quam
1307 1636 1406 1688 sue
1432 1623 1704 1673 universi-

170 1707 307 1756 tatis
353 1706 652 1755 membrum
698 1706 903 1756 fecere.
977 1706 1117 1755 Nam
1163 1706 1213 1757 si
1256 1706 1462 1755 iustam
1508 1706 1707 1757 habuit

170 1805 427 1852 eausam,
464 1805 575 1839 non
613 1804 720 1853 quo
757 1789 896 1839 nihil
933 1789 1249 1853 definirent,
1288 1789 1387 1839 sed
1412 1804 1518 1853 quo
1545 1791 1703 1840 iusti-

171 1875 259 1939 cie
296 1889 491 1924 munus
529 1877 965 1939 exequerentur,
1013 1875 1189 1941 ipsius
1240 1877 1361 1925 erat
1404 1873 1578 1925 officii
1612 1891 1704 1925 ex-

169 1957 476 2024 postulare.
551 1960 695 2022 Quid
731 1958 944 2010 multa?
1000 1960 1239 2010 Grandis
1274 1959 1448 2008 moles
1485 1960 1705 2010 levibus

164 2043 362 2093 innixa
400 2042 670 2096 columnis
705 2059 811 2096 nec
847 2044 1183 2094 adamussim
1219 2044 1461 2105 structa,
1498 2043 1556 2092 in
1582 2058 1703 2093 are-

167 2143 313 2177 nosa
351 2141 452 2177 suo
486 2128 806 2179 fundamine
845 2129 1071 2180 stabilis
1109 2143 1231 2178 esse
1267 2143 1377 2177 non
1410 2130 1610 2192 potest.

280 2201 332 2258 (I
367 2211 678 2275 Postremo,
717 2212 876 2264 fictas
910 2214 1026 2264 dixi
1050 2213 1402 2264 adulationes
1428 2215 1486 2264 et
1508 2227 1703 2278 preces

165 2309 380 2355 vanas,
428 2289 810 2347 simulationes
859 2313 1075 2362 quoque
1115 2299 1375 2348 adiiciam
1424 2313 1491 2348 ac
1539 2297 1701 2349 dissi-

165 2379 528 2430 mulationes.
600 2378 740 2427 Nam
785 2380 906 2443 ipse
953 2383 1011 2430 in
1058 2381 1295 2445 quadam
1332 2383 1572 2448 epistola
1608 2384 1707 2432 uni

165 2469 335 2533 poete
373 2461 522 2528 apud
556 2477 658 2513 nos
695 2479 728 2512 a
765 2477 824 2513 se
861 2465 1033 2514 missa
1066 2467 1383 2530 turpissime
1430 2471 1492 2517 ut
1535 2482 1704 2532 supra

169 2551 385 2600 dictum
423 2553 512 2600 est
547 2552 605 2599 et
643 2561 764 2598 cum
800 2549 1042 2600 maxima
1078 2550 1165 2599 sui
1198 2551 1433 2602 nominis
1470 2553 1703 2603 infamia

165 2634 428 2684 doctores
463 2633 890 2699 Parrhysienses
938 2634 1277 2698 detestatur,
1326 2639 1381 2684 et
1424 2638 1704 2701 probrosis

165 2718 484 2769 nominibus
523 2719 606 2783 (id
642 2720 786 2784 quod
823 2722 1014 2772 facere
1050 2735 1157 2770 non
1194 2719 1457 2785 debebat)
1497 2720 1704 2771 eisdem
