1942 3109
226 234 358 268 vot..
389 233 429 266 1.
505 225 574 265 33.
613 229 1023 265 minuo-nmen
1060 229 1561 266 nunrnuAurznm.
1598 215 1667 268 95

126 339 291 400 tiam,
341 352 414 385 ac
461 334 714 386 cucurrit
765 350 888 384 cum
921 335 1085 384 urina
1119 350 1241 384 mea
1280 335 1355 384 ad
1386 335 1665 386 doctorem

125 422 456 472 Brunellum
503 419 786 469 clamans:
836 417 1084 470 ‘Domine
1130 419 1351 484 doctor,
1399 437 1531 486 rogo
1566 437 1669 472 vos

127 511 356 573 propter
393 504 585 566 deum,
635 504 825 553 iuvate
869 503 1043 554 filium
1088 520 1295 567 meum,
1342 506 1470 557 volo
1504 507 1665 557 vobis

127 591 258 641 dare
297 590 370 640 ad
406 589 706 654 propinem
739 603 904 636 unam
938 587 1139 640 bonam
1176 591 1493 653 camisiam,
1532 592 1665 654 quia

128 675 356 740 promisi
383 673 534 738 quod
571 672 740 722 debes,
774 673 1033 724 sacerdos
1070 674 1228 724 fieri'.
1302 675 1460 724 Tunc
1494 673 1665 724 medi-

130 776 226 810 cus
271 759 422 810 vidit
467 757 716 819 urinam,
779 760 836 806 et
877 757 1053 808 dixit:
1112 757 1229 808 ‘ille
1288 759 1510 823 patiens
1567 773 1667 823 pro

127 848 290 908 parte
348 847 440 893 est
487 841 800 892 cholericus
847 845 904 892 et
948 858 1049 907 pro
1094 847 1255 907 parte
1304 843 1671 908 flegmaticus,

125 930 246 993 ipse
285 929 464 977 habet
495 927 691 976 timere
729 925 795 976 de
831 941 1033 990 magno
1066 931 1276 978 tumore
1314 928 1465 978 circa
1509 943 1670 978 renes

127 1015 358 1078 propter
404 1011 724 1061 inflationes
769 1026 838 1060 ac
883 1015 1161 1062 tormenta
1206 1013 1543 1064 ventricalia
1602 1029 1670 1063 ex

127 1099 286 1148 mala
333 1095 672 1160 digestione3
719 1094 888 1146 debet
931 1109 1149 1146 sumere
1198 1097 1531 1148 medicinam
1576 1114 1671 1146 ex-

131 1181 470 1232 tractivam:
519 1181 600 1230 est
641 1195 758 1228 una
802 1179 976 1229 herba
1024 1195 1131 1247 que
1166 1180 1436 1231 videlicet
1470 1180 1673 1231 dicitur

127 1266 293 1332 gyni,
333 1279 576 1315 nascens
612 1265 670 1314 in
705 1264 846 1314 locis
883 1264 1152 1330 humidis,
1190 1265 1403 1317 habens
1438 1283 1666 1332 gravem

126 1352 387 1414 odorem,
449 1349 597 1399 sicut
653 1348 818 1398 docet
873 1345 1211 1400 Herbarius:
1272 1351 1427 1402 illius
1498 1353 1670 1418 herbe

125 1441 326 1503 partes
363 1433 660 1484 inferiores
697 1433 912 1483 debetis
952 1437 1264 1498 conterere,
1316 1438 1373 1484 et
1410 1451 1535 1484 cum
1573 1451 1671 1485 suo

127 1536 302 1571 succo
350 1520 546 1569 facere
590 1533 760 1568 unum
803 1518 1031 1583 longum
1076 1520 1462 1585 emplastrum,
1513 1524 1569 1571 et
1618 1520 1669 1570 ei

130 1621 344 1674 ponere
398 1603 473 1654 ad
515 1606 694 1653 totum
736 1607 985 1654 ventrem
1022 1619 1178 1654 suum
1213 1605 1349 1656 hora
1388 1609 1673 1668 consueta,

134 1695 192 1742 et
237 1690 414 1740 debet
458 1689 646 1738 iacere
694 1702 860 1752 super
903 1691 1155 1740 ventrem
1202 1697 1364 1740 suum
1409 1690 1550 1740 bene
1601 1687 1671 1738 ad

132 1791 304 1826 unam
351 1773 549 1823 horam
595 1771 825 1820 multum
869 1769 1147 1822 sudando:
1206 1774 1291 1824 sic
1338 1775 1457 1825 sine
1505 1775 1671 1826 dubio

137 1859 452 1910 cessabunt
487 1855 590 1906 illa
627 1858 900 1905 tormenta
935 1857 1273 1909 ventricalia
1300 1873 1425 1908 cum
1448 1858 1563 1907 suis
1588 1860 1670 1908 in—

136 1943 500 2004 flationibus,
539 1940 672 2004 quia
706 1955 816 1990 non
852 1944 938 1990 est
974 1941 1091 1994 alia
1126 1943 1403 1994 medicina
1438 1946 1553 1994 tam
1590 1943 1671 1994 ef-

139 2030 287 2080 ficax
337 2012 412 2076 ed
455 2027 624 2074 istam
668 2023 1043 2076 infirmitatem
1086 2027 1235 2078 sicut
1276 2028 1408 2092 illa,
1468 2034 1531 2078 ut
1588 2033 1676 2079 est

139 2115 442 2180 probatum
489 2111 545 2158 in
589 2109 778 2158 mult-is
824 2109 1191 2172 patientibus.
1261 2113 1465 2162 Verum
1525 2116 1676 2162 certe

137 2201 350 2249 bonum
399 2199 486 2246 est
531 2198 596 2243 ut
637 2193 758 2258 ipse
803 2195 955 2257 prius
994 2196 1241 2260 accipiat
1274 2211 1439 2247 unam
1474 2213 1677 2264 purga·

141 2285 355 2334 tionem
403 2279 472 2329 de
520 2279 650 2328 albo
695 2292 862 2344 greco
913 2293 1035 2328 cum
1080 2295 1251 2332 succo
1296 2283 1533 2346 raphani
1566 2297 1677 2333 ana

144 2367 448 2420 drachmas
487 2359 610 2425 diij.
649 2366 706 2412 et
738 2364 880 2414 bene
918 2363 1060 2412 erit’.
1133 2365 1289 2416 Tunc
1322 2371 1501 2418 mater
1522 2369 1679 2418 venit

145 2456 204 2506 et
238 2450 398 2502 dedit
431 2447 566 2498 mihi
601 2445 770 2496 talem
805 2449 1196 2512 purgationem
1242 2456 1436 2502 contra
1478 2453 1675 2504 volun-

144 2541 322 2590 tatem
357 2547 568 2586 meam:
606 2535 664 2582 et
696 2531 866 2582 habui
900 2531 960 2580 in
994 2532 1099 2583 illa
1132 2538 1295 2587 nocte
1320 2538 1563 2601 quinque
1588 2552 1677 2586 se-

145 2623 244 2678 des
279 2630 524 2685 magnas
561 2618 730 2680 atque
764 2615 906 2666 nihil
937 2614 1201 2681 dormivi,
1238 2635 1561 2684 semperque
1586 2635 1680 2668 co-

146 2707 333 2772 gitavi
372 2700 644 2768 quomodo
678 2700 838 2752 illam
870 2699 932 2750 in.
969 2701 1173 2752 chorea
1221 2704 1525 2766 compressi
1559 2711 1683 2748 cum
