1942 3109
213 207 310 260 116
345 221 726 260 persarcoam
751 219 1227 259 nunnus-couwu
1254 219 1745 259 muososmn».

207 329 491 394 publicum
549 327 638 378 illi
680 327 874 378 libello
931 323 1017 392 (ut
1058 324 1357 394 prefertur)
1400 324 1565 375 nobis
1612 340 1745 394 pre-

209 417 432 466 sentato
469 413 677 464 ascribi
711 413 946 464 fecimus
990 411 1223 463 Necnon
1266 408 1515 484 sigillum
1550 410 1747 460 facul-

209 499 348 550 tatis
393 503 582 566 nostre
627 501 1028 566 prememorate
1074 495 1251 547 eidem
1304 509 1403 560 per
1446 492 1743 545 cordulam

214 585 486 634 sericeam
522 582 783 648 appendi.
853 581 1063 632 Datum
1101 584 1159 630 et
1192 582 1380 629 actum
1404 576 1642 646 colonie
1680 580 1743 628 in

209 667 438 733 publica
473 672 664 736 nostre
699 682 858 736 sacre
902 665 1220 733 theologice
1264 662 1565 714 facultatis
1608 679 1743 714 con·

209 753 534 818 gregatione
568 753 636 802 In
658 753 866 818 insigni
889 749 1181 801 conventu
1204 749 1439 799 fratrum
1462 748 1744 798 minorum

209 837 405 888 habita
447 835 606 888 Anno
653 837 951 889 salvatoris
994 833 1090 887 dfii
1130 834 1311 886 nostri
1351 831 1482 883 Iesu
1539 831 1743 883 christi

211 920 286 970 ‚M
307 935 516 970 .n.xt11.
551 921 643 974 die
680 935 813 972 .xvl.
849 937 1023 972 mens.
1058 920 1240 986 Augu.

350 1048 402 1107 (I
440 1057 476 1108 S
492 1060 805 1110 ententia
847 1057 1167 1126 honorande
1214 1053 1599 1107 facultatis

344 1142 748 1211 theologice
785 1141 1282 1194 universitatis
1300 1139 1593 1204 Erphor·

344 1227 379 1276 d
394 1229 582 1278 ensis
637 1228 1009 1294 pronunciata
1070 1229 1307 1278 contra
1353 1240 1469 1290 spe
1484 1239 1595 1274 cu·

344 1312 474 1363 lum
521 1329 554 1364 o
571 1312 803 1364 culare
855 1314 931 1366 ab
968 1313 1039 1364 Io
1054 1327 1224 1362 anne
1258 1309 1395 1360 Reu
1410 1308 1599 1360 chlin

345 1412 375 1446 e
388 1396 486 1446 dit
497 1413 534 1447 u
545 1413 596 1450 m
611 1435 624 1461 ‚
686 1396 1134 1464 supprimendum
1195 1399 1253 1445 ct
1308 1410 1337 1444 e
1396 1393 1599 1444 mundo

345 1479 705 1530 auferendum
719 1519 734 1544 ‚
784 1497 906 1532 cum
946 1482 1054 1531 tali
1088 1496 1307 1531 annexo
1340 1484 1405 1529 ut
1436 1479 1601 1530 nulla

343 1563 684 1628 glossemata
733 1565 999 1632 nulleque
1046 1563 1459 1619 declarationes
1518 1563 1602 1627 (id

343 1646 488 1710 quod
523 1652 723 1698 notatu
756 1649 1139 1716 dignissimum
1175 1649 1283 1716 est)
1319 1647 1461 1700 illud
1496 1665 1600 1700 seu

620 1732 780 1786 illum
815 1734 1040 1787 salvare
1077 1736 1311 1802 possint.

315 1843 368 1903 Ε
405 1853 863 1917 Quandoquidem
898 1855 1138 1906 omnium
1176 1858 1263 1904 est
1297 1857 1355 1904 et
1391 1868 1581 1905 eorum
1618 1870 1741 1906 ma-

169 1943 184 1958 ·
206 1937 350 1987 xime
387 1937 482 2002 qui
518 1943 878 2008 sacrosancte
913 1939 1244 2007 theosophie
1279 1939 1619 2004 professioni
1641 1955 1741 1990 sa-

207 2029 488 2076 cramento
533 2040 658 2076 sese
705 2025 1180 2088 constrinxerunt,
1239 2023 1368 2074 fidei
1412 2024 1659 2088 veritati,
1695 2025 1711 2089 1

70 2115 187 2184 ffijb
205 2109 303 2159 ubi
337 2111 398 2160 in
431 2109 680 2175 periculo
713 2111 931 2162 versari
961 2109 1202 2173 videtur,
1238 2107 1399 2159 fidele
1435 2109 1737 2173 perhibere

204 2195 578 2244 testimonium
612 2193 725 2243 Nos
760 2193 1109 2244 Hei-mannus
1146 2193 1347 2258 Serges
1382 2193 1449 2245 de
1482 2193 1741 2245 Dorsten

207 2277 409 2327 artium
454 2279 512 2327 et
556 2289 718 2345 sacre
773 2275 1057 2346 theologie
1112 2277 1421 2344 professor,
1480 2277 1745 2330 decanus

208 2364 492 2424 ceterique
533 2361 791 2427 mag-istri
831 2361 991 2412 modo
1034 2361 1093 2412 in
1140 2361 1323 2414 studio
1369 2363 1625 2430 generali
1662 2381 1743 2415 ac

107 2431 112 2436 ⁸
205 2445 516 2498 universali
549 2445 926 2513 Erphordensi
960 2447 1357 2513 Theologicam
1391 2447 1741 2498 facultatem

205 2533 654 2596 representantes
699 2547 801 2597 per
849 2531 1231 2584 venerabilem
1286 2537 1345 2582 et
1400 2531 1740 2596 religiosum

206 2613 418 2674 patrem
474 2616 671 2664 artium
730 2620 786 2666 et
829 2631 991 2685 sacre
1032 2615 1312 2684 theologie
1354 2617 1739 2684 professorem

125 2705 132 2714 ·
205 2696 462 2745 eximium
486 2699 692 2748 ordinis
713 2699 946 2750 fratrum
976 2697 1381 2769 predicatorum
1404 2699 1741 2753 Conventus
