1942 3109
147 215 214 268 20
399 233 688 269 EPISTOLAE
727 235 1095 270 onscvnossvu
1133 235 1405 270 vmonvn.

335 431 882 502 'Franciscus
928 437 1423 502 Genselinus

432 558 770 624 Magistro
809 558 1098 609 Ortvino
1136 559 1373 609 Gratio

149 675 394 725 Salutem
443 691 606 739 quam
651 677 803 726 mille
840 678 1058 726 talenta
1094 693 1203 726 non
1238 683 1473 741 possunt
1508 677 1667 743 equi-

143 760 334 809 valere
393 761 451 808 in
498 775 599 810 sua
647 763 943 824 gravitate.
1033 762 1388 812 Venerabilis
1444 760 1667 810 domine

143 845 428 912 magister,
467 844 667 897 scitote
705 845 850 908 quod
885 845 977 893 hie
1014 848 1100 895 est
1132 859 1367 909 magnus
1390 859 1571 894 sermo
1594 844 1665 894 de

142 929 328 990 vobiS,
377 931 434 977 et
477 928 724 993 theologi
771 927 934 979 valde
971 929 1205 978 laudant
1238 943 1337 979 vos
1374 928 1518 992 quod
1554 945 1667 978 non

143 1013 466 1076 respexistis
528 1013 797 1076 aliquem,
859 1017 916 1062 et
974 1013 1279 1076 scripsistis
1325 1029 1422 1078 pro
1472 1012 1666 1062 defen-

145 1097 298 1145 sione
323 1095 452 1145 fidei
489 1101 682 1147 contra
705 1097 985 1146 doctorem
1008 1097 1298 1146 Reuehlin.
1354 1096 1461 1147 Sed
1486 1097 1669 1160 aliqui

145 1181 285 1228 socii
331 1181 425 1242 qui
469 1195 578 1229 non
625 1181 834 1230 habent
877 1180 1336 1244 intelligentiam,
1386 1186 1443 1230 et
1492 1182 1665 1230 etiam

143 1263 338 1328 iuriste
397 1265 494 1325 qui
551 1279 660 1312 non
719 1267 848 1312 sunt
892 1265 1193 1314 illuminati
1244 1266 1303 1312 in
1352 1264 1457 1314 fide
1518 1265 1664 1313 chri·

143 1347 356 1408 suana,
407 1351 674 1410 spernunt
715 1363 842 1412 vos,
889 1355 946 1397 et
982 1347 1283 1411 loquuntur
1314 1349 1491 1398 multa
1530 1363 1660 1397 cou-

145 1434 234 1478 tra
269 1445 398 1480 vos:
434 1430 530 1479 sed
566 1445 673 1480 non
709 1436 942 1494 possunt
976 1433 1285 1498 prevalere,
1326 1434 1457 1495 quia
1482 1433 1663 1482 facul—

144 1518 232 1562 tas
259 1513 575 1578 theologica
601 1519 756 1564 tenet
775 1517 1079 1565 vobiscum.
1140 1517 1215 1564 Et
1242 1529 1416 1580 nuper
1442 1510 1663 1580 quando

143 1601 416 1646 venerunt
449 1598 557 1646 hue
593 1599 688 1646 isti
724 1599 881 1662 libri,
921 1601 1015 1662 qui
1051 1605 1324 1650 vocantur
1360 1605 1489 1648 aeta
1522 1601 1661 1650 Par·

143 1681 519 1744 rhisiensium‚
567 1685 700 1730 tunc
745 1684 863 1734 fere
901 1697 1089 1733 omnes
1122 1685 1378 1748 magistri
1412 1689 1663 1734 emerunt

144 1769 199 1814 et
235 1767 414 1829 gavisi
450 1769 580 1814 sunt
613 1767 875 1816 maxime:
915 1783 1017 1832 ego
1052 1769 1493 1831 protunc-etiam
1532 1770 1665 1832 emi,

143 1849 198 1897 et‘
245 1849 371 1898 misi
419 1841 488 1898 a'd
532 1850 962 1914 Heidelbergam
1006 1855 1069 1900 ut
1112 1851 1191 1900 ibi
1236 1850 1507 1901 viderent.
1540 1871 1547 1876 ·
1586 1853 1663 1900 Et

143 1933 304 1982 credo
353 1932 496 1996 quod
530 1934 626 1982 ubi
660 1933 941 1997 viderunt,
989 1939 1123 1984 tunc
1156 1925 1401 2001 penituit
1433 1935 1662 1986 Heidel-

141 2017 438 2080 berg-enses
459 2016 602 2080 quod
623 2033 734 2067 non
761 2017 930 2068 etiam
957 2018 1349 2068 concluserunt
1370 2035 1489 2069 cum
1510 2020 1661 2070 alma

139 2101 508 2152 universitate
547 2100 868 2152 Coloniensi
907 2106 1099 2152 contra
1134 2101 1660 2153 doctoremReueh-

139 2185 235 2233 lin.
309 2189 364 2235 et
408 2189 704 2250 propterea
741 2186 904 2236 audio
941 2185 1088 2249 quod
1122 2187 1459 2236 universitas
1496 2185 1659 2237 Colo-

139 2269 350 2319 niensis
393 2270 532 2319 feeit
575 2285 741 2320 unum
787 2274 1057 2320 statutum
1104 2270 1249 2334 quod
1282 2285 1566 2334 nunquam
1601 2272 1661 2320 in

140 2357 387 2419 eternum
431 2353 627 2404 volunt
672 2369 991 2418 promovere
1026 2369 1193 2403 unum
1230 2355 1327 2417 qui
1362 2355 1663 2418 complevit

136 2451 234 2500 pro
271 2437 444 2501 gradu
479 2437 947 2487 baccalaureatus
982 2437 1075 2487 vel
1098 2439 1406 2502 magisterii
1441 2439 1499 2486 in
1523 2439 1661 2488 Hei-

137 2520 428 2586 delberga:
477 2527 534 2571 et
584 2524 670 2571 est
703 2522 844 2572 bene
881 2523 1121 2584 fae-tum,
1168 2522 1303 2583 quia
1338 2522 1421 2570 sie
1456 2521 1661 2572 debent

135 2603 349 2654 discere
389 2604 520 2668 quid
555 2608 642 2654 est
675 2605 1013 2654 universitas
1042 2589 1409 2668 coloniensis,
1449 2609 1505 2654 et
1541 2607 1657 2656 alia

135 2687 258 2739 vice
305 2687 507 2740 debent
553 2691 742 2738 tenere
789 2703 910 2739 eum
961 2703 1045 2738 ea.
1122 2704 1222 2753 ego
1269 2688 1471 2738 vellem
1512 2689 1657 2752 quod
