1942 3109
542 252 607 294 40.
635 257 908 295 cunnsnn
935 258 1323 298 uncxsnuncx.
1583 246 1683 300 303

159 364 430 430 draginta
455 362 774 416 domicellos
789 401 802 428 ,
839 368 898 415 et
922 365 1137 429 quando
1163 366 1266 416 ivit
1288 367 1348 416 in
1368 367 1683 418 Ecclesiam

161 449 262 502 vel
298 447 369 499 ad
403 449 584 499 forum
617 449 711 500 vel
755 451 1066 515 spaciatum
1109 451 1166 500 in
1200 451 1501 517 Rubetum‚
1548 457 1681 503 tunc

161 536 393 586 iverunt
423 537 552 600 post
587 549 726 585 eum.
796 536 870 585 Et
905 536 1013 587 fuit
1048 540 1181 587 tunc
1217 552 1445 602 magnus
1492 553 1680 588 exces-

166 633 268 670 sus
306 617 522 670 studere
555 619 616 670 in
649 621 880 686 poetria.
937 621 1015 670 Et
1050 620 1269 686 quando
1292 637 1433 672 unus
1460 621 1679 673 confite-

163 704 338 754 batur
377 704 436 753 in
479 704 827 757 confessione
873 705 1017 770 quod
1052 706 1271 758 occulte
1310 707 1526 758 audivit
1558 708 1681 758 Vir—

162 788 362 854 gilium
399 780 469 840 'ab
495 804 604 840 uno
627 790 944 856 baculario‚
982 796 1115 842 tunc
1140 791 1411 844 Sacerdos
1437 793 1678 858 impone-

159 875 266 924 bat
301 874 355 924 ei
389 889 646 940 magnam
681 877 1075 944 penitentiam,
1122 876 1385 929 videlicet
1429 878 1678 930 ieiunare

165 958 402 1024 singulis
439 961 615 1010 sextis
651 960 838 1023 feriis,
882 961 976 1010 vel
1012 976 1168 1011 orare
1206 961 1434 1011 cottidie
1470 967 1681 1027 septem

165 1043 404 1107 psalmos
452 1044 870 1112 penitentiales.
942 1044 1017 1094 Et
1050 1045 1261 1094 iuravit
1293 1045 1426 1096 mihi
1460 1046 1519 1095 in
1554 1061 1681 1096 con-

163 1128 404 1178 scientia
438 1143 542 1180 sua
579 1127 724 1193 quod
757 1128 898 1179 vidit
931 1128 1077 1194 quod
1110 1145 1251 1181 unus
1275 1129 1681 1196 magistr-andus

161 1214 278 1262 fuit
295 1214 570 1277 reiectus,
605 1215 738 1277 quia
761 1229 901 1264 unus
925 1214 993 1264 de
1020 1215 1488 1266 examinatoribus
1511 1215 1683 1266 semel

164 1301 226 1347 in
262 1297 349 1348 die
383 1299 532 1350 festo
568 1297 710 1350 vidit
743 1298 922 1364 ipsum
957 1299 1143 1366 legere
1169 1301 1227 1351 in
1251 1301 1538 1352 Terentio:
1572 1301 1684 1350 uti-

164 1397 300 1432 nam
344 1383 523 1434 adhuc
569 1388 744 1436 staret
788 1385 871 1435 ita
905 1385 963 1434 in
998 1385 1501 1451 Universitatibus,
1550 1390 1681 1435 tunc
1726 1413 1736 1420 -

171 1467 344 1516 etiam
379 1483 478 1535 ego
515 1484 624 1520 non
657 1469 860 1521 vellem
895 1471 979 1521 ita
1014 1471 1221 1536 servire
1258 1471 1350 1522 hic
1387 1472 1445 1522 in
1482 1469 1679 1521 Curia:

167 1553 315 1616 Quia
371 1553 502 1617 quid
545 1554 800 1607 debemus
847 1556 1036 1608 facere
1080 1560 1139 1607 in
1182 1557 1679 1608 universitatibus?

162 1639 278 1689 Nos
313 1653 428 1687 non
459 1638 718 1691 habemus
754 1641 1176 1706 proficuitatem.
1239 1643 1384 1706 Quia
1408 1643 1547 1692 socii
1568 1656 1679 1692 non

162 1723 366 1774 volunt
404 1721 634 1786 amplius
657 1731 806 1776 stare
829 1728 887 1776 in
909 1727 1094 1777 bursis
1119 1726 1210 1777 vel
1237 1726 1337 1776 sub
1362 1726 1677 1792 Magistris:

168 1812 228 1857 et
261 1805 483 1871 quando
518 1815 644 1860 sunt
676 1811 880 1876 viginti
913 1810 1227 1876 studentes,
1272 1811 1366 1862 vix
1409 1826 1549 1861 unus
1595 1812 1679 1860 in-

169 1891 352 1940 tendit
381 1893 673 1956 procedere
709 1894 780 1944 ad
815 1895 1033 1960 gradus.
1094 1894 1203 1947 Sed
1240 1911 1424 1946 omnes
1460 1896 1561 1946 alii
1582 1911 1679 1947 vo-

169 1975 296 2024 lunt
346 1975 561 2030 studere
615 1980 673 2030 in
716 1980 1079 2030 humanitate.
1157 1981 1233 2030 Et
1275 1981 1497 2045 quando
1537 1995 1679 2030 unus

167 2061 432 2127 magister
467 2063 629 2129 legit,
667 2067 800 2114 tunc
836 2080 946 2115 non
980 2065 1154 2115 habet
1187 2064 1494 2115 auditores:
1546 2065 1677 2127 quia

163 2151 326 2212 poete
372 2147 428 2197 in
474 2150 938 2214 resumptionibus
983 2149 1095 2200 suis
1141 2147 1351 2200 habent
1390 2153 1476 2200 tot
1522 2149 1677 2200 audi·-

165 2233 314 2280 tores
361 2232 503 2296 quod
551 2238 635 2284 est
679 2234 950 2286 mirabile.
1025 2233 1117 2286 Sic
1167 2250 1353 2285 omnes
1388 2236 1675 2287 Universi-

163 2317 310 2365 tates
337 2333 434 2384 per
457 2322 629 2368 totam
648 2317 958 2370 Almaniam
982 2322 1341 2370 minorantur.
1398 2321 1549 2388 Ergo
1580 2321 1675 2372 de-

157 2399 350 2452 bemus
387 2401 550 2452 deum
583 2417 738 2453 orare
775 2403 918 2468 quod
950 2405 1255 2455 moriantur
1277 2419 1463 2455 omnes
1488 2409 1673 2472 poete,

161 2485 294 2547 quia
338 2485 584 2552 ‘expedit
626 2487 785 2537 vobis
831 2493 896 2538 ut
928 2505 1071 2541 unus
1106 2488 1373 2538 moriatur
1409 2492 1572 2553 ‚ete.’‚
1618 2490 1674 2540 id

159 2570 278 2632 est,
331 2576 396 2621 ut
439 2576 623 2636 poetae
666 2585 892 2636 quorum
937 2579 1067 2625 sunt
1111 2573 1276 2639 pauci
1318 2574 1379 2624 in
1422 2552 1673 2638 ‹sualibet

153 2655 557 2722 universitate,
611 2659 914 2708 moriantur
965 2659 1147 2722 potius
1194 2672 1358 2721 quam
1402 2659 1545 2722 quod
1588 2663 1674 2707 tot
1726 2715 1736 2723 .

152 2740 556 2792 universitates
590 2745 840 2807 pereant.
908 2743 1022 2793 Vos
1058 2745 1243 2790 autem
1279 2741 1507 2790 scribite
1540 2740 1675 2787 mihi
