1942 3109
261 238 329 289 58
398 250 774 290 rnranrcoam
794 250 1034 287 natans.
1059 248 1276 287 coleras
1299 248 1503 285 ramos.
1529 250 1796 289 camare.

260 359 619 410 saltationem
664 358 783 409 sive
830 358 1044 422 scripta
1081 372 1148 407 ac
1187 356 1418 407 consilia
1469 356 1797 420 aliquarum

259 444 686 495 universitatum
730 444 789 493 in
828 456 1000 491 causa
1034 441 1326 509 Iudeorum
1361 444 1418 490 et
1451 440 1630 491 libros
1667 447 1798 493 tan-

261 530 453 594 gentia
486 528 648 579 nobis
694 542 793 592 per
824 526 1091 578 Ioannem
1125 526 1558 591 Pepericornum
1605 528 1798 579 allata

258 614 403 665 bene
438 613 840 664 intelleximus:
888 616 945 663 et
991 616 1086 679 tue
1121 604 1470 677 Reverentie'
1489 612 1795 676 negocium

259 699 421 749 nobis
458 702 634 748 totum
668 698 811 749 bene
847 697 1089 762 placuit,
1139 699 1196 745 et
1239 694 1502 746 similiter
1553 696 1795 747 aliorum

260 782 601 848 quorundam
648 785 835 848 preter
880 781 1310 831 universitatum
1348 780 1794 833 consultationes

258 868 418 918 nobis
442 867 777 931 placuerunt
808 866 884 915 Et
916 867 1001 915 ita
1036 881 1134 930 per
1169 869 1348 915 totum
1381 869 1444 915 ut
1478 867 1668 917 bonus
1703 872 1790 917 at·
1869 926 1872 931 ¹

259 967 366 1017 que
412 951 718 1003 laudabilis
765 966 1061 1017 processus
1107 950 1231 1015 fiat,
1306 950 1438 1014 quia
1483 966 1574 1003 res
1623 953 1685 1002 in
1731 970 1794 1004 se

259 1038 591 1090 arduissima
638 1041 750 1101 est,
802 1036 1054 1087 volumus
1105 1038 1162 1086 et
1197 1035 1326 1085 aliis
1363 1036 1515 1085 sacri
1548 1036 1800 1089 Romani

258 1122 477 1188 imperii
521 1122 760 1172 statibus
804 1136 994 1171 rursus
1040 1120 1106 1171 de
1151 1120 1260 1169 hac
1307 1134 1482 1170 causa
1535 1124 1798 1173 tractare

258 1211 315 1257 et
360 1206 605 1257 finaliter
651 1204 998 1256 concludere.
1069 1206 1276 1255 Datum
1321 1205 1380 1254 in
1413 1205 1655 1271 Friburg
1691 1206 1799 1259 de-

258 1294 397 1342 cimo
434 1294 601 1343 tertio
636 1292 905 1342 Ianuarii.
979 1290 1138 1339 Anno
1166 1293 1239 1338 ‚et
1255 1306 1301 1337 c.

362 1420 413 1477 (I
458 1428 545 1477 Ex
592 1428 717 1477 istis
765 1430 822 1479 et
866 1428 994 1477 aliis
1042 1429 1202 1492 patet
1238 1440 1403 1490 quam
1439 1425 1797 1481 zelosissime

256 1512 641 1565 serenissimus
676 1515 867 1561 noster
890 1512 1198 1579 Imperator
1235 1514 1290 1561 et
1317 1524 1482 1575 quam
1518 1515 1798 1566 strennue

253 1600 313 1648 in
346 1597 453 1647 hoc
488 1596 868 1647 sacratissimo
889 1596 1127 1660 negocio
1151 1611 1272 1646 sese
1299 1595 1637 1662 exhibuerit,
1673 1614 1800 1650 rem

258 1680 643 1732 arduissimam
669 1696 790 1732 esse
817 1680 1007 1731 dicens
1046 1684 1102 1731 et
1134 1684 1256 1731 toto
1284 1681 1513 1745 imperio
1539 1680 1796 1749 dignam.

257 1769 607 1833 Quapropter
668 1765 1055 1816 contemnendi
1124 1769 1281 1829 sunt,
1340 1766 1576 1815 maxime
1645 1768 1798 1818 chri·

254 1852 457 1915 atiani,
518 1851 614 1916 qui
658 1850 848 1900 nescio
903 1864 1012 1913 quo
1058 1850 1258 1914 spiritu
1310 1850 1586 1916 maligno,
1648 1852 1802 1903 illud

252 1936 465 1988 nullum
523 1939 739 2002 putant.
821 1933 929 1985 Sed
984 1951 1132 1985 nunc
1188 1934 1258 1985 ad
1304 1935 1804 1989 continuationem

254 2023 487 2091 historie
524 2026 792 2073 revertar.

358 2134 409 2191 (I
454 2142 645 2193 Lectis
690 2141 777 2191 his
824 2141 1030 2190 litteris
1066 2140 1333 2191 nunciavi
1371 2138 1804 2205 gratiosissimo

252 2225 469 2275 domino
522 2239 642 2272 meo
688 2222 1151 2288 ArchiepiscopO,
1214 2224 1480 2287 quomodo
1535 2223 1806 2292 Cesarea

251 2310 517 2360 maiestas
565 2306 636 2357 ad
685 2306 979 2372 negocium
1036 2308 1142 2357 hoc
1191 2306 1622 2359 examinandum
1670 2314 1805 2363 tres

252 2394 599 2444 doctissimos
634 2392 785 2444 viros
824 2391 1164 2457 ordinasset,
1215 2397 1271 2443 et
1316 2394 1426 2459 ipsi
1469 2409 1570 2459 per
1605 2394 1804 2461 inspi-

250 2480 523 2528 rationem
580 2479 764 2527 sancti
820 2478 1050 2544 spiritus
1122 2493 1244 2527 cum
1309 2478 1804 2531 universitatibus

250 2561 647 2625 prenominatis
696 2565 755 2610 et
798 2561 1047 2628 heretice
1092 2564 1394 2626 pravitatis
1441 2564 1800 2627 inquisitore

253 2644 678 2706 conclusissent,
718 2647 774 2692 et
810 2644 1079 2707 quomodo
1118 2645 1584 2697 consultationem
1611 2648 1802 2699 Ioan-

250 2728 338 2776 nis
370 2726 647 2781 Reuchlin
678 2740 791 2776 non
826 2728 1006 2777 solum
1043 2729 1529 2793 contempsissent,
1567 2732 1804 2783 Verum
