1942 3109
82 267 524 307 mmm-Artena
563 269 868 307 onscvnon.
895 271 1201 309 mvcnnm.
1228 274 1405 311 nova.
1474 259 1573 310 317

81 373 326 426 endum’.
362 373 486 440 Hcc
522 376 690 438 atque
726 374 842 425 alia
875 375 932 424 id
967 392 1141 441 genus
1179 377 1372 439 multa,
1409 392 1573 441 quum

79 476 153 526 go
205 457 370 508 corde
417 459 693 509 obstinato
751 463 808 509 et
860 459 1239 526 caligantibus
1294 462 1471 512 oculis
1514 463 1573 510 in

79 547 286 595 bscuro
330 541 714 609 perlegissem,
759 543 1028 608 illumque
1073 547 1365 614 presertim
1400 548 1573 597 versi-

79 629 266 679 ulum=
313 626 592 678 ‘Fructum
629 642 814 678 eorum
847 628 914 679 de
950 632 1101 679 terra
1134 629 1362 696 perdes,
1398 633 1455 680 et
1487 645 1574 679 se-

79 729 176 764 nen
222 726 408 762 eorum
445 726 480 761 a
516 710 646 762 filiis
682 709 999 777 hominum’,
1048 729 1174 764 mox
1220 729 1323 778 ego
1361 712 1445 777 (ut
1478 729 1573 764 ve-

81 815 163 848 1m
201 797 308 846 tibi
341 797 528 847 fatear
562 797 620 846 in
655 797 923 862 tenebris)
957 801 1077 848 toto
1116 813 1149 847 a
1185 813 1269 848 me
1304 797 1573 864 psalterio

79 888 100 932 t
125 881 322 930 multis
347 895 506 948 sacre
529 882 804 948 scripture
827 881 988 932 libris
1024 883 1083 932 in
1116 883 1299 933 frusta.
1342 883 1572 944 secatiS,

80 979 114 1016 ¹c
163 963 362 1014 deinde
410 966 737 1028 combustiS,
796 965 866 1016 ad
919 965 1165 1016 fabellas
1221 981 1307 1015 me
1364 965 1574 1015 contuli

80 1049 356 1112 cetarum,
381 1049 477 1098 ubi
513 1063 678 1112 quam
711 1048 926 1099 dulcem
957 1051 1261 1102 invenerim
1296 1051 1480 1100 cibum
1516 1053 1573 1098 et

80 1150 156 1200 ue
195 1132 416 1184 deorum
453 1134 770 1198 esculenta,
809 1134 1059 1199 cogitare
1093 1137 1354 1199 poterunt
1386 1134 1572 1199 pauci,

80 1222 234 1268 icere
269 1232 446 1268 nemo.
515 1217 658 1270 Vale
692 1219 752 1268 in
786 1219 1030 1270 tenebris
1070 1223 1126 1268 et
1159 1218 1341 1268 lucem
1374 1218 1525 1281 fuge.

766 1437 848 1488 37.

273 1521 324 1580 (ἶ
368 1517 720 1584 Coridon
749 1519 1333 1602 „Pedicularius

79 1623 387 1690 [alachie
432 1623 682 1686 Lyrico
731 1627 798 1675 et
842 1622 1173 1675 Caseario
1208 1622 1569 1678 Vederwiss

527 1708 644 1758 suis
682 1708 1087 1759 contribulibus

667 1791 740 1845 .S.
777 1793 842 1842 P.
877 1794 946 1842 D.

126 1892 328 1945 Laudo
353 1908 453 1944 vos
478 1893 788 1958 plurimum,
813 1894 922 1944 viri
944 1893 1397 1960 prestantissimi,
1424 1892 1568 1957 quod

79 1979 288 2030 imissis
315 1977 694 2042 theologorum
721 1993 790 2027 ac
825 1978 1324 2028 iureconsultorum
1360 1977 1583 2040 scholis,

79 2065 113 2114 d
137 2060 525 2112 Libethridum
560 2077 658 2112 vos
701 2061 1020 2112 contulistis
1056 2061 1381 2126 speluncam
1416 2076 1566 2126 nym-

79 2151 304 2210 harum,
343 2149 400 2196 et
437 2145 508 2195 ad
543 2144 734 2197 divina
767 2145 872 2195 illa
907 2149 1194 2210 poemata,
1231 2161 1339 2214 que
1374 2149 1571 2198 nectar

79 2233 207 2284 obis
267 2234 436 2294 atque
496 2230 826 2280 ambrosiam
883 2231 1135 2299 prebent.
1228 2231 1367 2293 Quis
1424 2231 1569 2280 enim

79 2318 342 2378 'homam,
389 2313 644 2376 Sco-tum,
689 2312 1001 2380 Albertum,
1049 2315 1187 2376 Quis
1223 2314 1568 2380 Gregorium,

79 2397 404 2462 ewardum,
442 2397 907 2462 Bonaventuram,
943 2398 1237 2449 Nicolaum
1268 2398 1567 2462 Lyranum,

79 2486 184 2548 guis
232 2496 424 2533 sacros
469 2495 740 2546 canones,
797 2481 1023 2532 Sextum
1070 2486 1127 2532 et
1171 2481 1568 2545 clementinae,

79 2570 186 2633 mis
207 2565 458 2629 denique
482 2566 772 2629 Abbatem,
795 2565 1087 2630 Angelum,
1111 2566 1383 2630 Felinnm,
1407 2566 1567 2618 Ioan-

81 2669 174 2704 em
208 2651 454 2718 Andr-ee,
511 2651 766 2714 aliosque
809 2650 866 2700 id
911 2665 1085 2715 genus
1130 2649 1399 2713 infinitos,
1454 2666 1567 2700 ser-

79 2751 235 2788 iones
273 2736 460 2787 etiam·
478 2751 546 2786 ac
569 2749 809 2786 summas
836 2731 920 2798 (ut
940 2737 987 2784 it
1012 2733 1216 2800 dicam)
1244 2751 1311 2784 ex
1334 2733 1568 2786 diversis
