1942 3109
277 261 408 296 vor..
451 263 493 295 1.
567 255 639 296 38.
679 259 1059 296 ΡΔΒΟΒΠΔΠΠῙ
1100 257 1523 298 ronn'Aclrrcm.
1588 249 1683 300 ῙῙῙ

133 366 282 415 mina
317 365 636 430 poetiealia
673 365 795 415 sine
832 365 938 416 illa
976 365 1170 430 gratia
1207 367 1381 429 gratis
1416 366 1550 419 data
1584 385 1685 420 vo-

134 449 218 499 bis
262 467 366 515 per
412 451 684 516 spiritum
719 453 1007 514 sanetum,
1059 451 1157 514 qui
1194 451 1290 500 ubi
1322 453 1442 502 vult
1476 455 1681 519 spirat3

137 539 194 583 et
220 551 328 586 vos
363 551 491 586 eam
515 535 864 598 impetrastis
889 551 991 600 per
1014 534 1387 588 humilitatem
1409 541 1680 588 vestram:

137 618 270 679 deus
320 621 472 670 enim
517 620 741 669 resistit
784 619 1067 686 superbis,
1132 623 1191 670 et
1237 621 1535 672 humilibus
1586 622 1687 674 dat

138 706 416 769 gratiam‘.
492 705 606 766 Qui
640 707 881 754 vestram
916 705 1197 769 poetriam
1231 704 1459 770 legunt,
1510 711 1567 756 et
1600 710 1683 756 in-

137 791 410 855 telligunt
440 790 760 855 negotium,
808 789 1063 840 fatentur
1094 790 1155 838 in
1194 791 1541 840 conscientia
1580 807 1682 841 sua

139 875 293 939 quod
326 891 445 924 non
475 875 702 924 habetis
738 889 946 939 parem,
988 877 1047 924 et
1082 874 1355 924 mirantur
1392 875 1536 940 quod
1570 877 1681 926 iste

139 965 228 1010 est
264 961 354 1010 sie
389 959 638 1008 insulsus
675 962 734 1008 et
767 956 1203 1021 inverecundus,
1242 959 1389 1022 quod
1410 961 1533 1012 vult
1558 977 1679 1012 esse

137 1061 310 1110 super
345 1059 478 1094 vos:
525 1041 746 1107 quando
782 1058 926 1093 unus
962 1058 1101 1108 puer
1136 1047 1326 1108 posset
1360 1045 1681 1110 intelligere

143 1129 300 1192 qnod
331 1128 495 1177 illum
530 1128 804 1179 excellitis
839 1129 991 1179 sieut
1012 1128 1354 1178 Lab'orintus
1382 1128 1684 1178 Cornutum

148 1211 403 1263 excellit.
472 1211 589 1277 Ipsi
619 1213 821 1263 volunt
845 1211 1117 1277 colligere
1142 1211 1447 1264 (lintamina
1472 1218 1678 1279 vestra,

141 1303 202 1349 et
249 1313 451 1348 curare
495 1298 812 1362 imprimere
859 1311 967 1364 que
993 1296 1073 1360 ,in
1118 1297 1292 1348 variis
1338 1301 1679 1351 tractatibus

142 1382 410 1433 hincinde
447 1383 782 1446 scripsistis,
819 1381 1091 1432 videlicet
1124 1383 1183 1432 in
1218 1386 1471 1434 tractatu
1504 1387 1680 1450 magi-

145 1467 254 1518 stri
287 1466 466 1517 nostri
501 1465 568 1517 de
593 1467 890 1532 Tungaris,
926 1468 1125 1516 summi
1159 1468 1407 1532 regentis
1432 1469 1491 1518 in
1513 1469 1683 1518 bursa

143 1552 470 1615 Laurentii,
517 1552 578 1600 in
619 1554 874 1601 tractatu
919 1550 989 1600 de
1038 1551 1386 1603 scandalosis
1433 1555 1681 1620 proposi-

145 1637 396 1686 tionibus
439 1635 1013 1699 Ioannis'Reuchlin,
1062 1637 1121 1686 in
1166 1636 1511 1688 Sentimento
1546 1639 1682 1688 Par-

149 1721 443 1783 rhisiensi,
489 1721 550 1769 in
593 1721 783 1772 multis
831 1721 1175 1772 tractatibus
1212 1720 1419 1772 domini
1452 1723 1681 1773 Ioannis

149 1805 530 1870 Pfefferkorn,
580 1807 679 1871 qui
710 1807 822 1856 fuit
859 1806 995 1856 olim
1030 1804 1262 1873 Iudeus,
1310 1811 1368 1856 et
1413 1821 1561 1856 nunc
1598 1811 1685 1856 est

153 1891 392 1956 optimus
449 1889 820 1942 Christianus.
893 1890 1015 1956 Ipsi
1069 1891 1271 1941 timent
1329 1889 1475 1954 quod
1536 1889 1684 1940 alias

145 1979 342 2040 pereat
373 1977 568 2025 vestra
591 1978 828 2041 poetria,
869 1978 926 2025 et
951 1974 1145 2025 dieunt
1170 1974 1316 2039 quod
1343 1978 1491 2026 esset
1514 1973 1683 2025 unum

145 2059 445 2109 ma'ximum
491 2061 820 2112 scandalum
867 2059 1026 2110 illius
1072 2060 1335 2123 temporis
1382 2063 1439 2109 et
1481 2076 1682 2128 pecca·-

145 2149 266 2193 tum
299 2144 558 2209 mortale,
595 2147 645 2196 si
667 2146 882 2212 perir-et
907 2159 1009 2210 per
1031 2143 1455 2208 negligentiam,
1496 2147 1551 2193 et
1574 2159 1683 2193 non

144 2229 568 2294 imprimeretur.
639 2233 806 2282 orant
832 2229 1003 2280 etiam
1026 2227 1234 2278 domini
1257 2229 1513 2294 magistri
1538 2228 1683 2294 quod

145 2313 453 2380 dignemini
497 2314 605 2366 sibi
637 2315 866 2366 mittere
905 2313 1225 2380 apologiam
1268 2316 1515 2363 vestram
1554 2329 1681 2364 eon-

145 2401 236 2449 tra
269 2398 540 2450 Ioannem
571 2399 879 2463 Reuehlin,
930 2399 989 2448 in
1026 2413 1135 2464 qua
1172 2397 1402 2448 realiter
1448 2397 1680 2448 tribula-

144 2484 222 2534 tis
255 2483 432 2534 illum·
451 2487 778 2550 pretensum
825 2482 1139 2548 doctorem,
1188 2481 1333 2547 quod
1381 2481 1551 2534 audet
1584 2499 1681 2548 op-

141 2569 400 2632 positum*
431 2569 626 2618 tenere
675 2570 870 2626 eontra
933 2571 1199 2632 quattuor
1253 2568 1681 2618 universitates:

139 2653 344 2703 volunt
379 2652 733 2715 exscribere,
759 2653 838 2702 'et
883 2653 1044 2702 vobis
1080 2651 1380 2701 remittere.
1450 2651 1537 2698 De
1572 2651 1684 2695 isto

143 2737 306 2789 modo
331 2733 772 2802 probandi'sunt
791 2737 1061 2799 magister
1084 2734 1327 2783 Ioannes
1351 2729 1685 2782 Kirehberg,
