1942 3109
152 227 269 260 v01..
297 227 333 259 1.
371 224 607 260 Aprum).
681 217 746 258 48.
779 205 864 274 [7.]
893 222 1009 258 nc.
1040 223 1111 258 m:
1140 221 1523 260 Annum-BA.
1568 209 1667 262 14³

149 331 274 393 quia
305 331 444 380 bene
480 329 649 380 scivit
695 327 840 392 quod
874 327 1157 378 Iohannes
1192 327 1539 380 Pfefferkorn
1576 345 1663 380 os·

146 418 234 466 set
263 415 388 464 talis
423 414 582 464 homo
607 414 710 476 qui
731 414 1005 464 neminem
1029 417 1277 476 curaret,
1312 415 1479 466 etiam
1500 430 1663 466 suam

145 500 343 550 famam
385 514 493 550 non
543 501 796 562 curaret,
843 497 1065 561 qnando
1112 498 1225 548 nisi
1270 497 1516 550 lucraret
1562 516 1661 566 pe·

147 585 360 648 eunias,
393 584 548 634 sicut
582 583 802 632 faciunt
833 598 1023 632 omnes
1058 582 1253 650 Iudei’.
1324 583 1401 632 Et
1436 583 1659 648 quaudo

141 686 236 735 ego
271 669 383 720 vidi
420 667 572 733 quod
611 683 798 718 eorum
833 671 995 718 erant
1028 667 1157 732 plus
1194 682 1361 730 quam
1396 684 1661 733 meorum,

137 759 264 806 tunc
301 770 404 820 ego
441 753 626 814 abivi3
676 751 776 802 sed
821 752 904 800 fui
938 750 1109 802 valde
1142 751 1323 803 iratus
1360 751 1505 818 quod
1539 754 1661 820 ipse

135 855 242 889 non
285 840 397 890 fuit
444 837 627 886 solus:
674 837 722 884 si
757 836 1055 886 fuissemus
1094 852 1197 901 ego
1236 841 1293 887 et
1326 838 1449 902 ipse
1484 837 1659 904 solus,

137 939 240 988 ego
261 923 462 974 vellem
503 919 783 970 diabolum
817 921 1095 986 posuisse.
1162 921 1382 972 valete.
1452 923 1661 974 Datum

137 1025 200 1058 ex
231 1008 542 1072 Strassberg
573 1006 742 1056 Feria
790 1007 997 1069 quarta
1040 1009 1169 1070 post
1212 1005 1419 1058 festum
1464 1007 1663 1058 Sancti

133 1091 460 1142 Bernhatdi.
531 1090 686 1140 Anno
729 1089 1033 1140 Millesimo
1080 1091 1523 1156 quingentesimo
1568 1092 1663 1142 de·

143 1177 460 1228 cimosexto.

603 1358 708 1420 48.
777 1357 1107 1427 Appendicis
1140 1361 1195 1417 7.

381 1461 738 1526 Iacobus
785 1459 878 1524 de
924 1459 1405 1546 Altaplatea

161 1579 523 1640 septenarum
559 1579 616 1624 et
653 1571 971 1625 liberalium
1008 1588 1222 1626 necnon
1257 1577 1625 1642 ingenuarum

783 1668 991 1718 artium

119 1768 174 1813 et
209 1760 617 1828 Sacratissime
655 1759 961 1826 Theologie
998 1760 1281 1825 professor
1315 1763 1659 1814 humillimus

201 1871 428 1907 necnon
459 1855 522 1904 in
563 1853 844 1916 aliquibus
881 1854 1137 1918 partibus
1172 1856 1231 1904 in
1268 1853 1571 1906 Germania.

275 1949 658 2017 hereticorum
689 1947 958 2012 magister
992 1946 1051 1997 id
1084 1952 1172 1998 est
1207 1953 1489 2001 corrector

331 2041 624 2092 Ortvino
661 2039 912 2091 Gratio
946 2041 1453 2093 Daventriensi

487 2135 546 2184 in
585 2132 820 2186 Colonia
853 2133 1032 2183 vitam
1068 2133 1294 2184 trahens

261 2228 512 2279 Salutem
549 2229 607 2278 in
643 2227 865 2279 domino
903 2229 1093 2276 nostro
1127 2227 1255 2279 Iesu
1292 2228 1517 2281 christo.

215 2367 524 2430 Nunquam
558 2365 670 2416 fuit
701 2369 820 2414 tam
856 2365 1025 2428 grata
1048 2362 1307 2414 ruriculis
1332 2363 1657 2418 dulcissima

120 2449 320 2514 pluvia
353 2454 602 2514 tempore
639 2449 808 2516 longe
845 2448 1157 2511 siccitatis,
1194 2463 1372 2511 neque
1408 2451 1494 2502 sol
1530 2457 1659 2518 post

119 2533 323 2602 longas
359 2535 626 2599 nebulas,
675 2549 844 2597 quam
887 2533 1023 2584 mihi
1067 2533 1178 2584 fuit
1222 2532 1415 2586 littera
1458 2541 1649 2588 vestra

123 2633 292 2682 quam
337 2619 410 2669 ad
453 2635 546 2670 mc
583 2619 692 2669 huc
729 2618 800 2668 ad
833 2619 1063 2668 Romam
1096 2618 1349 2671 misistis.
1424 2619 1657 2681 Quando

128 2718 230 2767 ego
279 2719 404 2755 cum
451 2704 599 2769 legi,
649 2706 784 2753 tunc
826 2703 913 2752 fui
961 2703 1045 2750 ita
1092 2699 1479 2764 gaudibundus
1514 2699 1663 2759 quod
