1942 3109
313 197 380 241 60.
404 201 624 240 mamm.
653 203 928 238 srouprr.
977 197 1042 241 61.
1068 203 1234 239 mmm
1261 203 1611 241 omma-rm.
1648 188 1748 240 343

951 391 1034 442 61.

550 511 600 568 (1
644 507 926 572 Petrus
974 507 1425 573 Charitatis

291 611 496 662 Cursor
531 612 588 660 in
625 611 999 662 Grammatico,
1038 616 1094 662 et
1127 614 1408 678 professor
1439 614 1499 664 in
1534 613 1697 678 loyca
1788 619 1793 623 '

779 695 1028 748 Salutem
1063 697 1201 748 dicit

647 781 978 846 Magistro
1017 782 1319 833 Ortvin0.

329 898 808 951 Reverendissime
856 898 1072 949 domine
1116 900 1403 965 Magister.
1474 903 1618 964 Quia
1653 903 1746 952 hic

239 988 368 1034 ante
392 985 572 1049 picem
597 986 714 1034 sive
739 983 1053 1033 Harzonem
1090 987 1176 1033 est
1213 985 1566 1048 consuetudO,
1607 985 1747 1048 quod

230 1071 290 1120 in
325 1069 412 1120 die
449 1070 660 1119 habent
693 1083 910 1132 semper
955 1067 1091 1119 duas
1140 1069 1365 1133 zechaS,
1411 1069 1537 1120 Una
1580 1083 1745 1120 voca-

231 1161 322 1204 tur
347 1153 566 1204 Civium
601 1153 774 1204 zecha
807 1154 880 1202 Et
913 1153 1113 1219 incipit
1148 1152 1280 1203 hora
1316 1153 1654 1217 duodecima,
1693 1157 1748 1204 et

231 1242 418 1289 manet
451 1250 629 1301 usque
667 1237 736 1286 ad
771 1238 961 1287 horam
1009 1242 1259 1301 quartam
1303 1239 1422 1289 sive
1469 1239 1743 1302 quintam3

229 1324 425 1373 Altera
459 1326 695 1374 vocatur
727 1323 1069 1373 nocturnalis
1108 1326 1163 1373 et
1197 1323 1522 1389 postzecha,
1570 1338 1673 1389 que
1713 1339 1747 1372 a

233 1409 427 1472 quinta
463 1407 599 1457 hora
634 1407 833 1471 incipit
869 1411 925 1456 et
959 1407 1123 1457 durat
1156 1407 1429 1458 interdum
1476 1408 1545 1458 ad
1591 1413 1744 1459 octa-

227 1509 383 1557 vam,
431 1508 657 1557 nonam,
705 1497 760 1542 et
795 1494 962 1543 etiam
998 1493 1264 1544 decimam
1312 1493 1527 1558 horam,
1574 1495 1743 1545 inter-

228 1579 358 1628 dum
404 1579 571 1627 etiam
615 1577 776 1628 durat
819 1593 993 1643 usque
1039 1578 1109 1628 ad
1154 1578 1530 1630 duodecimam
1575 1585 1630 1629 et
1674 1579 1743 1628 ad

229 1665 466 1729 primam
499 1663 713 1713 horam:
749 1662 822 1710 Et
856 1662 1058 1713 divites
1098 1664 1275 1726 cive8‚
1322 1667 1377 1712 et
1412 1666 1577 1714 etiam
1614 1679 1741 1714 con-

231 1747 386 1798 sules
403 1741 424 1810 ,⁰
455 1750 510 1797 et
532 1746 789 1812 Magistri
817 1748 1020 1798 civium
1046 1747 1260 1811 quando
1286 1748 1343 1797 in
1366 1750 1543 1813 prima
1569 1749 1741 1800 zecha

238 1829 491 1881 sederunt
535 1835 590 1882 et
634 1833 771 1882 satis
815 1833 1093 1896 biberunt,
1128 1837 1261 1882 tunc
1298 1832 1519 1884 solvunt
1555 1837 1611 1884 et
1644 1849 1741 1884 va-

238 1914 372 1964 dunt
407 1915 474 1966 ad
507 1916 738 1966 domum.
801 1915 908 1966 Sed
933 1918 1148 1967 iuvenis
1182 1918 1351 1967 bursa
1389 1921 1445 1967 et
1479 1917 1567 1966 ilii
1602 1919 1742 1967 socii

233 2002 461 2066 quinon
483 2002 714 2050 multum
741 2005 935 2051 curant
975 1999 1105 2064 quid
1140 2001 1309 2052 solvit
1342 2001 1607 2064 triticum,
1646 2002 1741 2050 isti

231 2089 457 2134 manent
503 2085 692 2136 sedere
738 2086 796 2135 in
838 2085 942 2135 illa
979 2083 1284 2150 'postzecha
1330 2087 1385 2134 et
1427 2083 1628 2135 bibunt
1673 2098 1740 2134 ac

233 2170 284 2220 si
323 2183 516 2234 corpus
553 2174 607 2220 et
644 2172 880 2221 animam
915 2170 1174 2221 solveret.
1230 2169 1415 2235 Nuper
1452 2186 1579 2237 ergo
1618 2186 1739 2221 cum

232 2255 317 2306 sic
354 2255 518 2304 etiam
553 2253 864 2306 sederemus
899 2240 958 2304 in
1002 2270 1111 2306 una
1157 2255 1485 2321 postzecha‚
1536 2271 1634 2322 ego
1684 2259 1740 2306 et

230 2338 478 2390 dominus
514 2340 712 2389 Petrus
745 2340 1045 2391 monachus
1082 2339 1285 2390 ordinis
1329 2340 1738 2407 predicatorum

233 2425 328 2489 qui
359 2425 520 2474 vobis
555 2423 785 2473 multum
820 2425 977 2474 favet
1010 2427 1233 2489 propter
1268 2423 1526 2475 Iacobum
1550 2423 1729 2475 Hoch-

231 2511 441 2560 straten
477 2508 843 2575 hereticorum
879 2509 1201 2572 magistrum
1226 2508 1281 2557 in
1309 2506 1566 2559 Colonia:
1604 2514 1737 2559 tunc

235 2597 354 2644 erat
388 2593 537 2642 infra
562 2591 829 2642 decimam
853 2597 909 2643 et
931 2591 1273 2642 undecimam
1300 2594 1355 2642 in
1379 2597 1568 2643 noctex
1606 2599 1737 2642 tunc

233 2676 406 2727 multa
451 2675 850 2742 disputavimus
899 2675 964 2724 de
1012 2677 1226 2726 ratione
1270 2677 1503 2725 nominis
1546 2674 1734 2724 vestri.
