1942 3109
257 185 325 234 74
393 199 770 237 raramconru
796 199 1269 238 nasammonas
1296 199 1773 242 unomoxazrr.

253 318 354 354 voe
391 304 658 356 articulos
695 307 1133 371 excerpsissent:
1180 311 1315 358 tunc
1346 305 1625 356 Reuchlin
1668 307 1776 360 hoc

251 390 594 456 percipiens,
643 392 902 442 continuo
948 393 1179 457 scripsit
1224 407 1291 442 ex
1330 392 1519 456 ⁴patria
1564 407 1670 442 sua
1708 395 1776 444 ad

140 470 225 538 <fij
261 474 514 528 doctores
547 480 766 527 nostros
811 476 1158 541 libenterque
1194 479 1491 542 purgasset
1522 474 1531 540 Ι
1560 475 1776 528 domum

253 575 438 625 suam,
485 565 682 626 petens
717 561 1005 614 humiliter
1042 566 1097 614 et
1132 577 1191 612 se
1228 561 1533 614 subiiciens
1568 565 1776 614 nostris

253 643 574 697 doctoribus
624 646 768 710 quod
810 648 870 698 in
907 648 1329 710 quibuscunque
1376 648 1781 720 ipse-errasset

255 734 354 782 aut
376 735 688 795 peccasset,
715 747 775 782 se
797 731 944 784 ultro
967 731 1073 782 illa
1094 747 1359 782 revocare
1383 731 1553 795 velle,
1586 745 1779 794 quem-

255 813 545 864 admodum
589 820 886 879 sequentes
935 817 1112 882 ipsius
1162 818 1305 868 satis
1350 817 1455 867 hoc
1500 832 1776 880 superque

254 902 534 952 testantur
569 899 774 969 littere.

395 1027 448 1085 (l
481 1037 722 1104 Egregie
746 1038 866 1089 viro
895 1042 950 1088 et
978 1037 1446 1089 excellentissimo
1483 1052 1642 1104 sacre

389 1121 670 1189 theologie
716 1121 931 1172 doctori
975 1121 1194 1172 domino
1238 1121 1305 1171 N.
1360 1120 1427 1170 de
1464 1122 1634 1170 Tun-

391 1207 583 1270 garis
619 1207 677 1256 in
702 1205 1149 1272 splendidissima
1176 1204 1496 1256 Coloniensi
1520 1206 1643 1254 uni-

389 1292 659 1342 versitate
676 1290 996 1341 cathedram
1010 1291 1485 1340 sanctissimarum
1504 1290 1643 1338 scri-

391 1378 678 1439 pturarum
713 1375 929 1427 tenenti
963 1373 1181 1426 domino
1220 1390 1318 1425 suo
1346 1389 1509 1439 quam
1545 1374 1645 1424 ob-

797 1458 1248 1510 servandissimo.

363 1567 416 1626 (I
451 1575 506 1628 S.
543 1577 612 1626 D.
649 1577 712 1626 P.
763 1576 1008 1642 Egregia
1043 1580 1144 1628 tua
1176 1578 1355 1629 virtus
1390 1580 1447 1627 et
1482 1577 1791 1643 sapientia,

257 1661 741 1714 Excellentissime
801 1660 1025 1726 doctor,
1096 1677 1206 1727 qua
1273 1663 1333 1712 in
1401 1665 1517 1712 tam
1572 1662 1793 1714 illustri

257 1749 496 1798 omnium
539 1747 808 1798 bonarum
853 1745 1229 1800 doctrinarum
1274 1747 1643 1800 universitate
1658 1785 1677 1812 ,
1732 1751 1791 1798 ut

258 1834 344 1884 sol
381 1833 574 1897 astris,
621 1833 703 1882 sic
747 1835 808 1880 tu
843 1831 1067 1896 optimis
1104 1831 1417 1896 quibusque
1453 1836 1701 1899 prestas,
1738 1831 1797 1882 id

264 1918 460 1968 merito
509 1920 604 1968 tuo
651 1917 818 1983 facit,
868 1916 1014 1982 quod
1057 1932 1235 1982 nuper
1278 1916 1623 1968 defensionis
1668 1932 1801 1984 mee

261 2006 454 2054 contra
489 2002 744 2056 libellum
779 2002 1055 2068 quendam
1088 2002 1359 2054 famosum
1395 2001 1663 2054 adversus
1700 2017 1802 2053 me

259 2089 496 2153 turpiter
555 2088 762 2140 editum
809 2103 1006 2140 censor
1051 2091 1113 2137 ut
1158 2086 1323 2138 audio
1382 2102 1416 2136 a
1459 2085 1803 2140 Reverendo

263 2172 694 2222 clarissimorum
733 2171 1135 2236 ·theologorum
1192 2172 1429 2238 collegio
1474 2175 1553 2222 sis
1600 2170 1802 2222 datus.

265 2255 384 2317 Quo
419 2253 588 2318 plane
625 2252 840 2320 gaudeo
863 2258 920 2308 te
945 2254 1081 2305 mihi
1104 2254 1275 2306 talem
1299 2260 1629 2320 tantumque
1659 2271 1805 2310 eon·

259 2340 486 2405 tigisse,
547 2339 642 2403 qui
683 2355 878 2404 posses
931 2341 1173 2406 compati
1204 2339 1459 2395 humanis
1494 2339 1807 2392 infirmita·

261 2423 430 2487 tibus,
464 2424 641 2474 virum
677 2428 792 2475 tam
827 2425 1065 2492 doctum,
1102 2429 1217 2476 tam
1252 2427 1509 2491 peritum,
1546 2429 1604 2474 et
1638 2425 1809 2476 forte

261 2507 320 2555 in
354 2507 474 2557 vita
511 2507 699 2558 multis
737 2523 956 2573 quoque
992 2511 1308 2562 mortalium
1342 2509 1609 2577 periculis
1648 2513 1808 2560 tem-

262 2593 506 2656 ptatum,
551 2592 648 2641 ubi
681 2607 782 2655 pro
817 2597 916 2644 tua
954 2595 1284 2648 exuberanti
1318 2594 1672 2660 perspicatia.
1714 2595 1811 2644 vi-

263 2673 440 2738 debis,
477 2690 561 2724 me
597 2689 707 2726 nou
739 2691 864 2727 mea
899 2679 1215 2728 temeritate
1240 2679 1359 2729 ulla
1384 2683 1441 2728 in
1466 2679 1614 2728 hane
1640 2676 1813 2728 Cha-
