1942 3109
268 218 407 254 πνοι.
445 217 488 251 1.
559 210 626 252 35.
667 216 836 252 mum
872 213 1549 254 nnnrscaucnuaoanmr.
1590 200 1691 256 103

143 325 280 376 Cum
315 323 431 373 hoe
467 322 638 372 etiam
674 321 934 372 scribunt
969 321 1113 386 quod
1147 326 1275 388 post
1306 327 1421 374 tres
1468 339 1687 376 menses

141 409 309 460 debet
343 407 542 459 venire
588 406 776 458 finalis
824 409 1107 458 sententia
1154 415 1347 458 contra
1390 410 1687 475 magistros

139 498 396 556 nostros;
444 507 664 542 necnon
711 492 863 558 quod
895 508 1047 560 papa
1080 492 1368 544 mandabit
1400 494 1503 545 sub
1538 509 1687 558 pena

139 579 422 646 latissime
461 593 718 646 censure,
765 577 914 642 quod
949 578 1151 630 fratres
1187 579 1395 630 ordinis
1430 579 1683 646 predica·

141 669 324 715 torum
359 663 569 714 debent
612 667 844 729 propter
889 677 1046 713 suam
1090 664 1515 729 protervitatem
1562 679 1686 730 por-

140 756 264 800 tare
300 763 478 798 unum
527 747 714 798 album
760 748 987 798 brillum
1034 749 1155 800 sive
1200 747 1585 813 perspicillum
1628 749 1687 798 in

142 851 248 886 sua
289 837 460 898 nigra
497 847 676 898 cappa
711 833 772 882 in
806 831 967 883 dorso
1006 833 1077 883 ad
1120 836 1449 900 perpetuam
1482 848 1685 884 memo—

138 921 286 969 riam
313 921 374 971 et
408 917 750 982 scandalum,
791 917 938 982 quod
972 918 1233 968 fecerunt
1264 918 1523 968 iniuriam
1558 934 1685 984 spe—

145 1004 278 1054 culo
317 1002 538 1052 oculari
571 1001 778 1052 domini
801 1002 1033 1054 Ioannis
1054 1001 1347 1066 Reuchlin,
1386 1003 1537 1053 sieut
1570 1003 1685 1053 iam

151 1088 333 1138 etiam
377 1087 628 1136 dicuntur
681 1087 806 1152 pati
849 1102 1018 1136 unum
1062 1087 1389 1138 scandalum
1432 1089 1493 1136 in
1541 1086 1685 1136 eele—

153 1172 418 1222 bratione
453 1172 663 1222 missali
697 1175 927 1237 propter
949 1172 1411 1222 intexit-,ationem
1447 1171 1687 1222 alicuius

143 1257 520 1323 irnperatoris.
557 1257 676 1322 Ego
713 1271 827 1307 non
864 1271 1025 1322 spero
1064 1255 1209 1320 quod
1242 1271 1391 1322 papa
1428 1259 1535 1308 erit
1568 1259 1687 1306 tam

143 1342 358 1394 stultns
395 1341 540 1405 quod
573 1341 779 1392 faciet:
818 1340 880 1391 Si
911 1341 1106 1405 faciet,
1143 1341 1395 1392 volumus
1431 1356 1531 1406 per
1562 1341 1685 1390 uni-

143 1441 371 1479 versum
415 1429 663 1476 nostrum
709 1425 954 1476 ordinem
1013 1429 1209 1476 contra
1262 1425 1445 1490 ipsum
1498 1423 1687 1488 legere

142 1511 453 1577 psalmum:
515 1508 722 1574 ‘Deus‚
770 1509 1027 1560 laudem’.
1088 1507 1343 1561 Ceterum
1388 1513 1581 1576 patres
1630 1513 1687 1560 et

143 1595 409 1662 magistri
442 1595 620 1644 nostri
661 1609 808 1644 nune
846 1595 1097 1659 cogitant
1116 1593 1407 1659 fquomodo
1452 1597 1689 1659 possunt

143 1683 380 1732 obviare
416 1681 528 1729 isto
564 1679 730 1728 malo.
766 1679 884 1743 Ipsi
914 1679 1111 1729 volunt
1146 1694 1179 1729 a
1216 1679 1345 1728 sede
1371 1675 1688 1743 apostolica

142 1769 452 1832 impetrare
496 1763 806 1814 latissimas
849 1763 1247 1828 indulgentiae,
1296 1767 1353 1813 et
1392 1762 1687 1812 maximam

142 1851 448 1918 pecuniam
487 1847 753 1912 colligere
799 1848 856 1897 in
892 1848 1195 1899 Germania
1241 1849 1298 1897 et
1333 1844 1545 1909 Gallia,
1590 1859 1691 1908 per

145 1951 316 2002 quam
353 1936 590 2000 possunt
623 1933 882 1982 resistere
910 1932 999 1982 illi
1032 1932 1243 1982 fautori
1277 1930 1568 1998 Iudeorum
1592 1928 1687 1979 do·

143 2037 254 2072 nee
297 2018 600 2070 moriatur:
663 2016 794 2080 quia
839 2021 924 2068 est
967 2033 1157 2068 senex.
1210 2017 1285 2066 Et
1318 2020 1451 2065 tune
1492 2015 1689 2066 volunt

144 2121 274 2157 eum
309 2089 533 2154 omnino
571 2101 851 2152 damnare.
887 2102 1109 2166 Valete‚
1148 2104 1205 2150 et
1240 2098 1367 2149 date
1395 2098 1689 2150 consilium

143 2194 394 2241 vestrum
429 2183 743 2239 seeundum
776 2189 1019 2238 vestrum
1054 2201 1237 2252 posse,
1275 2186 1333 2235 et
1368 2187 1685 2252 promovete

145 2279 351 2328 bonum
388 2272 625 2326 ordinis.
