<?xml version="1.0" encoding="UTF-8"?>
<!DOCTYPE html PUBLIC "-//W3C//DTD XHTML 1.0 Transitional//EN"
    "http://www.w3.org/TR/xhtml1/DTD/xhtml1-transitional.dtd">
<html xmlns="http://www.w3.org/1999/xhtml" xml:lang="en" lang="en">
 <head>
  <title>
</title>
<meta http-equiv="Content-Type" content="text/html;charset=utf-8" />
  <meta name='ocr-system' content='tesseract 3.04.00' />
  <meta name='ocr-capabilities' content='ocr_page ocr_carea ocr_par ocr_line ocrx_word'/>
</head>
<body>
  <div class='ocr_page' id='page_1' title='image "./epistolaeobscur00huttgoog_0589.png"; bbox 0 0 1942 3109; ppageno 0'>
   <div class='ocr_carea' id='block_1_1' title="bbox 267 238 1819 296">
    <p class='ocr_par' dir='ltr' id='par_1_1' title="bbox 267 238 1819 296">
     <span class='ocr_line' id='line_1_1' title="bbox 267 238 1819 296; baseline 0.002 -4"><span class='ocrx_word' id='word_1_1' title='bbox 267 238 366 293; x_wconf 86' lang='lat'><strong>128</strong></span> <span class='ocrx_word' id='word_1_2' title='bbox 399 252 781 293; x_wconf 72' lang='lat' dir='ltr'><strong>rspsmcosm</strong></span> <span class='ocrx_word' id='word_1_3' title='bbox 803 252 1275 292; x_wconf 52' lang='lat' dir='ltr'><strong>oss-mesonma</strong></span> <span class='ocrx_word' id='word_1_4' title='bbox 1302 252 1512 291; x_wconf 72' lang='lat' dir='ltr'><strong>nuos.</strong></span> <span class='ocrx_word' id='word_1_5' title='bbox 1528 254 1583 291; x_wconf 88' lang='lat' dir='ltr'><strong>o.</strong></span> <span class='ocrx_word' id='word_1_6' title='bbox 1602 256 1819 296; x_wconf 62' lang='lat' dir='ltr'><strong>van-1².</strong></span> 
     </span>
    </p>
   </div>
   <div class='ocr_carea' id='block_1_2' title="bbox 165 359 1831 2789">
    <p class='ocr_par' dir='ltr' id='par_1_2' title="bbox 165 359 1831 2789">
     <span class='ocr_line' id='line_1_2' title="bbox 263 359 1821 429; baseline 0.001 -18"><span class='ocrx_word' id='word_1_7' title='bbox 263 362 506 427; x_wconf 82' lang='lat' dir='ltr'><strong>plicibus</strong></span> <span class='ocrx_word' id='word_1_8' title='bbox 554 362 765 427; x_wconf 84' lang='lat' dir='ltr'><strong>gesturi</strong></span> <span class='ocrx_word' id='word_1_9' title='bbox 809 361 1065 412; x_wconf 89' lang='lat' dir='ltr'><strong>libellum</strong></span> <span class='ocrx_word' id='word_1_10' title='bbox 1102 362 1377 429; x_wconf 73' lang='lat' dir='ltr'><strong>prefatum</strong></span> <span class='ocrx_word' id='word_1_11' title='bbox 1418 359 1648 411; x_wconf 83' lang='lat' dir='ltr'><strong>chartis</strong></span> <span class='ocrx_word' id='word_1_12' title='bbox 1690 378 1821 413; x_wconf 77' lang='lat' dir='ltr'><strong>sex-</strong></span> 
     </span>
     <span class='ocr_line' id='line_1_3' title="bbox 263 446 1820 513; baseline 0 -16"><span class='ocrx_word' id='word_1_13' title='bbox 263 446 442 497; x_wconf 87' lang='lat' dir='ltr'><strong>decim</strong></span> <span class='ocrx_word' id='word_1_14' title='bbox 487 448 749 513; x_wconf 82' lang='lat' dir='ltr'><strong>papyreis</strong></span> <span class='ocrx_word' id='word_1_15' title='bbox 795 462 962 497; x_wconf 82' lang='lat' dir='ltr'><strong>manu</strong></span> <span class='ocrx_word' id='word_1_16' title='bbox 1008 447 1407 511; x_wconf 84' lang='lat' dir='ltr'><strong>conscriptum,</strong></span> <span class='ocrx_word' id='word_1_17' title='bbox 1466 460 1599 495; x_wconf 92' lang='lat' dir='ltr'><strong>cum</strong></span> <span class='ocrx_word' id='word_1_18' title='bbox 1666 448 1820 497; x_wconf 79' lang='lat' dir='ltr'><strong>alias</strong></span> 
     </span>
     <span class='ocr_line' id='line_1_4' title="bbox 261 530 1821 597; baseline 0 -16"><span class='ocrx_word' id='word_1_19' title='bbox 261 532 610 597; x_wconf 83' lang='lat' dir='ltr'><strong>frequenter,</strong></span> <span class='ocrx_word' id='word_1_20' title='bbox 662 536 777 583; x_wconf 89' lang='lat' dir='ltr'><strong>tum</strong></span> <span class='ocrx_word' id='word_1_21' title='bbox 822 533 1120 583; x_wconf 85' lang='lat' dir='ltr'><strong>novissime</strong></span> <span class='ocrx_word' id='word_1_22' title='bbox 1164 530 1254 582; x_wconf 87' lang='lat' dir='ltr'><strong>die</strong></span> <span class='ocrx_word' id='word_1_23' title='bbox 1298 530 1569 580; x_wconf 83' lang='lat' dir='ltr'><strong>Mercurii</strong></span> <span class='ocrx_word' id='word_1_24' title='bbox 1624 532 1821 583; x_wconf 77' lang='lat' dir='ltr'><strong>altera</strong></span> 
     </span>
     <span class='ocr_line' id='line_1_5' title="bbox 265 615 1819 684; baseline -0.001 -18"><span class='ocrx_word' id='word_1_25' title='bbox 265 617 470 667; x_wconf 77' lang='lat' dir='ltr'><strong>mensis</strong></span> <span class='ocrx_word' id='word_1_26' title='bbox 493 616 733 684; x_wconf 77' lang='lat' dir='ltr'><strong>Augusti</strong></span> <span class='ocrx_word' id='word_1_27' title='bbox 756 617 902 667; x_wconf 87' lang='lat' dir='ltr'><strong>Anni</strong></span> <span class='ocrx_word' id='word_1_28' title='bbox 927 617 1253 668; x_wconf 81' lang='lat' dir='ltr'><strong>.M.D.xn11.</strong></span> <span class='ocrx_word' id='word_1_29' title='bbox 1279 615 1440 667; x_wconf 82' lang='lat' dir='ltr'><strong>nobis</strong></span> <span class='ocrx_word' id='word_1_30' title='bbox 1478 616 1644 679; x_wconf 81' lang='lat' dir='ltr'><strong>apud</strong></span> <span class='ocrx_word' id='word_1_31' title='bbox 1673 616 1819 667; x_wconf 79' lang='lat' dir='ltr'><strong>San-</strong></span> 
     </span>
     <span class='ocr_line' id='line_1_6' title="bbox 267 701 1817 769; baseline 0.001 -18"><span class='ocrx_word' id='word_1_32' title='bbox 267 706 415 752; x_wconf 87' lang='lat' dir='ltr'><strong>ctum</strong></span> <span class='ocrx_word' id='word_1_33' title='bbox 449 702 823 753; x_wconf 83' lang='lat' dir='ltr'><strong>Matburinum</strong></span> <span class='ocrx_word' id='word_1_34' title='bbox 869 702 1056 753; x_wconf 88' lang='lat' dir='ltr'><strong>debito</strong></span> <span class='ocrx_word' id='word_1_35' title='bbox 1100 701 1398 769; x_wconf 75' lang='lat' dir='ltr'><strong>iuramenti</strong></span> <span class='ocrx_word' id='word_1_36' title='bbox 1443 706 1817 752; x_wconf 77' lang='lat' dir='ltr'><strong>sacramento</strong></span> 
     </span>
     <span class='ocr_line' id='line_1_7' title="bbox 263 784 1815 853; baseline 0.001 -18"><span class='ocrx_word' id='word_1_37' title='bbox 263 788 370 838; x_wconf 90' lang='lat' dir='ltr'><strong>rite</strong></span> <span class='ocrx_word' id='word_1_38' title='bbox 429 789 786 853; x_wconf 76' lang='lat' dir='ltr'><strong>congregatis</strong></span> <span class='ocrx_word' id='word_1_39' title='bbox 855 787 1215 838; x_wconf 76' lang='lat' dir='ltr'><strong>exactissima</strong></span> <span class='ocrx_word' id='word_1_40' title='bbox 1276 801 1409 836; x_wconf 85' lang='lat' dir='ltr'><strong>cura</strong></span> <span class='ocrx_word' id='word_1_41' title='bbox 1466 784 1815 850; x_wconf 84' lang='lat' dir='ltr'><strong>discussum,</strong></span> 
     </span>
     <span class='ocr_line' id='line_1_8' title="bbox 269 869 1813 939; baseline 0 -18"><span class='ocrx_word' id='word_1_42' title='bbox 269 872 669 935; x_wconf 77' lang='lat' dir='ltr'><strong>examinatum,</strong></span> <span class='ocrx_word' id='word_1_43' title='bbox 707 888 853 939; x_wconf 74' lang='lat' dir='ltr'><strong>equa.</strong></span> <span class='ocrx_word' id='word_1_44' title='bbox 875 873 1040 923; x_wconf 83' lang='lat' dir='ltr'><strong>lance</strong></span> <span class='ocrx_word' id='word_1_45' title='bbox 1062 873 1393 939; x_wconf 78' lang='lat' dir='ltr'><strong>trutinatum</strong></span> <span class='ocrx_word' id='word_1_46' title='bbox 1410 909 1423 935; x_wconf 89' lang='lat'>,</span> <span class='ocrx_word' id='word_1_47' title='bbox 1460 869 1813 923; x_wconf 81' lang='lat' dir='ltr'><strong>adamussim</strong></span> 
     </span>
     <span class='ocr_line' id='line_1_9' title="bbox 269 952 1813 1008; baseline 0 -2"><span class='ocrx_word' id='word_1_48' title='bbox 269 960 326 1006; x_wconf 91' lang='lat' dir='ltr'><strong>et</strong></span> <span class='ocrx_word' id='word_1_49' title='bbox 373 952 716 1007; x_wconf 63' lang='lat' dir='ltr'><strong>erticulatim</strong></span> <span class='ocrx_word' id='word_1_50' title='bbox 761 957 1028 1007; x_wconf 81' lang='lat' dir='ltr'><strong>libratum</strong></span> <span class='ocrx_word' id='word_1_51' title='bbox 1072 961 1265 1007; x_wconf 76' lang='lat' dir='ltr'><strong>nostra.</strong></span> <span class='ocrx_word' id='word_1_52' title='bbox 1318 955 1632 1006; x_wconf 79' lang='lat' dir='ltr'><strong>doctrinali</strong></span> <span class='ocrx_word' id='word_1_53' title='bbox 1692 972 1813 1008; x_wconf 88' lang='lat' dir='ltr'><strong>sen·</strong></span> 
     </span>
     <span class='ocr_line' id='line_1_10' title="bbox 267 1040 1816 1108; baseline 0.002 -18"><span class='ocrx_word' id='word_1_54' title='bbox 267 1043 450 1093; x_wconf 77' lang='lat' dir='ltr'><strong>tentia</strong></span> <span class='ocrx_word' id='word_1_55' title='bbox 497 1042 726 1093; x_wconf 85' lang='lat' dir='ltr'><strong>dicimus</strong></span> <span class='ocrx_word' id='word_1_56' title='bbox 773 1058 894 1093; x_wconf 82' lang='lat' dir='ltr'><strong>csse</strong></span> <span class='ocrx_word' id='word_1_57' title='bbox 939 1056 1252 1108; x_wconf 82' lang='lat' dir='ltr'><strong>respersum</strong></span> <span class='ocrx_word' id='word_1_58' title='bbox 1295 1040 1489 1090; x_wconf 85' lang='lat' dir='ltr'><strong>multis</strong></span> <span class='ocrx_word' id='word_1_59' title='bbox 1540 1044 1816 1094; x_wconf 85' lang='lat' dir='ltr'><strong>assertio·</strong></span> 
     </span>
     <span class='ocr_line' id='line_1_11' title="bbox 267 1126 1817 1191; baseline 0 -16"><span class='ocrx_word' id='word_1_60' title='bbox 267 1126 432 1177; x_wconf 89' lang='lat' dir='ltr'><strong>nibus</strong></span> <span class='ocrx_word' id='word_1_61' title='bbox 478 1126 669 1189; x_wconf 79' lang='lat' dir='ltr'><strong>falsis,</strong></span> <span class='ocrx_word' id='word_1_62' title='bbox 717 1128 1055 1191; x_wconf 82' lang='lat' dir='ltr'><strong>temerariis,</strong></span> <span class='ocrx_word' id='word_1_63' title='bbox 1102 1130 1317 1191; x_wconf 76' lang='lat' dir='ltr'><strong>piarum</strong></span> <span class='ocrx_word' id='word_1_64' title='bbox 1364 1126 1585 1176; x_wconf 76' lang='lat' dir='ltr'><strong>aurium</strong></span> <span class='ocrx_word' id='word_1_65' title='bbox 1634 1127 1817 1177; x_wconf 76' lang='lat' dir='ltr'><strong>offen-</strong></span> 
     </span>
     <span class='ocr_line' id='line_1_12' title="bbox 269 1208 1817 1279; baseline 0.001 -20"><span class='ocrx_word' id='word_1_66' title='bbox 269 1211 434 1275; x_wconf 82' lang='lat' dir='ltr'><strong>sivis‚</strong></span> <span class='ocrx_word' id='word_1_67' title='bbox 505 1210 880 1277; x_wconf 82' lang='lat' dir='ltr'><strong>scandalosis,</strong></span> <span class='ocrx_word' id='word_1_68' title='bbox 947 1212 1219 1275; x_wconf 77' lang='lat' dir='ltr'><strong>erroneiS,</strong></span> <span class='ocrx_word' id='word_1_69' title='bbox 1278 1208 1501 1278; x_wconf 72' lang='lat' dir='ltr'><strong>iudaice</strong></span> <span class='ocrx_word' id='word_1_70' title='bbox 1574 1209 1817 1279; x_wconf 75' lang='lat' dir='ltr'><strong>perfidie</strong></span> 
     </span>
     <span class='ocr_line' id='line_1_13' title="bbox 269 1295 1817 1364; baseline 0.003 -21"><span class='ocrx_word' id='word_1_71' title='bbox 269 1295 568 1347; x_wconf 81' lang='lat' dir='ltr'><strong>manifeste</strong></span> <span class='ocrx_word' id='word_1_72' title='bbox 627 1296 912 1360; x_wconf 60' lang='lat' dir='ltr'><strong>fauturus,</strong></span> <span class='ocrx_word' id='word_1_73' title='bbox 971 1296 1347 1347; x_wconf 82' lang='lat' dir='ltr'><strong>sacrosanctis</strong></span> <span class='ocrx_word' id='word_1_74' title='bbox 1408 1296 1663 1364; x_wconf 72' lang='lat' dir='ltr'><strong>ecclesie</strong></span> <span class='ocrx_word' id='word_1_75' title='bbox 1720 1297 1817 1347; x_wconf 89' lang='lat' dir='ltr'><strong>do-</strong></span> 
     </span>
     <span class='ocr_line' id='line_1_14' title="bbox 213 1378 1819 1446; baseline 0.002 -17"><span class='ocrx_word' id='word_1_76' title='bbox 213 1438 221 1446; x_wconf 40' lang='lat'>·</span> <span class='ocrx_word' id='word_1_77' title='bbox 271 1380 519 1430; x_wconf 87' lang='lat' dir='ltr'><strong>ctoribus</strong></span> <span class='ocrx_word' id='word_1_78' title='bbox 562 1380 782 1431; x_wconf 89' lang='lat' dir='ltr'><strong>iniuriis</strong></span> <span class='ocrx_word' id='word_1_79' title='bbox 830 1384 888 1432; x_wconf 90' lang='lat' dir='ltr'><strong>et</strong></span> <span class='ocrx_word' id='word_1_80' title='bbox 935 1381 1379 1443; x_wconf 85' lang='lat' dir='ltr'><strong>contumeliosis,</strong></span> <span class='ocrx_word' id='word_1_81' title='bbox 1426 1381 1486 1429; x_wconf 91' lang='lat' dir='ltr'><strong>in</strong></span> <span class='ocrx_word' id='word_1_82' title='bbox 1524 1378 1819 1432; x_wconf 82' lang='lat' dir='ltr'><strong>Christum</strong></span> 
     </span>
     <span class='ocr_line' id='line_1_15' title="bbox 273 1463 1819 1535; baseline 0.002 -22"><span class='ocrx_word' id='word_1_83' title='bbox 273 1465 502 1527; x_wconf 86' lang='lat' dir='ltr'><strong>eiusque</strong></span> <span class='ocrx_word' id='word_1_84' title='bbox 526 1478 788 1528; x_wconf 81' lang='lat' dir='ltr'><strong>sponsam</strong></span> <span class='ocrx_word' id='word_1_85' title='bbox 814 1466 1113 1515; x_wconf 82' lang='lat' dir='ltr'><strong>ecclesiam</strong></span> <span class='ocrx_word' id='word_1_86' title='bbox 1135 1464 1497 1530; x_wconf 82' lang='lat' dir='ltr'><strong>blasphemis,</strong></span> <span class='ocrx_word' id='word_1_87' title='bbox 1526 1463 1598 1515; x_wconf 92' lang='lat' dir='ltr'><strong>de</strong></span> <span class='ocrx_word' id='word_1_88' title='bbox 1628 1466 1819 1535; x_wconf 77' lang='lat' dir='ltr'><strong>heresi</strong></span> 
     </span>
     <span class='ocr_line' id='line_1_16' title="bbox 269 1536 1817 1617; baseline 0.003 -19"><span class='ocrx_word' id='word_1_89' title='bbox 269 1546 626 1598; x_wconf 80' lang='lat' dir='ltr'><strong>vehementer</strong></span> <span class='ocrx_word' id='word_1_90' title='bbox 661 1536 964 1613; x_wconf 83' lang='lat' dir='ltr'><strong>suspectis,</strong></span> <span class='ocrx_word' id='word_1_91' title='bbox 1003 1549 1287 1615; x_wconf 82' lang='lat' dir='ltr'><strong>plerisque</strong></span> <span class='ocrx_word' id='word_1_92' title='bbox 1311 1550 1556 1616; x_wconf 76' lang='lat' dir='ltr'><strong>heresim</strong></span> <span class='ocrx_word' id='word_1_93' title='bbox 1584 1554 1817 1617; x_wconf 80' lang='lat' dir='ltr'><strong>sapien·</strong></span> 
     </span>
     <span class='ocr_line' id='line_1_17' title="bbox 269 1632 1819 1699; baseline 0.006 -20"><span class='ocrx_word' id='word_1_94' title='bbox 269 1632 448 1696; x_wconf 82' lang='lat' dir='ltr'><strong>tibus,</strong></span> <span class='ocrx_word' id='word_1_95' title='bbox 486 1636 544 1683; x_wconf 87' lang='lat' dir='ltr'><strong>et</strong></span> <span class='ocrx_word' id='word_1_96' title='bbox 575 1632 841 1699; x_wconf 75' lang='lat' dir='ltr'><strong>hereticis</strong></span> <span class='ocrx_word' id='word_1_97' title='bbox 866 1633 1167 1683; x_wconf 88' lang='lat' dir='ltr'><strong>nonnullis.</strong></span> <span class='ocrx_word' id='word_1_98' title='bbox 1242 1634 1326 1683; x_wconf 94' lang='lat' dir='ltr'><strong>Ob</strong></span> <span class='ocrx_word' id='word_1_99' title='bbox 1353 1633 1523 1699; x_wconf 87' lang='lat' dir='ltr'><strong>idque</strong></span> <span class='ocrx_word' id='word_1_100' title='bbox 1548 1634 1819 1687; x_wconf 89' lang='lat' dir='ltr'><strong>libellum</strong></span> 
     </span>
     <span class='ocr_line' id='line_1_18' title="bbox 271 1716 1822 1783; baseline 0.003 -16"><span class='ocrx_word' id='word_1_101' title='bbox 271 1716 585 1767; x_wconf 87' lang='lat' dir='ltr'><strong>huiusmodi</strong></span> <span class='ocrx_word' id='word_1_102' title='bbox 629 1732 751 1768; x_wconf 89' lang='lat' dir='ltr'><strong>esse</strong></span> <span class='ocrx_word' id='word_1_103' title='bbox 797 1718 914 1768; x_wconf 89' lang='lat' dir='ltr'><strong>iure</strong></span> <span class='ocrx_word' id='word_1_104' title='bbox 968 1717 1444 1783; x_wconf 87' lang='lat' dir='ltr'><strong>supprimendum,</strong></span> <span class='ocrx_word' id='word_1_105' title='bbox 1502 1718 1572 1771; x_wconf 87' lang='lat' dir='ltr'><strong>de</strong></span> <span class='ocrx_word' id='word_1_106' title='bbox 1636 1721 1822 1773; x_wconf 88' lang='lat' dir='ltr'><strong>medio</strong></span> 
     </span>
     <span class='ocr_line' id='line_1_19' title="bbox 270 1801 1821 1868; baseline 0.002 -16"><span class='ocrx_word' id='word_1_107' title='bbox 270 1801 576 1853; x_wconf 84' lang='lat' dir='ltr'><strong>tollendum</strong></span> <span class='ocrx_word' id='word_1_108' title='bbox 659 1806 830 1867; x_wconf 85' lang='lat' dir='ltr'><strong>atque</strong></span> <span class='ocrx_word' id='word_1_109' title='bbox 908 1804 1037 1868; x_wconf 86' lang='lat' dir='ltr'><strong>igne</strong></span> <span class='ocrx_word' id='word_1_110' title='bbox 1115 1802 1341 1866; x_wconf 87' lang='lat' dir='ltr'><strong>publice</strong></span> <span class='ocrx_word' id='word_1_111' title='bbox 1429 1806 1821 1856; x_wconf 76' lang='lat' dir='ltr'><strong>cremandum.</strong></span> 
     </span>
     <span class='ocr_line' id='line_1_20' title="bbox 276 1878 1823 1954; baseline 0.003 -19"><span class='ocrx_word' id='word_1_112' title='bbox 276 1878 328 1935; x_wconf 69' lang='lat' dir='ltr'><strong>(I</strong></span> <span class='ocrx_word' id='word_1_113' title='bbox 372 1887 554 1951; x_wconf 88' lang='lat' dir='ltr'><strong>Ipsius</strong></span> <span class='ocrx_word' id='word_1_114' title='bbox 603 1890 790 1937; x_wconf 83' lang='lat' dir='ltr'><strong>autem</strong></span> <span class='ocrx_word' id='word_1_115' title='bbox 833 1886 1016 1937; x_wconf 90' lang='lat' dir='ltr'><strong>libelli</strong></span> <span class='ocrx_word' id='word_1_116' title='bbox 1072 1890 1354 1938; x_wconf 82' lang='lat' dir='ltr'><strong>auctorem</strong></span> <span class='ocrx_word' id='word_1_117' title='bbox 1402 1886 1473 1938; x_wconf 86' lang='lat' dir='ltr'><strong>ad</strong></span> <span class='ocrx_word' id='word_1_118' title='bbox 1520 1890 1823 1954; x_wconf 82' lang='lat' dir='ltr'><strong>publicam</strong></span> 
     </span>
     <span class='ocr_line' id='line_1_21' title="bbox 272 1970 1827 2038; baseline 0.003 -15"><span class='ocrx_word' id='word_1_119' title='bbox 272 1974 684 2025; x_wconf 81' lang='lat' dir='ltr'><strong>revocationem</strong></span> <span class='ocrx_word' id='word_1_120' title='bbox 755 1970 1190 2038; x_wconf 84' lang='lat' dir='ltr'><strong>compellendum</strong></span> <span class='ocrx_word' id='word_1_121' title='bbox 1256 1972 1380 2023; x_wconf 90' lang='lat' dir='ltr'><strong>Non</strong></span> <span class='ocrx_word' id='word_1_122' title='bbox 1448 1973 1827 2028; x_wconf 80' lang='lat' dir='ltr'><strong>obstantibus</strong></span> 
     </span>
     <span class='ocr_line' id='line_1_22' title="bbox 273 2056 1831 2125; baseline 0 -15"><span class='ocrx_word' id='word_1_123' title='bbox 273 2059 473 2125; x_wconf 84' lang='lat' dir='ltr'><strong>glosis,</strong></span> <span class='ocrx_word' id='word_1_124' title='bbox 522 2058 865 2123; x_wconf 82' lang='lat' dir='ltr'><strong>quibuslibet</strong></span> <span class='ocrx_word' id='word_1_125' title='bbox 905 2056 1464 2122; x_wconf 84' lang='lat' dir='ltr'><strong>interpretationibus</strong></span> <span class='ocrx_word' id='word_1_126' title='bbox 1516 2062 1571 2108; x_wconf 89' lang='lat' dir='ltr'><strong>et</strong></span> <span class='ocrx_word' id='word_1_127' title='bbox 1613 2058 1831 2110; x_wconf 85' lang='lat' dir='ltr'><strong>defen-</strong></span> 
     </span>
     <span class='ocr_line' id='line_1_23' title="bbox 273 2132 1831 2207; baseline 0.003 -13"><span class='ocrx_word' id='word_1_128' title='bbox 273 2144 464 2207; x_wconf 86' lang='lat' dir='ltr'><strong>soriis,</strong></span> <span class='ocrx_word' id='word_1_129' title='bbox 511 2144 672 2193; x_wconf 87' lang='lat' dir='ltr'><strong>nobis</strong></span> <span class='ocrx_word' id='word_1_130' title='bbox 718 2143 832 2193; x_wconf 25' lang='lat' dir='ltr'><strong>hac*</strong></span> <span class='ocrx_word' id='word_1_131' title='bbox 869 2144 928 2192; x_wconf 89' lang='lat' dir='ltr'><strong>in</strong></span> <span class='ocrx_word' id='word_1_132' title='bbox 971 2144 1031 2193; x_wconf 83' lang='lat' dir='ltr'><strong>re</strong></span> <span class='ocrx_word' id='word_1_133' title='bbox 1077 2142 1301 2193; x_wconf 82' lang='lat' dir='ltr'><strong>oblatis.</strong></span> <span class='ocrx_word' id='word_1_134' title='bbox 1376 2132 1426 2191; x_wconf 71' lang='lat' dir='ltr'><strong>(l</strong></span> <span class='ocrx_word' id='word_1_135' title='bbox 1473 2142 1645 2207; x_wconf 87' lang='lat' dir='ltr'><strong>Ipsos</strong></span> <span class='ocrx_word' id='word_1_136' title='bbox 1678 2150 1831 2198; x_wconf 77' lang='lat' dir='ltr'><strong>&#39;vero</strong></span> 
     </span>
     <span class='ocr_line' id='line_1_24' title="bbox 275 2222 1828 2289; baseline 0.005 -14"><span class='ocrx_word' id='word_1_137' title='bbox 275 2224 667 2275; x_wconf 81' lang='lat' dir='ltr'><strong>Thalmudicos</strong></span> <span class='ocrx_word' id='word_1_138' title='bbox 703 2224 874 2275; x_wconf 90' lang='lat' dir='ltr'><strong>libros</strong></span> <span class='ocrx_word' id='word_1_139' title='bbox 914 2222 1074 2289; x_wconf 89' lang='lat' dir='ltr'><strong>(quos</strong></span> <span class='ocrx_word' id='word_1_140' title='bbox 1101 2230 1221 2277; x_wconf 83' lang='lat' dir='ltr'><strong>tota</strong></span> <span class='ocrx_word' id='word_1_141' title='bbox 1248 2228 1418 2277; x_wconf 85' lang='lat' dir='ltr'><strong>animi</strong></span> <span class='ocrx_word' id='word_1_142' title='bbox 1444 2231 1828 2282; x_wconf 84' lang='lat' dir='ltr'><strong>contentione</strong></span> 
     </span>
     <span class='ocr_line' id='line_1_25' title="bbox 273 2306 1828 2401; baseline 0.002 -39"><span class='ocrx_word' id='word_1_143' title='bbox 273 2309 518 2362; x_wconf 81' lang='lat' dir='ltr'><strong>ocularis</strong></span> <span class='ocrx_word' id='word_1_144' title='bbox 554 2306 773 2373; x_wconf 88' lang='lat' dir='ltr'><strong>speculi</strong></span> <span class='ocrx_word' id='word_1_145' title='bbox 809 2313 1006 2361; x_wconf 82' lang='lat' dir='ltr'><strong>auctor</strong></span> <span class='ocrx_word' id='word_1_146' title='bbox 1042 2310 1325 2361; x_wconf 87' lang='lat' dir='ltr'><strong>contendit</strong></span> <span class='ocrx_word' id='word_1_147' title='bbox 1338 2326 1481 2401; x_wconf 43' lang='grc' dir='ltr'><strong>ἴβιες</strong></span> <span class='ocrx_word' id='word_1_148' title='bbox 1510 2328 1828 2368; x_wconf 78' lang='lat' dir='ltr'><strong>asservan-</strong></span> 
     </span>
     <span class='ocr_line' id='line_1_26' title="bbox 273 2392 1827 2462; baseline 0.006 -19"><span class='ocrx_word' id='word_1_149' title='bbox 273 2392 744 2461; x_wconf 24' lang='lat' dir='ltr'><strong>dos)2Apostolica</strong></span> <span class='ocrx_word' id='word_1_150' title='bbox 764 2396 1100 2446; x_wconf 82' lang='lat' dir='ltr'><strong>auctoritate</strong></span> <span class='ocrx_word' id='word_1_151' title='bbox 1126 2396 1238 2446; x_wconf 86' lang='lat' dir='ltr'><strong>iam</strong></span> <span class='ocrx_word' id='word_1_152' title='bbox 1262 2392 1611 2462; x_wconf 51' lang='lat' dir='ltr'><strong>pridemffite</strong></span> <span class='ocrx_word' id='word_1_153' title='bbox 1640 2400 1827 2452; x_wconf 82' lang='lat' dir='ltr'><strong>fuisse</strong></span> 
     </span>
     <span class='ocr_line' id='line_1_27' title="bbox 274 2478 1827 2544; baseline 0.006 -18"><span class='ocrx_word' id='word_1_154' title='bbox 274 2478 593 2544; x_wconf 83' lang='lat' dir='ltr'><strong>damnatos,</strong></span> <span class='ocrx_word' id='word_1_155' title='bbox 647 2481 810 2531; x_wconf 87' lang='lat' dir='ltr'><strong>immo</strong></span> <span class='ocrx_word' id='word_1_156' title='bbox 854 2494 986 2531; x_wconf 83' lang='lat' dir='ltr'><strong>vero</strong></span> <span class='ocrx_word' id='word_1_157' title='bbox 1032 2484 1340 2531; x_wconf 81' lang='lat' dir='ltr'><strong>nostrorum</strong></span> <span class='ocrx_word' id='word_1_158' title='bbox 1386 2484 1827 2536; x_wconf 84' lang='lat' dir='ltr'><strong>antecessorum</strong></span> 
     </span>
     <span class='ocr_line' id='line_1_28' title="bbox 275 2559 1827 2629; baseline 0.007 -20"><span class='ocrx_word' id='word_1_159' title='bbox 275 2559 448 2611; x_wconf 88' lang='lat' dir='ltr'><strong>divini</strong></span> <span class='ocrx_word' id='word_1_160' title='bbox 482 2564 694 2626; x_wconf 86' lang='lat' dir='ltr'><strong>pariter</strong></span> <span class='ocrx_word' id='word_1_161' title='bbox 741 2567 797 2613; x_wconf 88' lang='lat' dir='ltr'><strong>et</strong></span> <span class='ocrx_word' id='word_1_162' title='bbox 843 2564 1113 2628; x_wconf 89' lang='lat' dir='ltr'><strong>pontificii</strong></span> <span class='ocrx_word' id='word_1_163' title='bbox 1159 2565 1294 2614; x_wconf 86' lang='lat' dir='ltr'><strong>iuris</strong></span> <span class='ocrx_word' id='word_1_164' title='bbox 1340 2566 1827 2629; x_wconf 84' lang='lat' dir='ltr'><strong>peritissimorum</strong></span> 
     </span>
     <span class='ocr_line' id='line_1_29' title="bbox 165 2642 1831 2712; baseline 0.005 -16"><span class='ocrx_word' id='word_1_165' title='bbox 165 2642 264 2709; x_wconf 65' lang='lat' dir='ltr'><strong>fflj</strong></span> <span class='ocrx_word' id='word_1_166' title='bbox 287 2642 733 2712; x_wconf 73' lang='lat' dir='ltr'><strong>interlpretum,</strong></span> <span class='ocrx_word' id='word_1_167' title='bbox 799 2650 981 2697; x_wconf 84' lang='lat' dir='ltr'><strong>nostri</strong></span> <span class='ocrx_word' id='word_1_168' title='bbox 1034 2648 1419 2712; x_wconf 80' lang='lat' dir='ltr'><strong>Parhysiensis</strong></span> <span class='ocrx_word' id='word_1_169' title='bbox 1472 2650 1657 2701; x_wconf 88' lang='lat' dir='ltr'><strong>studii</strong></span> <span class='ocrx_word' id='word_1_170' title='bbox 1728 2655 1831 2704; x_wconf 81' lang='lat' dir='ltr'><strong>do·</strong></span> 
     </span>
     <span class='ocr_line' id='line_1_30' title="bbox 276 2730 1831 2789; baseline 0.008 -13"><span class='ocrx_word' id='word_1_171' title='bbox 276 2730 500 2782; x_wconf 82' lang='lat' dir='ltr'><strong>ctrinali</strong></span> <span class='ocrx_word' id='word_1_172' title='bbox 517 2732 926 2781; x_wconf 84' lang='lat' dir='ltr'><strong>interveniente</strong></span> <span class='ocrx_word' id='word_1_173' title='bbox 952 2732 1234 2783; x_wconf 79' lang='lat' dir='ltr'><strong>sententia</strong></span> <span class='ocrx_word' id='word_1_174' title='bbox 1252 2734 1370 2783; x_wconf 88' lang='lat' dir='ltr'><strong>iure</strong></span> <span class='ocrx_word' id='word_1_175' title='bbox 1390 2732 1570 2783; x_wconf 83' lang='lat' dir='ltr'><strong>fuisse</strong></span> <span class='ocrx_word' id='word_1_176' title='bbox 1596 2752 1831 2789; x_wconf 84' lang='lat' dir='ltr'><strong>crema-</strong></span> 
     </span>
    </p>
   </div>
  </div>
 </body>
</html>
