1942 3109
260 203 328 254 34
521 219 812 254 ems-romi:
850 219 1217 254 onsovnonvu
1254 221 1526 254 vmonvu.

261 338 450 372 omnes
487 323 840 388 Theologos‘?
909 323 1031 388 Ego
1082 323 1245 374 eredo
1293 323 1438 388 quod
1472 325 1629 389 Papa
1676 340 1791 374 non

263 411 348 456 est
381 408 556 457 bonus
593 408 958 471 christianuS,
1010 411 1104 471 qui
1150 409 1198 458 si
1244 413 1394 458 esset
1427 409 1605 458 bonus
1644 409 1793 458 chri-

261 493 504 556 stianus,
539 497 676 541 tunc
713 497 864 543 esset
898 493 1239 558 impossibile
1266 493 1411 556 quod
1436 509 1545 543 non
1568 497 1795 544 teneret

263 591 386 626 eum
422 577 738 642 Theologis.
813 577 922 627 Sed
959 579 1129 628 etiam
1166 579 1215 627 si
1248 577 1407 642 Papa
1444 577 1540 626 dat
1562 582 1791 628 senten·

258 662 397 710 tiam
435 666 630 712 eontra
666 662 1005 727 TheologOS,
1050 667 1187 712 tune
1221 662 1443 712 videtur
1472 661 1607 712 mihi
1640 663 1794 726 quod

261 744 427 794 debet
459 745 580 796 fieri
617 747 923 812 appellatio
961 747 1032 796 ad
1070 747 1393 810 concilium,
1432 749 1565 810 quia
1602 749 1791 798 conei-

261 829 398 880 lium
437 835 522 880 est
557 847 725 897 supra
761 832 1003 897 Papam,
1050 835 1109 882 et
1142 833 1201 880 in
1239 831 1477 881 concilio
1516 831 1793 897 Theologi

261 915 472 965 habent
491 917 898 982 prevalentiam
921 931 1091 981 super
1114 915 1257 966 alias
1282 915 1619 966 facultates:
1654 920 1795 966 tune

259 1015 420 1064 spero
459 1001 604 1064 quod
639 1001 888 1051 dominus
925 1000 1082 1050 dabit
1103 1001 1507 1064 benignitatem
1534 1005 1590 1050 et
1612 1003 1793 1066 respi—

263 1084 376 1134 ciet
423 1086 662 1136 famulos
699 1101 828 1138 suos
867 1084 1208 1150 TheologOS,
1258 1088 1315 1133 et
1358 1099 1469 1134 non
1514 1087 1793 1148 permittit

263 1169 408 1233 quod
442 1171 697 1221 inimicus
733 1175 922 1222 noster
957 1167 1371 1235 supergaudeant
1393 1185 1512 1233 nos,
1554 1173 1611 1219 et
1632 1169 1796 1218 dabit

263 1254 422 1302 nobis
460 1256 700 1319 gratiam
735 1255 1156 1320 spiritussancti
1192 1252 1337 1318 quod
1372 1269 1661 1318 possumus
1698 1269 1791 1303 su—

261 1353 460 1402 perare
505 1339 874 1389 fallimoniam
919 1340 1153 1388 istorum
1196 1338 1582 1406 hereticorum.
1654 1339 1792 1401 Qui—

263 1421 390 1472 dam
434 1424 636 1472 iurista
684 1439 860 1488 nuper
911 1423 1054 1472 dixit
1094 1424 1187 1472 hic
1225 1422 1370 1487 quod
1408 1427 1493 1472 est
1526 1424 1792 1487 fatatum,

265 1506 410 1570 quod
454 1508 584 1557 ordo
632 1507 1043 1574 predicatorum
1090 1507 1257 1558 debet
1290 1508 1501 1572 perire,
1552 1511 1607 1556 et
1644 1508 1793 1570 quod

266 1607 333 1641 ex
385 1591 485 1642 illo
533 1591 722 1642 ordine
770 1591 975 1642 debent
1016 1593 1209 1642 venire
1246 1593 1484 1641 maxima
1520 1591 1793 1643 scandala

263 1677 321 1725 in
357 1675 516 1727 fidem
543 1675 768 1740 Christi,
806 1677 954 1726 sicut
988 1692 1098 1726 non
1138 1675 1329 1726 audita
1366 1679 1495 1725 sunt
1517 1677 1699 1740 prius:
1738 1683 1799 1726 et

263 1759 408 1810 dixit
439 1761 537 1811 ubi
573 1761 710 1826 legit
733 1761 890 1811 illam
915 1761 1281 1826 prophetiam.
1334 1759 1443 1809 Sed
1468 1761 1619 1810 absit
1644 1762 1795 1824 quod

263 1846 368 1896 hoc
403 1847 479 1896 sit
500 1861 707 1897 verum.
759 1847 904 1908 Quia
928 1845 1185 1896 ille-ordo
1214 1848 1301 1894 est
1322 1843 1497 1906 utilis,
1536 1849 1593 1894 et
1616 1845 1665 1894 si
1691 1845 1794 1896 ille

264 1929 394 1981 ordo
420 1947 530 1982 non
555 1935 720 1995 esset,
757 1935 892 1979 tune
917 1931 1109 1980 neseio
1134 1927 1405 1992 quomodo
1430 1933 1611 1981 staret
1635 1928 1793 1979 theo-

263 2016 433 2080 logia,
473 2017 604 2079 quia
639 2029 854 2083 semper
888 2014 1269 2081 predicatores
1306 2016 1435 2062 sunt
1470 2013 1795 2078 profundio-

264 2115 350 2150 res
376 2100 435 2150 in
470 2099 770 2165 theologia,
809 2115 974 2163 quam
1010 2100 1268 2159 minore5‚
1305 2097 1395 2147 vel
1420 2097 1797 2163 Augustinen-

266 2201 384 2248 sea,
421 2189 480 2234 et
515 2189 710 2235 tenent
744 2185 893 2234 viam
929 2183 1173 2234 doctoris
1212 2183 1426 2246 sancti,
1478 2184 1572 2246 qui
1606 2187 1799 2234 tamen

263 2255 546 2334 nunquam
583 2271 808 2320 erravit.
878 2269 953 2316 Et
990 2269 1159 2318 etiam
1184 2267 1292 2330 ipsi
1317 2265 1633 2317 habuerunt
1655 2269 1799 2318 mul—

263 2360 350 2406 tos
395 2361 622 2404 sanctos
669 2355 728 2403 in
773 2369 871 2403 suo
920 2352 1140 2414 ordine,
1190 2354 1248 2401 et
1294 2356 1421 2400 sunt
1456 2350 1701 2401 audaces
1738 2353 1801 2402 in

263 2439 640 2505 disputatione
679 2421 874 2488 confi-a
908 2437 1207 2504 hereticos,
1278 2435 1397 2500 Ego
1432 2437 1599 2486 miror
1622 2451 1798 2500 quare

265 2527 532 2590 magister
565 2527 754 2574 noster
777 2521 1017 2570 Iacobus
1064 2521 1131 2570 de
1154 2521 1537 2570 Hoehstraten
1559 2535 1671 2571 non
1697 2537 1799 2585 po—

264 2615 377 2662 test
422 2611 606 2660 iurare
651 2609 1066 2673 paupertatem:
1124 2611 1313 2656 tamen
1360 2609 1447 2654 est
1489 2604 1555 2654 de
1604 2605 1800 2656 ordine

264 2694 697 2746 mendicantium
735 2691 832 2753 qui
866 2691 1162 2740 manifeste
1200 2695 1329 2739 sunt
1365 2705 1659 2752 pauperes·
1738 2691 1800 2739 Si
