1942 3109
202 251 298 302 148
336 263 716 301 rzrsmcoum
744 261 1217 301 narnus.cos⁵ru
1245 260 1446 299 nuos.
1464 261 1732 303 o.v.131²1²'.

339 413 390 474 (l
443 423 555 474 Hic
605 425 913 486 sequuntur
971 422 1215 488 littere
1272 419 1595 489 venerande

336 507 832 560 universitatis
867 507 1331 557 Lovaniensis
1366 504 1449 554 ad
1484 521 1596 570 pa·

339 593 564 659 palem
589 591 625 640 S
643 592 1051 644 auctitatem
1088 595 1282 644 cont-ra
1306 591 1481 640 libros
1505 590 1599 642 Io-

585 678 788 727 annnis
821 676 1094 726 Reuchlin
1130 675 1347 742 emisse„

303 797 515 860 Dignos
561 809 671 844 non
717 796 818 845 abs
867 811 925 845 re
971 793 1247 845 iudicaret
1300 808 1401 844 nos
1446 792 1735 846 Sanctitas

204 883 436 941 Vestra,
473 880 797 930 beatissime
835 884 1022 944 pater,
1062 881 1157 943 qui
1190 878 1504 944 privilegiis
1544 884 1603 929 et
1640 881 1734 930 im·

203 964 594 1027 munitatibuS,
635 965 836 1028 quibus
871 965 1118 1031 apprime
1157 968 1525 1014 sacrosancta
1560 969 1737 1016 mater

206 1050 450 1100 ecclesia
493 1063 593 1100 nos
639 1049 882 1100 vallavit
927 1064 995 1099 ac
1050 1049 1311 1112 munivit,
1369 1049 1733 1114 privaremur,

204 1135 462 1198 indignos
497 1134 726 1198 insuper
759 1134 1019 1198 theologo
1056 1134 1275 1184 nomine
1324 1149 1393 1183 ac
1439 1133 1727 1200 dignitate,

203 1219 314 1268 nisi
359 1217 510 1268 circa
554 1233 644 1269 res
693 1222 752 1268 et
793 1217 952 1269 fidem
1001 1219 1337 1268 catholic-am
1386 1231 1551 1282 quam
1589 1233 1733 1269 com-

204 1305 444 1354 muniter
463 1316 585 1353 cum
605 1304 874 1367 omnibus,
893 1307 950 1353 et
968 1315 1186 1354 sacram
1204 1301 1545 1369 theologiam
1570 1317 1739 1368 quam

205 1388 480 1454 peculiari
519 1387 754 1450 quodam
790 1403 936 1438 nexu
961 1387 1305 1452 profitemur,
1344 1391 1402 1438 et
1428 1389 1517 1440 cui
1542 1389 1738 1440 sedulo

203 1472 568 1521 incumbimus
615 1471 774 1520 iuxta
816 1472 992 1534 vires,
1040 1472 1387 1537 diligentiam
1434 1476 1489 1522 et
1537 1489 1741 1538 operas

205 1559 322 1606 tot-o
363 1557 566 1604 conatu
613 1553 1076 1621 impenderemus,
1125 1562 1183 1607 et
1226 1558 1507 1623 impensas
1554 1560 1743 1623 quoad

205 1639 521 1690 valeremus
559 1639 964 1690 continuandas
1016 1655 1350 1692 curaremus.
1424 1643 1583 1705 Quod
1620 1645 1671 1693 si
1708 1659 1743 1693 a

207 1725 402 1789 quovis
439 1723 702 1790 pontifice
739 1726 979 1776 maximo
1014 1726 1184 1776 etiam
1208 1726 1389 1777 minus
1412 1727 1609 1778 solerti
1633 1727 1745 1778 hoc

205 1824 549 1878 vereremur,
585 1809 758 1861 multo
797 1811 1035 1874 amplius
1072 1827 1105 1861 a
1130 1815 1185 1861 te
1210 1811 1329 1862 viro
1356 1812 1744 1863 oculatissimo

209 1900 265 1945 et
299 1895 668 1958 undequaque
703 1894 1024 1946 doctissimo
1062 1909 1131 1944 ac
1164 1894 1294 1945 fidei
1330 1895 1613 1964 catholice
1656 1911 1749 1949 ze-

205 1980 538 2044 lantissimo‚
587 1979 731 2044 quod
780 1995 954 2046 genus
1002 1979 1288 2032 dedecoris
1334 1992 1404 2030 ne
1463 1982 1747 2042 incidere,-

208 2081 353 2130 mus‚
401 2079 579 2130 nuper
627 2081 748 2115 cum
795 2065 1019 2116 oblatus
1065 2066 1224 2116 nobis
1270 2067 1419 2116 foret
1464 2081 1532 2117 ex
1580 2071 1745 2132 parte

207 2152 462 2219 preclare
519 2150 811 2199 facultatis
867 2149 1183 2217 theologice
1230 2148 1583 2202 Coloniensis
1634 2153 1752 2219 filie

207 2239 304 2302 tac
351 2233 658 2283 Sanctitati
702 2231 1045 2300 deditissimo
1094 2239 1151 2285 et
1195 2235 1354 2286 nobis
1399 2249 1612 2286 summo
1666 2238 1755 2288 af-

209 2320 364 2371 fectu
403 2317 725 2384 coniuncte,
763 2315 991 2369 libellus
1040 2318 1263 2382 quidam
1310 2320 1403 2384 qui
1452 2321 1757 2372 cuiusdam

208 2401 484 2454 Reuchlin
506 2401 839 2454 Phorcensis
863 2403 1082 2455 foetura
1108 2419 1227 2455 esse
1252 2403 1573 2470 dicebatur,
1614 2421 1759 2458 exa-

209 2486 501 2536 minandus
549 2502 621 2537 an
668 2487 1036 2540 admittendus
1083 2494 1233 2540 esset
1285 2493 1557 2554 tanquam
1618 2491 1761 2542 fidei

212 2568 510 2637 orthodoxe
571 2587 872 2636 consonus,
943 2589 1018 2623 an
1074 2573 1414 2624 refellendus
1472 2578 1761 2640 tanquam

214 2654 340 2704 fidei
383 2662 674 2721 suspectus
719 2661 775 2705 et
820 2658 1027 2722 populo
1068 2658 1459 2723 scandalosuS,
1508 2665 1568 2709 et
1616 2677 1763 2711 san·

217 2739 322 2792 ctis
367 2739 633 2804 iniuriae,
691 2739 886 2790 habita
945 2746 1002 2793 et
1054 2741 1308 2810 diligenti
1353 2747 1410 2794 et
1466 2747 1763 2798 acerrima

1908 1580 1911 1766 1
