1942 3109
78 270 520 308 ,Auen-rimosas
557 269 860 305 onscvaon.
889 269 1191 305 nnvcnmu.
1218 268 1395 306 nova.
1464 253 1565 304 293

77 375 230 438 undi,
268 375 324 423 in
357 375 481 440 pice
519 389 627 423 non
662 371 949 424 sordidari.
996 371 1218 422 Etenim
1255 372 1349 435 qui
1384 373 1568 436 tangit

78 464 263 521 icem,
307 458 691 522 inquinabitur
737 458 806 507 ab
854 473 952 520 ea,
1008 459 1065 506 et
1107 455 1435 520 perdifficile
1482 460 1569 506 est

75 549 204 596 nter
237 541 514 608 impudica
547 542 720 593 verba
756 541 874 591 fieri
907 557 1019 592 non
1054 539 1403 606 impudicum.
1457 541 1567 589 Ex-

76 630 262 682 ollunt
304 643 489 678 omnes
531 642 646 677 una
680 642 820 677 voce
863 629 1027 693 poete
1080 625 1452 690 voluptatem,
1498 639 1569 674 ea

76 733 110 766 e
151 712 450 777 illaqueari
485 713 732 777 cupiunt,
769 727 891 762 eam
927 725 1061 761 auro
1100 713 1155 759 et
1187 725 1357 774 reg-no
1392 710 1573 774 potio·-

77 815 165 853 θυι
201 799 567 862 arbitrantur,
604 797 750 848 hanc
785 795 1105 864 predicant,
1147 793 1293 844 hanc
1330 793 1567 860 comple-

78 889 303 946 tuntur,
351 897 580 945 quorum
623 897 766 932 unus
811 897 880 931 ex
923 880 1233 948 precipuis,
1278 879 1402 928 dum
1437 879 1567 928 huic

81 969 241 1027 acat,
286 980 494 1030 regum,
529 967 732 1029 inquit,
765 980 966 1032 magne
1001 962 1381 1029 despiciuntur
1414 978 1571 1028 opes.

76 1053 210 1102 „lter
243 1050 507 1115 magister
541 1049 659 1112 ille,
698 1064 858 1113 quem
894 1049 1010 1100 dixi
1040 1048 1225 1100 media
1258 1051 1317 1096 in
1352 1049 1567 1098 Venere

76 1135 304 1199 xtingui
347 1150 408 1186 se
455 1135 537 1184 ait
585 1149 816 1200 cupere,
863 1138 928 1184 ut
968 1134 1076 1184 rite
1110 1133 1248 1183 meis
1286 1135 1570 1193 consonet,

79 1227 106 1272 t
149 1219 421 1283 quivixit
463 1217 707 1282 perdite,
754 1219 1020 1269 moriatur
1062 1216 1462 1282 perditissime,
1508 1219 1571 1264 ut

79 1307 288 1367 uisque
325 1302 428 1353 tali
461 1303 694 1353 veniens
731 1305 790 1352 in
824 1303 1020 1353 funere
1055 1302 1209 1352 dicat

256 1386 604 1438 Conveniens
635 1388 755 1455 vite
791 1403 934 1438 mors
969 1387 1080 1438 fuit
1114 1387 1225 1437 ista
1261 1401 1375 1453 sue.

73 1471 333 1538 'erg-ilius
368 1487 478 1523 non
513 1470 670 1523 modo
706 1471 972 1538 legendus
1008 1472 1221 1536 pueris,
1268 1469 1365 1522 sed
1410 1470 1569 1519 imbi-

77 1557 262 1612 endus
299 1555 656 1622 figendusque
683 1559 958 1624 memorie,
988 1556 1084 1607 sed
1121 1560 1383 1606 censetur
1416 1553 1567 1604 dum—

73 1647 213 1697 axat
236 1644 439 1708 pueris,
467 1643 562 1706 qui
585 1646 841 1694 ornatum
875 1643 1094 1707 possint
1130 1655 1329 1706 capere
1366 1643 1423 1690 et
1456 1638 1569 1690 ele-

77 1728 300 1781 antiam
342 1726 576 1794 lascivie
619 1728 993 1791 nequicquam
1049 1725 1322 1787 sentiant,
1378 1727 1477 1773 aut
1520 1724 1571 1772 si

73 1810 334 1870 ent-iant,
378 1824 487 1859 non
535 1815 967 1876 corrumpantur.
1042 1809 1128 1860 Sit
1170 1809 1339 1873 igitur
1383 1807 1569 1857 lumen

75 1909 258 1955 erum,
296 1890 438 1943 idem
476 1892 788 1960 Campanus
823 1897 932 1960 ait,
969 1892 1117 1958 quod
1150 1892 1453 1956 afferimuS,
1488 1891 1571 1940 di-

73 1983 202 2047 igat
246 1993 358 2027 non
399 1979 724 2044 precipitet,
779 1995 850 2028 ne
897 1981 993 2042 qni
1046 1978 1119 2029 ad
1174 1979 1357 2029 lucem
1401 1977 1569 2042 positi

73 2078 238 2117 umus
285 2062 547 2127 aliorum,
607 2063 717 2127 ipsi
768 2063 1205 2116 obtenebremur.
1273 2064 1427 2113 Deus
1475 2061 1571 2124 qui

73 2150 188 2201 ixit
223 2146 290 2197 de
327 2146 566 2197 tenebris
600 2147 788 2197 lumen
809 2144 1219 2211 splendescere,
1242 2147 1360 2211 ipse
1384 2145 1573 2196 illuxit

73 2253 96 2284 1
151 2229 408 2281 cordibus
452 2234 657 2283 nostris
713 2231 786 2281 ad
827 2229 1290 2282 illuminationem
1334 2231 1569 2297 scientie

73 2316 332 2370 laritatis
369 2316 478 2381 dei,
514 2333 624 2368 non
659 2320 966 2382 poetarum,
1002 2331 1113 2366 non
1147 2331 1434 2380 nugarum,
1459 2331 1570 2366 non

73 2400 476 2456 tendaciorum.
547 2401 779 2452 Eramus
823 2401 1053 2468 tenebre
1098 2402 1193 2464 qui
1234 2401 1292 2451 in
1349 2400 1435 2450 his
1480 2400 1569 2450 fa-

73 2489 192 2540 ulis
229 2486 617 2551 versabamur,
653 2487 794 2536 facti
828 2501 1023 2536 sumus·
1048 2485 1170 2550 lux,
1218 2485 1315 2550 qui
1338 2501 1378 2546 ‚e
1415 2489 1569 2536 tene-

73 2574 156 2623 ris
195 2570 269 2620 ad
307 2570 562 2638 celestia,
599 2587 666 2621 ex
700 2571 899 2622 mundo
937 2571 1009 2622 ad
1035 2570 1311 2621 Christum
1347 2572 1567 2622 commi—

103 2743 123 2776 ¹
167 2742 230 2790 in
253 2739 402 2806 pice]
427 2741 574 2793 infici
597 2744 647 2794 2.

1864 1561 1866 1566 .
1864 1533 1866 1540 i
1864 1494 1869 1503 ,
1858 1066 1869 1473 -ῌ--.-“.-..-,ι-
1856 303 1868 1039 -1-Ιῡ-,ιι---ο-Ᾰ---ῄ--ς-----ι---ι-*μυ---ιι--ι-·.-ῌΔ
1866 279 1868 298 -
