1942 3109
246 246 502 283 Pnpnntc.
524 246 595 281 Du
625 246 775 281 SPEC.
800 244 1089 282 nummus
1111 244 1328 281 mmmm
1354 246 1639 283 conando.
1701 227 1770 282 59

250 352 421 403 etiam
466 350 534 401 de
582 350 819 401 articulo
868 350 939 401 ad
984 348 1281 401 articulum
1323 351 1383 399 in
1419 352 1644 417 scriptis
1680 354 1767 402 in-

248 436 559 499 dicassent,
631 440 966 501 quapropter
1034 437 1160 501 ipsa
1227 438 1379 485 esset
1437 436 1765 500 spernenda.

248 522 403 571 Tunc
438 519 581 591 dixit
623 518 1034 586 ‘Peperieorne,
1095 521 1278 571 omnia
1327 517 1434 588 hec
1467 522 1608 571 bene
1645 536 1768 585 per-

246 604 559 671 pendimu8‚
612 609 667 655 et
711 605 1002 673 presertim
1039 604 1506 657 consultationem
1537 606 1766 656 Ioannis

244 690 538 755 Reuchlin,
579 695 635 741 et
669 706 855 741 omnes
894 691 990 755 qui
1025 691 1170 741 hanc
1205 691 1402 757 legunt
1437 694 1494 741 et
1519 690 1766 753 audiunt,

244 791 354 826 non
390 775 557 826 aliter
592 775 777 826 dicere
824 780 1058 841 possunt
1093 789 1257 839 quam
1305 775 1449 839 quod
1493 774 1770 825 immundo

244 860 445 924 spiritu
490 861 565 909 sit
598 861 919 910 maculata'.
989 860 1210 911 Adiecit
1241 860 1248 926 Ι
1281 862 1450 911 etiam
1496 859 1763 924 quomodo
1790 852 1878 909 w

246 945 304 992 in
344 943 449 994 hoc
483 945 718 1007 negocio
754 944 989 995 ulterius
1023 946 1249 1009 procedi
1283 960 1394 995 non
1427 946 1630 1009 possit,
1669 945 1767 995 sed

248 1026 651 1093 expectandum
704 1042 827 1079 esse
887 1044 1063 1092 usque
1132 1028 1204 1079 ad
1267 1029 1569 1094 proximum
1621 1027 1766 1079 diem

248 1116 552 1164 conventus
586 1112 915 1178 principum.
970 1118 1107 1164 tunc
1139 1112 1284 1163 velit
1319 1112 1615 1181 cesaream
1649 1130 1766 1164 ma·

244 1199 507 1249 iestatem
556 1201 613 1248 et
656 1198 899 1261 reliquos
946 1198 1226 1263 principes
1264 1196 1546 1248 adhortari
1579 1202 1643 1247 ut
1677 1214 1764 1249 rea

247 1285 361 1333 ista
387 1283 589 1333 bonum
614 1283 907 1333 sortiretur
940 1281 1120 1332 finem.
1191 1281 1302 1333 Sed
1337 1286 1470 1331 tunc
1506 1283 1766 1347 temporis

244 1368 431 1417 nullus
466 1368 575 1417 fuit
612 1371 917 1418 conventus
950 1368 1278 1434 principum,
1317 1373 1656 1433 quapropter
1677 1381 1768 1417 res

244 1452 349 1502 illa
383 1453 493 1503 fuit
525 1456 830 1517 protracta.
892 1453 1072 1516 Quam
1107 1454 1176 1503 ob
1216 1468 1441 1503 causam
1464 1452 1621 1521 Iudei
1654 1468 1766 1504 non

244 1538 423 1589 solum
460 1553 520 1588 se
558 1539 961 1589 roboraverunt
989 1542 1046 1589 et
1071 1542 1264 1589 contra
1287 1554 1388 1589 nos
1415 1538 1766 1590 Christianos

244 1638 303 1671 se
340 1626 745 1687 opposuerunt,
816 1622 914 1673 sed
986 1624 1155 1673 etiam
1228 1622 1300 1673 ad
1357 1638 1442 1673 me
1501 1623 1766 1673 dicebant

246 1705 534 1756 ‘Reuchlin
592 1708 750 1758 novit
800 1711 855 1757 te
910 1707 1170 1771 expedire
1217 1712 1275 1757 et
1317 1708 1425 1757 tibi
1469 1707 1763 1758 resistere:

244 1792 392 1839 hunc
454 1791 523 1841 ad
584 1791 987 1842 defendendum
1044 1806 1144 1841 nos
1203 1794 1261 1841 et
1316 1791 1489 1841 libros
1545 1796 1767 1843 nostros⁴

248 1877 441 1923 contra
478 1877 533 1922 te
571 1876 817 1923 excitare
851 1875 1122 1943 volumus'
1163 1879 1218 1925 et
1243 1876 1442 1943 *multis
1482 1877 1612 1927 aliis
1647 1892 1762 1927 ser-

248 1958 501 2008 monibus
538 1956 756 2007 illic-itis
792 1958 851 2005 in
886 1961 1074 2023 nostre
1109 1957 1239 2006 fidei
1261 1957 1500 2007 dedecus
1539 1964 1594 2008 et
1615 1962 1763 2010 vitu·

244 2044 457 2108 perium
502 2042 638 2091 mihi
682 2042 1023 2091 restiterunt.
1105 2042 1262 2090 Tunc
1310 2042 1528 2109 quesivi
1573 2060 1640 2092 ex
1673 2044 1764 2093 Iu-

245 2127 393 2193 deis:
431 2124 577 2189 ‘quis
612 2126 887 2189 patefecit
918 2127 1079 2177 vobis
1119 2126 1578 2177 consultationem
1603 2126 1766 2178 Ioan-

244 2212 331 2260 nis
355 2210 644 2275 Reuchlin,
682 2215 781 2262 aut
802 2211 945 2263 unde
974 2212 1134 2263 scitis
1157 2226 1256 2263 vos
1295 2211 1439 2276 quod
1473 2228 1570 2277 pro
1605 2214 1764 2264 vobis

246 2302 303 2347 et
329 2299 523 2346 contra
546 2312 631 2345 me
660 2296 1096 2347 consultaverit?
1157 2298 1314 2347 Tunc
1349 2298 1606 2348 fecerunt
1638 2301 1756 2347 tan-

244 2397 411 2446 quam
446 2380 553 2444 illi,
592 2395 818 2445 quorum
854 2396 913 2431 os
951 2396 1020 2431 ex
1047 2381 1226 2433 cordis
1250 2382 1763 2447 superabundantia

242 2466 491 2531 loquitur
534 2480 639 2515 nec
684 2468 872 2516 tacere
917 2469 1246 2530 potuerunt,
1309 2470 1365 2516 et
1407 2465 1765 2517 notificarunt

242 2552 377 2601 mihi
423 2549 689 2614 quomodo
741 2566 864 2600 cum
906 2550 1114 2600 Ioanne
1149 2550 1422 2602 Reuchlin
1471 2555 1658 2603 essent
1703 2552 1761 2600 in

242 2650 446 2699 magna
490 2634 881 2686 familiaritate
930 2637 988 2685 et
1029 2634 1233 2699 optime
1289 2636 1502 2685 scirent
1543 2634 1612 2685 de
1656 2636 1762 2683 hoc

243 2721 495 2783 negocio.
557 2720 713 2769 Tunc
748 2720 901 2769 intra
924 2735 1008 2769 me
1037 2718 1371 2785 cogitabam,
1409 2718 1574 2767 ‘nunc
1609 2720 1762 2767 tene-
