1942 3109
193 189 267 232 48.
293 190 418 228 10A.
441 186 608 225 KALP.
643 183 710 228 49.
730 190 886 226 PHIL.
909 190 1177 227 §Auernum
1196 191 1267 228 DE
1288 189 1590 228 auronum.
1626 175 1723 228 311

196 303 381 361 tiens,
434 296 568 359 quia
603 293 662 344 in
707 294 1031 357 quibusdam
1074 297 1331 360 passibus
1374 296 1727 362 reprehendit

201 383 492 432 doctorem
541 381 796 450 sanctum
841 383 896 430 et
940 380 1079 430 nihil
1124 383 1277 431 tenet
1310 381 1377 431 de
1412 382 1725 448 TheologiS,

205 467 288 515 Et
325 482 444 516 cum
482 451 852 528 honam-ipsit
885 479 1052 514 unam
1086 466 1374 516 materiam
1410 481 1514 534 que
1557 482 1727 518 voea-

210 557 306 600 tur
349 551 526 601 Moria
574 549 815 613 Erasmi,
873 563 979 617 que
1025 549 1194 601 habet
1236 550 1438 601 multas
1482 551 1725 616 proposi-

211 636 394 688 tiones
437 632 938 698 scandalizativaa
965 638 1023 686 et
1065 649 1259 700 parum
1311 635 1726 700 reverentialeS,

205 725 264 772 et
289 719 597 786 aliquando
622 721 870 770 continet
894 723 1119 786 apertas
1142 719 1536 785 blasphemias.
1581 722 1728 783 Qua-

203 811 434 873 propter
457 803 835 856 Parrisienses
868 805 1065 856 volunt
1101 805 1417 856 comburere
1452 805 1625 856 talem
1660 805 1728 855 li-

204 893 380 942 brum.
443 891 600 955 Ergo
639 891 807 940 etiam
841 905 952 939 non
993 889 1153 940 credo
1182 889 1325 952 quod
1346 889 1505 956 Papa
1531 895 1725 941 auten-

206 978 409 1027 ticabit
455 974 619 1025 illum
665 988 922 1038 magnum
956 972 1174 1023 librum.
1240 973 1429 1024 Etiam
1462 975 1731 1040 Magister

211 1064 396 1114 noster
431 1058 679 1110 Iacobus
715 1057 782 1108 de
821 1057 938 1108 alta
972 1057 1166 1122 platea
1202 1061 1289 1107 est
1320 1057 1382 1108 in
1414 1059 1562 1108 bona
1608 1073 1730 1123 spe·

208 1150 408 1198 rantia.
493 1143 636 1194 Heri
680 1142 942 1194 invitavit
986 1158 1071 1194 me
1118 1140 1189 1192 ad
1236 1142 1618 1207 collationem,
1675 1146 1731 1192 et

213 1231 350 1280 dixit
391 1230 534 1282 mihi
579 1228 858 1279 veraciter
901 1226 1045 1292 quod
1081 1225 1394 1277 Cardinalis
1429 1227 1571 1279 dixit
1603 1228 1730 1291 sibi,

213 1317 358 1380 quod
401 1317 574 1367 debet
607 1313 814 1366 habere
849 1312 1183 1364 sententiam
1217 1327 1316 1378 pro
1352 1329 1431 1364 se.
1504 1311 1611 1362 Sed
1643 1312 1729 1363 Io·

215 1401 424 1452 hannes
447 1398 620 1452 Wick
643 1399 740 1462 qui
765 1403 851 1449 est
872 1382 1207 1450 Procurator
1230 1396 1492 1448 Iohannis
1514 1397 1728 1448 Reuch·

212 1483 320 1548 lin,
356 1486 502 1536 facit
535 1485 588 1534 ei
619 1499 878 1550 magnam
907 1484 1263 1534 instantiam:
1300 1497 1401 1549 ego
1436 1483 1607 1534 semel
1642 1485 1727 1534 af·

209 1571 296 1622 fui
341 1569 490 1633 quod
519 1569 788 1634 Magister
817 1569 1016 1621 Noster
1049 1569 1287 1620 Iacobus
1322 1569 1463 1619 dixit
1499 1567 1569 1618 ad
1604 1585 1727 1620 eum

211 1654 388 1703 ‘Ecce
425 1656 488 1700 tu
522 1653 630 1701 iam
663 1669 722 1704 es
759 1657 953 1704 contra
986 1669 1102 1717 me,
1150 1657 1207 1704 et
1244 1653 1435 1703 credas
1470 1653 1605 1704 mihi
1636 1652 1725 1702 fir·

212 1739 407 1798 miter,
456 1735 504 1785 si
547 1735 786 1788 habuero
829 1737 1149 1802 victoriam,
1198 1752 1299 1802 ego
1344 1737 1624 1789 tribulabo
1669 1741 1727 1786 te

215 1823 302 1872 ita
339 1819 486 1884 quod
517 1820 576 1869 in
609 1825 727 1873 tota
749 1822 1009 1873 Almania
1042 1838 1153 1873 non
1191 1823 1299 1872 eris
1332 1824 1595 1873 securus'.
1654 1821 1727 1870 Et

221 1906 423 1954 iterum
468 1902 602 1954 dixit
647 1906 716 1956 ad
762 1922 910 1957 eum:
959 1905 1080 1972 ‘ego
1124 1907 1241 1958 scio
1278 1906 1423 1971 quod
1458 1905 1728 1956 Reuchlin

213 2005 328 2041 non
361 1989 532 2040 habet
564 1993 671 2042 tibi
706 1991 837 2042 dare
874 1991 1197 2056 pecuniam,
1246 1995 1301 2041 et
1335 1993 1396 2040 tu
1434 2006 1492 2040 es
1528 1991 1610 2039 ita
1645 1994 1727 2039 te-

214 2075 482 2128 merarius
520 2075 664 2141 quod
697 2076 784 2126 vis
821 2075 926 2126 tibi
961 2079 1137 2126 totum
1172 2073 1417 2124 ordinem
1454 2073 1524 2124 ad
1546 2074 1729 2124 inimi-

224 2160 408 2212 citiam
441 2161 686 2212 facere?
730 2161 936 2212 Postea
975 2163 1243 2211 est-unus
1290 2159 1461 2224 alius,
1510 2160 1729 2212 scilicet

223 2243 403 2296 doctor
438 2246 715 2296 Martinus
741 2246 1059 2311 Groningen
1096 2247 1191 2311 qui
1226 2244 1392 2296 debet
1424 2247 1726 2296 transferre

217 2329 511 2396 Speculum
571 2330 827 2382 Oculare.
918 2331 1039 2396 Ego
1093 2330 1349 2382 intellexi
1407 2329 1553 2394 quod
1606 2330 1726 2380 Ma·

221 2416 390 2478 gister
455 2417 645 2464 noster
699 2415 934 2467 Iacobus
1002 2414 1160 2464 dabit
1224 2415 1278 2463 ei
1347 2417 1566 2464 centum
1632 2413 1727 2464 du-

227 2501 372 2548 catos
427 2499 487 2548 in
545 2497 790 2564 occulto,
852 2499 996 2564 quod
1045 2496 1373 2549 falsificabit
1430 2496 1727 2563 Speculum

225 2581 470 2636 oculare:
521 2588 576 2634 et
619 2585 668 2634 si
711 2585 912 2648 faciet,
959 2587 1091 2634 tunc
1138 2583 1293 2633 eritis
1328 2583 1585 2634 victores,
1654 2583 1729 2630 Et

220 2683 374 2732 spero
447 2669 592 2731 quod
657 2669 756 2720 ille
823 2667 1015 2718 doctor
1078 2666 1269 2718 faciet.
1370 2667 1457 2714 De
1522 2665 1729 2714 talibus
