1942 3109
419 236 522 291 320
591 253 1061 292 munau-nomas
1100 254 1431 295 onscvnon.
1460 258 1830 299 nnvcnmmct

1136 513 1219 564 39.

698 616 748 674 (Ι
793 613 1165 698 Agrippa
1208 612 1683 698 Stygianus

819 715 1421 767 Subbunculatori
1462 734 1595 769 suo

1046 799 1122 850 .S.
1158 801 1219 850 P.
1256 801 1330 852 D.

525 919 696 984 Tace,
730 919 934 983 bestia,
969 922 1117 982 tace,
1154 920 1407 985 inquam,
1445 921 1663 987 bestia,
1704 923 1773 986 qui
1798 929 1830 964 ι’

422 1019 525 1068 pus
562 1020 621 1054 es
669 1005 789 1054 sine
827 1008 1052 1071 pectore
1089 1007 1145 1054 et
1179 1002 1384 1053 nodum
1421 1005 1489 1055 in
1529 1023 1719 1072 scyrpo
1747 1015 1830 1068 quer-

421 1088 551 1138 Noli
609 1091 882 1154 metuere,
940 1105 1011 1139 ne
1069 1103 1180 1138 non
1238 1102 1419 1152 regna
1484 1091 1609 1140 sint
1650 1091 1831 1140 inferam

421 1173 678 1235 Faciam,
736 1172 967 1238 Georgi,
1026 1177 1089 1222 ut
1142 1170 1252 1222 mei
1295 1177 1589 1237 perpetuo
1636 1167 1831 1223 memineri

422 1272 562 1307 neve
599 1259 658 1305 in
692 1260 748 1306 te
785 1255 1031 1308 docendo
1066 1271 1291 1322 operam
1324 1254 1547 1309 lusisse
1583 1259 1773 1316 videar,
1799 1257 1831 1298 tr*

421 1341 569 1390 intra
624 1339 741 1390 dies
785 1356 999 1390 mecum
1044 1355 1166 1390 cum
1214 1338 1455 1389 Plutone
1512 1341 1776 1410 cenitabis.
1814 1331 1831 1382 'ss

425 1426 568 1474 enim
637 1423 703 1473 de
765 1421 1008 1488 Cocyto,
1077 1423 1423 1488 Acheronte,
1498 1426 1714 1496 Letheo
1766 1427 1831 1472 aus*

424 1505 619 1569 Stygia
664 1506 894 1570 palude,
942 1507 1382 1573 Phlegethonte,
1429 1508 1629 1561 Furiis
1674 1497 1828 1560 inferna?-

419 1591 544 1654 buS,
581 1590 820 1641 Tantalo
859 1591 1026 1641 etiam
1064 1607 1132 1641 ac
1168 1590 1405 1656 Sysipho
1443 1599 1671 1644 eertum
1701 1589 1828 1644 iudici&

423 1675 601 1726 dabis.
681 1675 760 1725 Te
821 1689 1041 1740 quoque
1087 1691 1186 1741 per
1229 1676 1363 1726 deos
1424 1677 1765 1729 immortales.
1794 1679 1828 1729 [θ

427 1764 620 1826 caput,
674 1775 773 1825 per
818 1759 1005 1824 fidem,
1052 1775 1259 1832 perque
1305 1761 1523 1812 inferos
1570 1776 1749 1812 omnes
1776 1753 1829 1803 6⁹¹

425 1851 567 1910 stor,
625 1849 688 1894 ut
741 1845 1037 1911 epistolam
1094 1842 1164 1894 ad
1207 1859 1291 1894 me
1339 1848 1499 1894 tuam
1546 1845 1763 1895 flammis
1794 1845 1829 1884 tl

422 1931 612 1979 festim
657 1928 873 1993 tradas,
934 1944 1003 1978 ne
1050 1928 1322 1992 Theologi
1377 1928 1546 1978 illam
1601 1930 1811 1994 legentes

422 2017 708 2079 poetarum
755 2011 1032 2078 figmentis
1081 2015 1395 2076 corruptum
1443 2011 1673 2078 dicant,
1714 2011 1829 2060 omno¹

425 2113 531 2162 que
570 2115 637 2148 ex
674 2097 789 2148 illis
825 2112 1066 2147 errorum
1104 2096 1378 2146 sentinam
1412 2095 1657 2148 hauriri.
1720 2091 1826 2144 Vah
