1942 3109
329 233 424 285 172
461 234 840 285 rei-narcoam
857 245 1096 285 narsus.
1122 243 1339 284 conus
1360 243 1567 282 nuos.
1590 248 1857 288 o.v.1300.

461 405 896 458 Exclamatio
935 404 1015 455 ad
1062 418 1371 456 summum
1418 405 1719 466 pontifi-

464 508 601 546 cem
649 495 706 544 et
751 491 822 542 ad
865 505 1052 542 omnes
1099 490 1268 540 totius
1315 487 1559 560 ecclesie
1598 505 1722 562 pre-

1009 574 1175 627 sides,

426 681 485 748 ’(1
525 698 572 749 Ο
598 698 922 748 beatissime
953 699 1133 760 pater,
1155 695 1394 746 omnium
1416 709 1667 747 errorum
1690 699 1843 748 extir-

328 788 490 851 pator
527 786 583 834 et
610 783 834 850 celestis
859 781 1020 847 regni
1046 779 1296 844 claviger
1334 778 1381 829 O
1408 781 1843 853 reverendissimi

329 866 687 931 cardinales,
727 867 1039 918 clarissima
1074 863 1261 916 mundi
1296 864 1511 914 lumina
1548 865 1599 916 O
1624 865 1845 930 piissimi

327 954 503 1004 totius
551 952 854 1020 christiane
899 951 1193 1017 religionis
1248 949 1561 1013 antistites,
1618 951 1673 1001 si
1724 949 1845 1019 hec¹1

216 1035 311 1102 tlij
333 1039 470 1090 fiunt
517 1039 574 1089 in
620 1037 812 1102 viridi,
859 1035 993 1112 quid
1036 1035 1259 1086 tandem
1308 1033 1405 1084 fiet
1446 1035 1506 1085 in
1540 1035 1737 1087 arido?
1806 1038 1850 1087 Ο

329 1125 582 1189 pontifex
601 1125 808 1188 optime
827 1117 1084 1183 maxime,
1107 1121 1156 1170 si
1180 1123 1294 1170 tam
1318 1118 1637 1184 nephandas
1661 1125 1857 1173 stante

329 1209 464 1260 istic
509 1209 610 1259 lite
657 1223 752 1259 cor
755 1223 844 1257 am
887 1206 1191 1256 sanctitate
1236 1207 1337 1254 tua
1384 1220 1421 1255 a
1454 1202 1859 1257 Reuohlinistis

331 1294 690 1362 preventione
735 1307 974 1356 nequam
1020 1296 1077 1342 et
1120 1290 1441 1356 apostatico
1487 1303 1631 1340 ausu
1664 1307 1857 1358 perpe-

327 1384 574 1441 trantur,
632 1378 764 1442 quid
809 1377 1045 1446 obsecro
1089 1375 1301 1426 facturi
1346 1378 1477 1426 sunt
1516 1379 1757 1442 postea,
1814 1379 1857 1427 si

331 1463 459 1513 fidei
503 1464 821 1526 negocium,
877 1477 912 1510 a
960 1461 1151 1511 multis
1196 1475 1343 1510 nunc
1390 1460 1859 1512 universitatibus

329 1546 719 1597 doctrinaliter
753 1545 1029 1609 decisum,
1076 1559 1268 1596 veram
1311 1544 1545 1611 iusticie
1586 1549 1861 1597 executio-

330 1646 455 1680 nem
499 1645 610 1681 non
667 1633 1076 1694 consequatur?
1154 1630 1294 1681 Nam
1347 1629 1682 1696 ubicunque
1735 1633 1864 1682 talis

333 1731 402 1767 ac
456 1719 572 1766 tam
625 1714 970 1781 caliginosus
1022 1715 1205 1766 fumus
1262 1715 1553 1779 insperato
1618 1717 1866 1778 exhalat,

331 1801 600 1853 maximus
635 1802 715 1852 ibi
743 1801 1035 1852 confestim
1058 1804 1295 1866 exurgat
1318 1800 1468 1865 ignis
1496 1803 1587 1850 est
1608 1815 1866 1855 neeesse.

232 1875 236 1880 ’
331 1887 477 1950 quod
521 1903 590 1936 ne
634 1885 734 1936 fiat
776 1890 870 1953 tue
918 1885 1027 1934 erit
1078 1884 1401 1941 sanctitatis
1457 1891 1865 1952 quamprimum

329 1971 638 2037 providere.
709 1971 880 2023 Faxit
913 1984 1131 2034 quoque
1167 1969 1329 2033 deus,
1366 1984 1437 2018 ne
1472 1974 1755 2024 veterum
1791 1975 1869 2023 aut

331 2059 741 2108 eliminatorum
775 2056 947 2107 sectis
984 2070 1130 2106 nova
1164 2069 1312 2104 nunc
1344 2053 1869 2109 Reuehlinietarum
1901 2097 1902 2104 ,

329 2146 488 2192 secta
523 2141 956 2207 superaddatur,
994 2156 1137 2220 neue
1172 2139 1485 2206 posteriora
1522 2141 1659 2192 sint
1686 2143 1867 2211 priori-

328 2227 434 2275 bus
468 2226 632 2288 longe
667 2224 964 2274 deteriora.
1037 2239 1225 2276 verum
1260 2224 1369 2274 hac
1404 2221 1473 2274 de
1510 2239 1581 2276 re
1618 2231 1803 2280 satis.

463 2360 898 2427 Expurgatio
935 2360 1219 2428 infamie
1259 2375 1364 2426 que
1400 2359 1539 2408 mihi
1578 2363 1754 2416 falso

467 2465 534 2498 ex
567 2447 838 2496 instinctu
861 2445 1153 2514 Iudeorum
1189 2461 1223 2495 a
1257 2445 1541 2510 perversis
1572 2446 1755 2500 Chri-

778 2531 980 2582 stianis
1018 2534 1104 2582 est
1137 2531 1413 2594 imposita.

434 2638 487 2697 (I
531 2647 652 2696 Iam
697 2647 1034 2711 audivimus,
1092 2648 1359 2711 quomodo
1406 2652 1615 2700 auctor
1670 2655 1869 2718 episto-

329 2729 508 2781 larum
545 2731 899 2782 obscurorum
933 2732 1177 2784 virorum
1212 2733 1373 2783 deum
1418 2735 1872 2802 omnipotentem
