1942 3109
247 229 346 280 176
422 243 713 280 ennom:
739 218 1117 281 onscvnonvu
1134 243 1388 281 vmonvu
1414 245 1592 281 πονε.

247 353 304 398 et
350 348 633 400 dixerunt:
691 349 820 400 ‘Per
875 348 1065 413 deum,
1122 352 1227 400 iste
1276 348 1544 401 Ortvinu's
1601 348 1778 399 habet

245 449 501 498 magnum
549 436 678 484 cor'.
759 436 874 486 Vos
931 434 1149 485 debetis
1197 435 1341 485 scire
1388 432 1532 496 quod
1576 432 1671 482 hic
1719 435 1778 482 in

247 515 416 568 Curia
449 517 702 569 Romana
736 533 848 570 non
887 523 972 570 est
1008 520 1158 569 sicut
1194 519 1361 582 alibi,
1399 522 1456 568 et
1490 519 1640 566 sicut
1674 533 1775 568 vos

241 603 486 667 putatiS,
522 603 619 653 sed
654 617 797 654 unus
833 619 945 654 una
981 604 1107 656 vice
1146 603 1399 653 lucratur
1424 605 1481 652 et
1506 601 1623 651 alia
1646 601 1773 652 vice

243 686 443 751 perdit.
512 687 588 737 Et
628 688 766 739 licet
813 689 1019 751 aliquis
1066 688 1238 738 habet
1284 685 1583 751 aliquando
1632 683 1773 735 duas

241 771 334 822 vel
369 775 482 822 tres
519 773 829 824 sententias
864 788 963 838 pro
1000 789 1090 836 se,
1137 775 1325 822 tamen
1372 770 1551 821 adhuc
1586 773 1774 834 potest

242 855 469 919 perdere
508 855 683 907 litem.
755 856 864 909 Sed
899 857 1135 922 potestis
1172 855 1384 906 dicere:
1434 853 1611 920 ‘Papa
1646 869 1768 918 per-

243 939 396 989 misit
428 940 573 1004 quod
600 940 899 1007 Speculum
925 941 1169 992 Oculare
1206 939 1372 989 debet
1404 938 1599 1002 vendi,
1638 938 1769 1002 legi,

243 1028 300 1073 et
332 1025 607 1089 imprimi’.
681 1026 825 1088 Quid
861 1030 996 1076 tunc
1042 1027 1161 1076 est?
1209 1022 1269 1074 Si
1312 1023 1590 1089 permisit,
1641 1038 1767 1086 ergo

241 1125 351 1160 non
409 1114 594 1175 potest
651 1112 850 1162 iterum
908 1109 1237 1176 prohibere?
1307 1107 1431 1158 Non
1490 1109 1768 1170 sequitur:

241 1195 374 1257 quia
421 1195 812 1246 sanctissimus
858 1195 1032 1245 habet
1076 1195 1411 1259 potestatem
1454 1179 1671 1256 ligandi
1719 1195 1773 1241 et

239 1277 518 1342 solvendi,
557 1282 614 1328 et
648 1294 757 1330 non
793 1279 960 1328 debet
997 1278 1229 1343 corrigit
1278 1277 1412 1342 quia
1446 1276 1620 1329 habet
1654 1275 1771 1341 ple·

238 1363 453 1412 nariam
487 1364 852 1428 potestatem,
900 1363 995 1412 hic
1032 1366 1087 1412 et
1130 1350 1368 1426 ubique,
1416 1361 1563 1410 sicut
1608 1361 1771 1410 scitis

242 1463 309 1498 ex
356 1449 678 1514 evangelio,
737 1449 870 1512 quia
921 1447 1259 1497 mirabiliter
1314 1447 1451 1496 estis
1497 1443 1771 1499 solidatus

241 1533 299 1580 in
335 1545 499 1582 sacra
535 1533 831 1598 scriptura.
905 1529 1015 1583 Sed
1061 1547 1163 1598 ego
1208 1532 1337 1582 volo
1384 1529 1637 1595 allegare
1674 1529 1767 1578 Ius

243 1617 588 1667 canonicum.
668 1615 852 1666 Primo
901 1615 1045 1681 quod
1088 1616 1248 1680 Papa
1294 1615 1510 1666 obtin‘et
1562 1614 1769 1680 princi·

238 1705 430 1765 patum
465 1699 639 1750 totius
677 1699 868 1765 Orbis,
921 1715 1017 1750 ,1x.
1058 1715 1110 1765 q.
1148 1713 1267 1750 1111.
1308 1715 1357 1749 c.
1394 1697 1634 1750 ‘Cuncta
1671 1714 1770 1764 per

239 1783 528 1836 mundum'.
577 1785 652 1834 Et
674 1789 860 1853 potest
883 1785 1159 1850 deponere
1183 1784 1575 1848 Imperatorem
1600 1783 1770 1847 solus,

241 1871 410 1919 etiam
446 1871 566 1920 sine
605 1869 886 1934 Concilio,
935 1874 1001 1919 ut
1046 1869 1185 1918 dicit
1219 1868 1378 1933 glosa
1414 1870 1479 1917 in*
1511 1865 1651 1933 Cap.
1674 1865 1775 1916 ‘Ad

239 1953 581 2021 Apostolice'
617 1955 702 2004 De
759 1953 1050 2007 Sententia
1107 1957 1165 2004 et
1216 1953 1295 2004 Re
1348 1951 1615 2002 iudicata.
1699 1951 1776 2000 Et

239 2037 476 2088 habetur
513 2053 598 2088 .11.
649 2053 702 2103 q.
737 2053 818 2088 v1.
867 2037 970 2090 ‘De
1020 2037 1241 2090 cet'ero'.
1323 2037 1399 2086 Et
1450 2035 1610 2102 Papa
1664 2051 1773 2087 non

241 2126 328 2172 est
362 2123 463 2173 sub
500 2123 656 2187 lege,
694 2123 792 2173 sed
827 2122 946 2188 ipse
988 2126 1074 2174 est
1109 2124 1199 2174 lex
1227 2122 1477 2172 animata
1500 2121 1560 2170 in
1584 2123 1771 2186 terrie,

239 2213 302 2254 ut
345 2206 582 2256 habetur
629 2207 686 2255 in
723 2207 883 2270 glosa
921 2221 1086 2272 super
1124 2207 1373 2272 capitulo
1410 2218 1506 2259 ‚XL
1545 2205 1613 2256 de
1651 2205 1773 2256 offi-

243 2290 328 2340 cio
362 2287 574 2340 Iudicis
619 2289 886 2356 delegati.
958 2291 1033 2342 Et
1076 2293 1125 2342 si
1169 2293 1328 2358 Papa
1376 2294 1461 2342 est
1505 2269 1777 2356 1ex‚‘p0-

240 2377 352 2426 test
395 2374 586 2424 facere
611 2375 755 2438 -quid
790 2376 913 2426 vult
949 2381 1007 2426 et
1041 2377 1312 2426 neminem
1345 2375 1646 2440 respicere.
1700 2375 1777 2424 Et

241 2459 496 2524 quamvis
543 2460 714 2511 semel
761 2460 902 2510 dixit
945 2460 1082 2525 ‘ita'‚
1132 2465 1318 2510 tamen
1352 2455 1550 2526 postea
1586 2463 1777 2526 potest

239 2544 425 2594 dicere
475 2541 639 2594 ‘non'.
721 2545 794 2593 Et
839 2545 1055 2595 debetis
1102 2546 1309 2596 habere
1353 2545 1557 2595 bonam
1605 2543 1775 2595 confi-

238 2628 511 2678 dentiam:
551 2630 684 2694 quia
721 2643 896 2694 nuper
933 2629 1123 2680 audivi
1158 2629 1251 2678 hic
1290 2645 1356 2680 ex
1380 2641 1489 2678 uno
1516 2628 1775 2680 auditore

239 2713 412 2780 Rote,
461 2715 555 2777 qui
603 2717 690 2762 est
724 2714 809 2763 vir
853 2713 1147 2778 notabilia,
1196 2717 1251 2762 et
1296 2713 1467 2762 habet
1511 2727 1773 2778 magnam
