1942 3109
176 1257 256 1311 ffib

282 276 349 329 86
420 292 799 329 Pnrnmcomu
826 290 1300 327 DEFERS.00NTBA
1325 288 1532 326 rums.
1549 292 1610 327 Ο.
1627 295 1826 338 VAE'PP.

282 398 646 463 defendendo,
682 402 746 449 ut
778 399 891 449 iam
916 396 1356 448 Christianorum
1391 400 1450 448 et
1483 397 1822 454 honestatis

284 484 505 550 penitus
544 487 694 535 esset
726 484 952 533 oblitus.

389 561 442 619 (I
480 569 715 619 Octavo.
780 569 978 621 scribit
1021 583 1082 619 se
1126 567 1336 619 nullius
1383 568 1636 621 hominis
1689 590 1817 624 eon·

284 659 503 721 tempta
548 654 839 719 scripsisse
878 670 947 703 ac
996 654 1054 703 in
1101 654 1514 718 quinquaginta
1559 670 1670 707 sex
1721 675 1812 709 an-

286 742 375 790 nis
423 739 649 791 nullum·
690 738 911 789 doctum
956 736 1155 804 lesisse
1193 740 1268 787 ‚et
1293 752 1340 785 c.
1413 736 1542 788 Hoc
1605 742 1800 793 falsum

291 828 408 888 est,
468 824 603 887 quia
663 825 721 872 in
782 839 913 890 ceco
972 820 1188 873 oculari
1239 836 1339 872 suo
1387 824 1628 887 speculo
1679 841 1785 875 cum

286 907 635 974 appendiciis
681 908 939 958 invectus
985 910 1073 957 est
1117 907 1358 971 turpiter
1415 910 1472 957 et
1531 909 1799 976 impiiesxte

284 995 343 1043 in
398 996 613 1060 patrem
660 992 990 1059 Gregorium
1044 992 1282 1055 priorem
1327 990 1518 1042 domus
1567 994 1808 1045 Cartha·

284 1080 485 1129 siensis
544 1094 715 1143 prope
760 1080 1192 1143 Friburgensem
1252 1077 1556 1139 civitatem,
1622 1080 1817 1133 virum

286 1162 801 1227 religiosissimum,
847 1160 1228 1212 doctissimum
1273 1165 1330 1211 et
1367 1160 1638 1227 optimum.
1677 1160 1768 1209 Et
1801 1162 1814 1227 (
1912 1208 1913 1215 ,

286 1248 345 1296 in
391 1247 607 1313 signum
652 1248 911 1298 veritatis
970 1245 1116 1310 quod
1171 1247 1277 1297 hoc
1320 1245 1549 1307 feceris,
1608 1243 1819 1297 fecisti

284 1347 505 1383 manum
540 1330 767 1396 depingi
810 1332 882 1381 ad
908 1332 1258 1396 ·marginem,
1307 1335 1368 1381 ut
1411 1334 1506 1395 tue
1543 1328 1812 1395 maligni·

286 1418 396 1466 tati
441 1416 820 1466 satisfaceres.
895 1414 1004 1466 Sed
1051 1430 1220 1480 quare
1277 1416 1506 1465 obsecro
1558 1418 1805 1466 contem·

283 1500 447 1565 psisti
500 1500 670 1547 talem
728 1515 795 1547 ae
848 1503 1065 1549 tantum
1123 1500 1300 1551 virum
1359 1498 1405 1547 Ο
1466 1500 1532 1549 tu
1589 1499 1802 1551 Reueh-

210 1650 215 1655 .
283 1584 392 1647 lin,
431 1584 543 1633 nisi
579 1583 710 1645 quia
746 1599 815 1633 ex
850 1584 1113 1636 mandato
1149 1582 1500 1647 imperatoris
1541 1598 1668 1634 cum
1687 1585 1800 1633 suis

286 1668 547 1733 collegis,
604 1668 742 1717 viris
794 1670 1048 1733 profecto
1096 1667 1456 1731 clarissimis,
1523 1672 1801 1719 conterra-

284 1753 405 1803 neis
444 1745 661 1818 quoque
698 1754 838 1818 tuis,
888 1758 943 1804 et
978 1752 1476 1819 supranominatiS,
1517 1754 1620 1817 qui
1651 1757 1793 1801 tuum

282 1838 657 1889 theutonicum
692 1838 833 1886 bene
870 1838 1308 1905 intellexerunt,
1334 1837 1804 1889 consultationem

283 1926 437 1973 tuam
482 1936 593 1971 non
640 1921 999 1985 approbavit,
1045 1920 1192 1971 sicut
1236 1924 1394 1985 patet
1438 1922 1499 1971 in
1547 1923 1811 1973 articulis

286 2010 381 2072 qui
415 2010 545 2059 sunt
579 2022 749 2073 penes
772 2007 1185 2073 imperatoriam
1209 2006 1569 2069 maiestatem,
1609 2021 1815 2068 quem-

286 2092 573 2145 admodum
600 2095 767 2143 etiam
792 2091 1168 2158 supradictum
1194 2094 1296 2143 est.
1373 2082 1426 2141 (s
1453 2088 1586 2143 Item
1606 2088 1824 2157 lesisti

284 2192 371 2225 me
406 2176 707 2239 proditorie
743 2177 802 2223 in
840 2176 1250 2227 consultatione
1285 2180 1402 2228 tua.
1439 2176 1494 2225 id
1532 2172 1681 2237 quod
1721 2176 1818 2227 fa-

288 2274 413 2309 cere
449 2272 558 2307 non
593 2256 891 2321 debueras,
940 2259 1088 2307 sicut
1134 2260 1246 2309 iam
1281 2262 1465 2311 statim
1502 2258 1650 2308 satis
1689 2262 1820 2311 suf-

284 2343 538 2394 ficienter
583 2345 669 2391 est
713 2343 1022 2406 probatum.
1082 2349 1358 2409 postremo
1395 2342 1574 2411 lesisti
1607 2356 1822 2396 omnes

286 2428 542 2479 doctores
590 2426 827 2495 ecclesie
875 2431 931 2478 et
978 2431 1152 2479 totam
1189 2428 1702 2490 christianitatem,
1761 2430 1822 2478 id

268 2504 434 2575 'quod
466 2513 645 2561 maius
681 2513 791 2563 fuit
826 2527 992 2577 quam
1017 2515 1065 2565 si
1087 2526 1256 2563 unum
1278 2515 1527 2581 lesisses.
1602 2502 1655 2560 (I
1695 2514 1818 2564 Ta.-

292 2610 391 2645 ceo
430 2594 695 2659 quomodo
728 2596 888 2647 brevi
922 2601 1168 2660 tempore
1204 2598 1301 2645 uni
1337 2612 1406 2646 ex
1429 2597 1636 2647 nostris
1665 2598 1818 2647 ami-

288 2694 474 2729 corum
519 2692 740 2729 suorum
787 2681 1038 2730 scribens
1083 2681 1310 2745 gavisus
1369 2683 1447 2730 sit
1501 2680 1567 2731 de
1625 2686 1822 2732 morte

281 2762 690 2829 Archipresulis
748 2762 1094 2827 Moguntini,
1153 2763 1577 2829 Archiepiscopi
1637 2762 1822 2817 Colo-
