1942 3109
455 219 584 254 v01..
611 219 652 252 1.
722 213 763 256 3.
799 217 1147 252 ‘amatunam
1172 217 1507 254 pzmnmror.
1710 203 1745 253 9

951 320 1014 378 3.

223 421 618 507 Magister
660 423 1191 488 Ber'nhardus
1238 421 1737 508 Plumilegus

518 527 848 594 Magistro
888 529 1177 580 Ortvino
1214 528 1450 578 Gratio

595 612 840 664 Salutem
878 614 1015 664 dicit
1050 614 1358 678 plurimam.

321 733 466 782 ‘Mus
491 733 654 782 miser
679 738 765 783 est
789 737 950 784 antro
976 734 1071 796 qui
1096 733 1270 784 solnm
1294 733 1569 784 clauditur
1590 736 1735 784 uno'.

221 819 316 869 sie
361 820 536 868 etiam
579 833 800 882 possum
843 818 1033 868 dicere
1066 817 1135 868 de
1168 834 1253 868 me
1288 834 1411 868 cum
1446 824 1735 884 supporta-

217 906 390 965 tione,
425 904 770 954 venerabilis
803 904 908 966 vir,
943 903 1076 966 quia
1112 918 1285 952 essem
1318 918 1531 968 pauper
1562 905 1613 954 ai
1636 905 1733 954 ha-

217 990 406 1039 berem
425 993 644 1038 tantum
669 1003 836 1038 unum
861 987 1116 1051 amicum,
1151 991 1207 1037 et
1230 987 1449 1051 quando
1473 988 1569 1038 ille
1593 1005 1733 1038 unus

220 1073 548 1137 superdaret
577 1090 683 1136 me,
717 1077 856 1124 tunc
887 1088 998 1122 non
1021 1073 1280 1122 haberem
1304 1073 1493 1136 alium,
1532 1075 1627 1136 qui
1646 1089 1731 1124 me

222 1161 492 1207 tractaret
525 1158 916 1208 amicabiliter.
978 1157 1137 1206 Siout
1154 1171 1300 1208 nunc
1324 1157 1543 1221 quidam
1568 1163 1732 1222 poeta

219 1243 310 1292 hic
346 1245 442 1306 qui
475 1249 708 1294 vocatur
737 1241 972 1293 Geor-ius
1008 1241 1251 1306 Sibutua,
1288 1246 1346 1292 et
1380 1247 1464 1292 eat
1498 1258 1637 1292 unua
1662 1259 1731 1293 ex

215 1330 400 1393 poetis
442 1329 818 1394 semlai-ibae,
846 1316 922 1376 ’et
965 1326 1105 1391 legit
1148 1327 1369 1392 publice
1404 1329 1462 1378 in
1498 1329 1731 1392 poetria,

217 1419 276 1464 et
309 1417 399 1464 est
433 1413 576 1464 alias
609 1414 786 1463 bonus
821 1413 1027 1462 socius.
1096 1411 1205 1462 Sed
1238 1413 1385 1461 sieut
1416 1427 1515 1464 voa
1550 1414 1728 1474 scitia,

211 1501 312 1548 isti
347 1503 512 1565 poete
549 1497 768 1560 quando
801 1505 914 1548 non
949 1499 1079 1546 aunt
1115 1497 1281 1546 etiam
1316 1497 1558 1562 theologi
1582 1498 1730 1548 sieut

209 1599 334 1648 vos,
371 1599 588 1647 semper
620 1585 814 1634 volunt
846 1581 1240 1646 reprehendere
1269 1582 1429 1644 aliea,
1466 1586 1522 1632 et
1544 1583 1727 1647 parvi·

211 1668 466 1734 pendunt
497 1669 822 1733 Theologoa.
891 1668 966 1716 Et
998 1668 1169 1718 semel
1202 1669 1260 1717 in
1292 1683 1404 1717 una
1439 1667 1645 1717 zeeeha
1668 1667 1729 1716 in

209 1754 376 1804 domo
409 1767 539 1816 aua,
593 1751 810 1817 quando
845 1752 1085 1802 bibimus
1122 1752 1445 1804 cerevisiam
1480 1753 1728 1818 Tur-gen-

211 1855 350 1901 aem,
391 1843 448 1888 et
481 1837 716 1888 sedimus
750 1853 926 1902 usque
959 1837 1029 1886 ad
1053 1837 1274 1887 tertiam
1298 1837 1505 1901 horam,
1539 1841 1599 1886 >et
1623 1848 1725 1902 ego

207 1925 295 1974 fui
329 1922 600 1973 modicum
635 1923 838 1987 emina,
876 1923 1009 1986 quia
1042 1922 1143 1972 illa
1178 1922 1451 1972 cerevisia
1474 1920 1728 1972 ascendit

209 2009 346 2057 mihi
370 2009 430 2057 in
469 2011 668 2071 eaput:
701 2013 836 2058 tuno
869 2008 981 2056 fuit
1014 2007 1097 2057 ibi
1126 2022 1269 2056 unus
1306 2007 1403 2071 qui
1437 2006 1577 2058 alias
1614 2022 1724 2057 non

209 2094 372 2144 stetit
414 2093 556 2143 bene
600 2107 841 2155 meeum,
889 2096 946 2142 et
990 2107 1091 2157 ego
1138 2093 1429 2156 apportavi
1474 2093 1525 2142 ei
1557 2107 1724 2142 unum

209 2177 446 2228 medium
487 2181 800 2241 cantarum,
839 2180 898 2227 et
929 2179 1049 2241 ipse
1087 2177 1321 2241 accepit.
1387 2176 1483 2226 sed
1526 2181 1721 2242 postea

205 2278 320 2313 non
365 2262 549 2313 voluit
592 2263 726 2312 mihi
769 2261 950 2312 simile
996 2263 1203 2312 facere.
1262 2265 1319 2311 et
1350 2265 1439 2310 ter
1472 2261 1724 2312 eavisavi

205 2363 351 2412 eum,
390 2351 450 2396 et
485 2362 596 2396 non
620 2347 800 2398 voluit
822 2346 956 2396 mihi
978 2345 1325 2411 respondere,
1352 2349 1409 2395 et
1432 2346 1574 2396 sedit
1598 2361 1719 2398 eum

203 2432 440 2482 silentio
477 2434 536 2480 et
567 2431 703 2480 nihil
738 2431 893 2480 dixIt.
933 2435 1070 2480 tune
1106 2445 1209 2494 ego
1246 2431 1517 2492 cogitavi:
1554 2430 1723 2476 ‘Eece

205 2517 316 2566 iate
355 2515 506 2564 alias
543 2515 752 2577 spernit
783 2517 862 2575 te,
899 2518 955 2562 et
992 2517 1077 2562 est
1112 2511 1401 2573 superbus,
1436 2510 1493 2556 et
1516 2517 1731 2566 semper

211 2599 339 2649 vult
373 2602 434 2646 te
463 2595 834 2645 confundere'.
871 2595 945 2642 Et
968 2595 1053 2642 fui
1079 2593 1377 2640 commotus
1400 2590 1461 2634 in
1486 2589 1566 2633 ira
1589 2593 1737 2632 mea,

213 2687 272 2732 et
333 2680 536 2743 accepi
593 2665 883 2727 nautarum
941 2680 999 2724 et
1042 2672 1294 2736 percussi
1339 2669 1391 2714 ei
1438 2664 1509 2711 ad
1556 2658 1743 2716 caput-
