<?xml version="1.0" encoding="UTF-8"?>
<!DOCTYPE html PUBLIC "-//W3C//DTD XHTML 1.0 Transitional//EN"
    "http://www.w3.org/TR/xhtml1/DTD/xhtml1-transitional.dtd">
<html xmlns="http://www.w3.org/1999/xhtml" xml:lang="en" lang="en">
 <head>
  <title>
</title>
<meta http-equiv="Content-Type" content="text/html;charset=utf-8" />
  <meta name='ocr-system' content='tesseract 3.04.00' />
  <meta name='ocr-capabilities' content='ocr_page ocr_carea ocr_par ocr_line ocrx_word'/>
</head>
<body>
  <div class='ocr_page' id='page_1' title='image "./epistolaeobscur00huttgoog_0069.png"; bbox 0 0 1942 3109; ppageno 0'>
   <div class='ocr_carea' id='block_1_1' title="bbox 251 227 1507 279">
    <p class='ocr_par' dir='ltr' id='par_1_1' title="bbox 251 227 1507 279">
     <span class='ocr_line' id='line_1_1' title="bbox 251 227 1507 279; baseline -0.001 -2"><span class='ocrx_word' id='word_1_1' title='bbox 251 227 318 278; x_wconf 88' lang='lat'><strong>58</strong></span> <span class='ocrx_word' id='word_1_2' title='bbox 507 243 798 278; x_wconf 64' lang='lat' dir='ltr'><strong>Ems&#39;ronffl</strong></span> <span class='ocrx_word' id='word_1_3' title='bbox 836 241 1202 278; x_wconf 71' lang='lat' dir='ltr'><strong>onscvnonvn</strong></span> <span class='ocrx_word' id='word_1_4' title='bbox 1238 242 1507 279; x_wconf 72' lang='lat' dir='ltr'><strong>vnzonvu.</strong></span> 
     </span>
    </p>
   </div>
   <div class='ocr_carea' id='block_1_2' title="bbox 253 345 1854 2771">
    <p class='ocr_par' dir='ltr' id='par_1_2' title="bbox 253 345 1854 2771">
     <span class='ocr_line' id='line_1_2' title="bbox 253 345 1773 412; baseline 0 -16"><span class='ocrx_word' id='word_1_5' title='bbox 253 346 400 410; x_wconf 86' lang='lat' dir='ltr'><strong>quod</strong></span> <span class='ocrx_word' id='word_1_6' title='bbox 423 363 526 412; x_wconf 84' lang='lat' dir='ltr'><strong>ego</strong></span> <span class='ocrx_word' id='word_1_7' title='bbox 551 347 831 410; x_wconf 83' lang='lat' dir='ltr'><strong>acquisivi</strong></span> <span class='ocrx_word' id='word_1_8' title='bbox 853 346 1109 396; x_wconf 74' lang='lat' dir='ltr'><strong>notitiam</strong></span> <span class='ocrx_word' id='word_1_9' title='bbox 1136 361 1259 397; x_wconf 89' lang='lat' dir='ltr'><strong>cum</strong></span> <span class='ocrx_word' id='word_1_10' title='bbox 1284 363 1370 411; x_wconf 85' lang='lat' dir='ltr'><strong>ea,</strong></span> <span class='ocrx_word' id='word_1_11' title='bbox 1398 348 1530 411; x_wconf 84' lang='lat' dir='ltr'><strong>quia</strong></span> <span class='ocrx_word' id='word_1_12' title='bbox 1548 345 1773 410; x_wconf 77' lang='lat' dir='ltr'><strong>quidam</strong></span> 
     </span>
     <span class='ocr_line' id='line_1_3' title="bbox 253 429 1773 497; baseline -0.001 -17"><span class='ocrx_word' id='word_1_13' title='bbox 253 430 578 481; x_wconf 70' lang='lat' dir='ltr'><strong>domicellus</strong></span> <span class='ocrx_word' id='word_1_14' title='bbox 605 433 702 495; x_wconf 87' lang='lat' dir='ltr'><strong>qui</strong></span> <span class='ocrx_word' id='word_1_15' title='bbox 738 432 848 481; x_wconf 87' lang='lat' dir='ltr'><strong>fuit</strong></span> <span class='ocrx_word' id='word_1_16' title='bbox 880 436 1044 482; x_wconf 85' lang='lat' dir='ltr'><strong>notus</strong></span> <span class='ocrx_word' id='word_1_17' title='bbox 1069 429 1337 497; x_wconf 88' lang='lat' dir='ltr'><strong>pontifici,</strong></span> <span class='ocrx_word' id='word_1_18' title='bbox 1374 431 1645 497; x_wconf 80' lang='lat' dir='ltr'><strong>promovit</strong></span> <span class='ocrx_word' id='word_1_19' title='bbox 1666 446 1773 480; x_wconf 85' lang='lat' dir='ltr'><strong>me.</strong></span> 
     </span>
     <span class='ocr_line' id='line_1_4' title="bbox 253 515 1780 581; baseline 0 -17"><span class='ocrx_word' id='word_1_20' title='bbox 253 515 329 564; x_wconf 89' lang='lat' dir='ltr'><strong>Et</strong></span> <span class='ocrx_word' id='word_1_21' title='bbox 364 532 466 581; x_wconf 85' lang='lat' dir='ltr'><strong>ego</strong></span> <span class='ocrx_word' id='word_1_22' title='bbox 503 517 688 566; x_wconf 77' lang='lat' dir='ltr'><strong>statim</strong></span> <span class='ocrx_word' id='word_1_23' title='bbox 726 517 910 581; x_wconf 89' lang='lat' dir='ltr'><strong>incepi</strong></span> <span class='ocrx_word' id='word_1_24' title='bbox 943 531 1066 566; x_wconf 88' lang='lat' dir='ltr'><strong>eam</strong></span> <span class='ocrx_word' id='word_1_25' title='bbox 1089 516 1253 567; x_wconf 82' lang='lat' dir='ltr'><strong>valde</strong></span> <span class='ocrx_word' id='word_1_26' title='bbox 1280 531 1485 580; x_wconf 86' lang='lat' dir='ltr'><strong>amare,</strong></span> <span class='ocrx_word' id='word_1_27' title='bbox 1520 517 1603 566; x_wconf 84' lang='lat' dir='ltr'><strong>ita</strong></span> <span class='ocrx_word' id='word_1_28' title='bbox 1628 515 1780 578; x_wconf 85' lang='lat' dir='ltr'><strong>quod</strong></span> 
     </span>
     <span class='ocr_line' id='line_1_5' title="bbox 253 599 1780 664; baseline 0.001 -15"><span class='ocrx_word' id='word_1_29' title='bbox 253 615 364 649; x_wconf 89' lang='lat' dir='ltr'><strong>non</strong></span> <span class='ocrx_word' id='word_1_30' title='bbox 399 601 541 650; x_wconf 86' lang='lat' dir='ltr'><strong>scivi</strong></span> <span class='ocrx_word' id='word_1_31' title='bbox 577 600 787 663; x_wconf 82' lang='lat' dir='ltr'><strong>aliquid</strong></span> <span class='ocrx_word' id='word_1_32' title='bbox 821 601 1010 650; x_wconf 87' lang='lat' dir='ltr'><strong>facere</strong></span> <span class='ocrx_word' id='word_1_33' title='bbox 1045 603 1104 650; x_wconf 91' lang='lat' dir='ltr'><strong>in</strong></span> <span class='ocrx_word' id='word_1_34' title='bbox 1138 600 1246 664; x_wconf 90' lang='lat' dir='ltr'><strong>die,</strong></span> <span class='ocrx_word' id='word_1_35' title='bbox 1286 605 1341 650; x_wconf 86' lang='lat' dir='ltr'><strong>et</strong></span> <span class='ocrx_word' id='word_1_36' title='bbox 1374 599 1442 650; x_wconf 88' lang='lat' dir='ltr'><strong>de</strong></span> <span class='ocrx_word' id='word_1_37' title='bbox 1475 604 1637 650; x_wconf 87' lang='lat' dir='ltr'><strong>nocte</strong></span> <span class='ocrx_word' id='word_1_38' title='bbox 1663 616 1780 650; x_wconf 93' lang='lat' dir='ltr'><strong>non</strong></span> 
     </span>
     <span class='ocr_line' id='line_1_6' title="bbox 255 683 1781 749; baseline 0.001 -16"><span class='ocrx_word' id='word_1_39' title='bbox 255 685 408 749; x_wconf 87' lang='lat' dir='ltr'><strong>potui</strong></span> <span class='ocrx_word' id='word_1_40' title='bbox 429 683 680 734; x_wconf 87' lang='lat' dir='ltr'><strong>dormire.</strong></span> <span class='ocrx_word' id='word_1_41' title='bbox 720 683 828 734; x_wconf 85' lang='lat' dir='ltr'><strong>Sed</strong></span> <span class='ocrx_word' id='word_1_42' title='bbox 858 685 1079 748; x_wconf 87' lang='lat' dir='ltr'><strong>quando</strong></span> <span class='ocrx_word' id='word_1_43' title='bbox 1100 685 1351 748; x_wconf 85' lang='lat' dir='ltr'><strong>dormivi,</strong></span> <span class='ocrx_word' id='word_1_44' title='bbox 1376 691 1509 734; x_wconf 84' lang='lat' dir='ltr'><strong>tunc</strong></span> <span class='ocrx_word' id='word_1_45' title='bbox 1536 684 1781 735; x_wconf 82' lang='lat' dir='ltr'><strong>clamavi</strong></span> 
     </span>
     <span class='ocr_line' id='line_1_7' title="bbox 255 767 1783 834; baseline 0 -16"><span class='ocrx_word' id='word_1_46' title='bbox 255 768 504 831; x_wconf 84' lang='lat' dir='ltr'><strong>inlecto:</strong></span> <span class='ocrx_word' id='word_1_47' title='bbox 527 767 844 832; x_wconf 83' lang='lat' dir='ltr'><strong>‘Dorothea,</strong></span> <span class='ocrx_word' id='word_1_48' title='bbox 869 771 1170 834; x_wconf 84' lang='lat' dir='ltr'><strong>Dorothea,</strong></span> <span class='ocrx_word' id='word_1_49' title='bbox 1194 769 1510 833; x_wconf 84' lang='lat' dir='ltr'><strong>Dorothea&#39;,</strong></span> <span class='ocrx_word' id='word_1_50' title='bbox 1533 769 1613 818; x_wconf 87' lang='lat' dir='ltr'><strong>ita</strong></span> <span class='ocrx_word' id='word_1_51' title='bbox 1634 769 1783 832; x_wconf 88' lang='lat' dir='ltr'><strong>quod</strong></span> 
     </span>
     <span class='ocr_line' id='line_1_8' title="bbox 269 854 1779 916; baseline 0.002 -14"><span class='ocrx_word' id='word_1_52' title='bbox 269 854 408 902; x_wconf 88' lang='lat' dir='ltr'><strong>socii</strong></span> <span class='ocrx_word' id='word_1_53' title='bbox 434 855 530 916; x_wconf 89' lang='lat' dir='ltr'><strong>qui</strong></span> <span class='ocrx_word' id='word_1_54' title='bbox 565 857 718 902; x_wconf 85' lang='lat' dir='ltr'><strong>stant</strong></span> <span class='ocrx_word' id='word_1_55' title='bbox 751 854 809 903; x_wconf 89' lang='lat' dir='ltr'><strong>in</strong></span> <span class='ocrx_word' id='word_1_56' title='bbox 843 854 1012 904; x_wconf 84' lang='lat' dir='ltr'><strong>bursa</strong></span> <span class='ocrx_word' id='word_1_57' title='bbox 1049 854 1405 906; x_wconf 84' lang='lat' dir='ltr'><strong>audiverunt:</strong></span> <span class='ocrx_word' id='word_1_58' title='bbox 1444 858 1501 904; x_wconf 85' lang='lat' dir='ltr'><strong>et</strong></span> <span class='ocrx_word' id='word_1_59' title='bbox 1526 869 1779 904; x_wconf 85' lang='lat' dir='ltr'><strong>surrexe-</strong></span> 
     </span>
     <span class='ocr_line' id='line_1_9' title="bbox 257 927 1783 1003; baseline 0.002 -19"><span class='ocrx_word' id='word_1_60' title='bbox 257 941 384 986; x_wconf 86' lang='lat' dir='ltr'><strong>runt</strong></span> <span class='ocrx_word' id='word_1_61' title='bbox 425 940 481 986; x_wconf 91' lang='lat' dir='ltr'><strong>et</strong></span> <span class='ocrx_word' id='word_1_62' title='bbox 515 935 774 986; x_wconf 87' lang='lat' dir='ltr'><strong>dixerunt</strong></span> <span class='ocrx_word' id='word_1_63' title='bbox 809 927 975 988; x_wconf 65' lang='lat' dir='ltr'><strong>mihi?</strong></span> <span class='ocrx_word' id='word_1_64' title='bbox 1026 937 1277 988; x_wconf 87' lang='lat' dir='ltr'><strong>‘Domine</strong></span> <span class='ocrx_word' id='word_1_65' title='bbox 1313 938 1605 1003; x_wconf 86' lang='lat' dir='ltr'><strong>magister,</strong></span> <span class='ocrx_word' id='word_1_66' title='bbox 1646 938 1783 1002; x_wconf 87' lang='lat' dir='ltr'><strong>quid</strong></span> 
     </span>
     <span class='ocr_line' id='line_1_10' title="bbox 258 1021 1780 1083; baseline 0.001 -13"><span class='ocrx_word' id='word_1_67' title='bbox 258 1021 429 1071; x_wconf 86' lang='lat' dir='ltr'><strong>vultis</strong></span> <span class='ocrx_word' id='word_1_68' title='bbox 457 1021 601 1083; x_wconf 88' lang='lat' dir='ltr'><strong>quod</strong></span> <span class='ocrx_word' id='word_1_69' title='bbox 622 1022 705 1070; x_wconf 86' lang='lat' dir='ltr'><strong>sic</strong></span> <span class='ocrx_word' id='word_1_70' title='bbox 730 1021 1023 1072; x_wconf 78' lang='lat' dir='ltr'><strong>clamatis?</strong></span> <span class='ocrx_word' id='word_1_71' title='bbox 1062 1021 1123 1071; x_wconf 85' lang='lat' dir='ltr'><strong>Si</strong></span> <span class='ocrx_word' id='word_1_72' title='bbox 1157 1023 1327 1072; x_wconf 84' lang='lat' dir='ltr'><strong>vultis</strong></span> <span class='ocrx_word' id='word_1_73' title='bbox 1366 1022 1780 1072; x_wconf 81' lang='lat' dir='ltr'><strong>confessionem</strong></span> 
     </span>
     <span class='ocr_line' id='line_1_11' title="bbox 261 1104 1783 1169; baseline 0.001 -14"><span class='ocrx_word' id='word_1_74' title='bbox 261 1105 479 1168; x_wconf 87' lang='lat' dir='ltr'><strong>facere,</strong></span> <span class='ocrx_word' id='word_1_75' title='bbox 518 1108 650 1154; x_wconf 85' lang='lat' dir='ltr'><strong>tunc</strong></span> <span class='ocrx_word' id='word_1_76' title='bbox 686 1105 939 1156; x_wconf 87' lang='lat' dir='ltr'><strong>volumus</strong></span> <span class='ocrx_word' id='word_1_77' title='bbox 988 1105 1185 1156; x_wconf 86' lang='lat' dir='ltr'><strong>afferre</strong></span> <span class='ocrx_word' id='word_1_78' title='bbox 1222 1104 1609 1156; x_wconf 84' lang='lat' dir='ltr'><strong>sacerdotem&#39;:</strong></span> <span class='ocrx_word' id='word_1_79' title='bbox 1647 1108 1783 1169; x_wconf 86' lang='lat' dir='ltr'><strong>quia</strong></span> 
     </span>
     <span class='ocr_line' id='line_1_12' title="bbox 259 1189 1854 1261; baseline 0.001 -23"><span class='ocrx_word' id='word_1_80' title='bbox 259 1193 596 1254; x_wconf 85' lang='lat' dir='ltr'><strong>putaverunt</strong></span> <span class='ocrx_word' id='word_1_81' title='bbox 631 1189 775 1252; x_wconf 89' lang='lat' dir='ltr'><strong>quod</strong></span> <span class='ocrx_word' id='word_1_82' title='bbox 809 1205 987 1240; x_wconf 83' lang='lat' dir='ltr'><strong>essem</strong></span> <span class='ocrx_word' id='word_1_83' title='bbox 1022 1191 1081 1239; x_wconf 89' lang='lat' dir='ltr'><strong>in</strong></span> <span class='ocrx_word' id='word_1_84' title='bbox 1105 1189 1342 1240; x_wconf 86' lang='lat' dir='ltr'><strong>articulo</strong></span> <span class='ocrx_word' id='word_1_85' title='bbox 1366 1191 1579 1254; x_wconf 85' lang='lat' dir='ltr'><strong>mortis,</strong></span> <span class='ocrx_word' id='word_1_86' title='bbox 1618 1192 1784 1240; x_wconf 90' lang='lat' dir='ltr'><strong>etin-</strong></span> <span class='ocrx_word' id='word_1_87' title='bbox 1845 1257 1854 1261; x_wconf 40' lang='grc'>-</span> 
     </span>
     <span class='ocr_line' id='line_1_13' title="bbox 258 1274 1784 1324; baseline 0 0"><span class='ocrx_word' id='word_1_88' title='bbox 258 1287 518 1324; x_wconf 84' lang='lat' dir='ltr'><strong>vocarem</strong></span> <span class='ocrx_word' id='word_1_89' title='bbox 561 1277 814 1324; x_wconf 85' lang='lat' dir='ltr'><strong>sanctam</strong></span> <span class='ocrx_word' id='word_1_90' title='bbox 846 1274 1182 1323; x_wconf 72' lang='lat' dir='ltr'><strong>Dorotheum</strong></span> <span class='ocrx_word' id='word_1_91' title='bbox 1228 1289 1350 1324; x_wconf 89' lang='lat' dir='ltr'><strong>cum</strong></span> <span class='ocrx_word' id='word_1_92' title='bbox 1386 1274 1514 1324; x_wconf 85' lang='lat' dir='ltr'><strong>aliis</strong></span> <span class='ocrx_word' id='word_1_93' title='bbox 1551 1276 1784 1324; x_wconf 85' lang='lat' dir='ltr'><strong>sanctis.</strong></span> 
     </span>
     <span class='ocr_line' id='line_1_14' title="bbox 260 1356 1786 1422; baseline 0.001 -16"><span class='ocrx_word' id='word_1_94' title='bbox 260 1357 335 1406; x_wconf 84' lang='lat' dir='ltr'><strong>Et</strong></span> <span class='ocrx_word' id='word_1_95' title='bbox 378 1373 480 1422; x_wconf 86' lang='lat' dir='ltr'><strong>ego</strong></span> <span class='ocrx_word' id='word_1_96' title='bbox 528 1358 819 1408; x_wconf 84' lang='lat' dir='ltr'><strong>erubescui</strong></span> <span class='ocrx_word' id='word_1_97' title='bbox 861 1358 1045 1410; x_wconf 81' lang='lat' dir='ltr'><strong>valde.</strong></span> <span class='ocrx_word' id='word_1_98' title='bbox 1118 1356 1227 1408; x_wconf 85' lang='lat' dir='ltr'><strong>Sed</strong></span> <span class='ocrx_word' id='word_1_99' title='bbox 1271 1357 1488 1421; x_wconf 84' lang='lat' dir='ltr'><strong>quando</strong></span> <span class='ocrx_word' id='word_1_100' title='bbox 1533 1357 1664 1409; x_wconf 85' lang='lat' dir='ltr'><strong>veni</strong></span> <span class='ocrx_word' id='word_1_101' title='bbox 1712 1358 1786 1408; x_wconf 88' lang='lat' dir='ltr'><strong>ad</strong></span> 
     </span>
     <span class='ocr_line' id='line_1_15' title="bbox 259 1441 1786 1507; baseline 0.001 -15"><span class='ocrx_word' id='word_1_102' title='bbox 259 1441 418 1492; x_wconf 84' lang='lat' dir='ltr'><strong>illam</strong></span> <span class='ocrx_word' id='word_1_103' title='bbox 455 1442 751 1505; x_wconf 81' lang='lat' dir='ltr'><strong>amasiam,</strong></span> <span class='ocrx_word' id='word_1_104' title='bbox 788 1446 921 1491; x_wconf 87' lang='lat' dir='ltr'><strong>tunc</strong></span> <span class='ocrx_word' id='word_1_105' title='bbox 957 1457 1173 1507; x_wconf 78' lang='lat' dir='ltr'><strong>semper</strong></span> <span class='ocrx_word' id='word_1_106' title='bbox 1208 1441 1291 1491; x_wconf 84' lang='lat' dir='ltr'><strong>fui</strong></span> <span class='ocrx_word' id='word_1_107' title='bbox 1324 1443 1403 1491; x_wconf 86' lang='lat' dir='ltr'><strong>ita</strong></span> <span class='ocrx_word' id='word_1_108' title='bbox 1437 1443 1786 1506; x_wconf 87' lang='lat' dir='ltr'><strong>perterritus,</strong></span> 
     </span>
     <span class='ocr_line' id='line_1_16' title="bbox 265 1523 1785 1591; baseline 0.001 -17"><span class='ocrx_word' id='word_1_109' title='bbox 265 1525 412 1589; x_wconf 91' lang='lat' dir='ltr'><strong>quod</strong></span> <span class='ocrx_word' id='word_1_110' title='bbox 445 1540 556 1575; x_wconf 90' lang='lat' dir='ltr'><strong>non</strong></span> <span class='ocrx_word' id='word_1_111' title='bbox 590 1527 744 1591; x_wconf 84' lang='lat' dir='ltr'><strong>potui</strong></span> <span class='ocrx_word' id='word_1_112' title='bbox 770 1541 892 1576; x_wconf 88' lang='lat' dir='ltr'><strong>eam</strong></span> <span class='ocrx_word' id='word_1_113' title='bbox 918 1527 1189 1590; x_wconf 74' lang='lat' dir='ltr'><strong>aspicere,</strong></span> <span class='ocrx_word' id='word_1_114' title='bbox 1228 1530 1285 1575; x_wconf 85' lang='lat' dir='ltr'><strong>et</strong></span> <span class='ocrx_word' id='word_1_115' title='bbox 1308 1525 1391 1575; x_wconf 89' lang='lat' dir='ltr'><strong>fui</strong></span> <span class='ocrx_word' id='word_1_116' title='bbox 1416 1523 1785 1578; x_wconf 84' lang='lat' dir='ltr'><strong>rubicundus:</strong></span> 
     </span>
     <span class='ocr_line' id='line_1_17' title="bbox 263 1608 1786 1674; baseline 0.001 -16"><span class='ocrx_word' id='word_1_117' title='bbox 263 1614 398 1658; x_wconf 85' lang='lat' dir='ltr'><strong>tunc</strong></span> <span class='ocrx_word' id='word_1_118' title='bbox 421 1611 546 1674; x_wconf 85' lang='lat' dir='ltr'><strong>ipsa</strong></span> <span class='ocrx_word' id='word_1_119' title='bbox 565 1608 733 1659; x_wconf 85' lang='lat' dir='ltr'><strong>dixit:</strong></span> <span class='ocrx_word' id='word_1_120' title='bbox 749 1649 756 1655; x_wconf 91' lang='lat'><em>.</em></span> <span class='ocrx_word' id='word_1_121' title='bbox 773 1608 877 1659; x_wconf 88' lang='lat' dir='ltr'><strong>‘Ah</strong></span> <span class='ocrx_word' id='word_1_122' title='bbox 900 1609 1115 1659; x_wconf 86' lang='lat' dir='ltr'><strong>domine</strong></span> <span class='ocrx_word' id='word_1_123' title='bbox 1140 1610 1427 1674; x_wconf 81' lang='lat' dir='ltr'><strong>magister,</strong></span> <span class='ocrx_word' id='word_1_124' title='bbox 1453 1624 1623 1673; x_wconf 85' lang='lat' dir='ltr'><strong>quare</strong></span> <span class='ocrx_word' id='word_1_125' title='bbox 1651 1613 1786 1661; x_wconf 83' lang='lat' dir='ltr'><strong>estis</strong></span> 
     </span>
     <span class='ocr_line' id='line_1_18' title="bbox 263 1692 1788 1761; baseline 0.001 -19"><span class='ocrx_word' id='word_1_126' title='bbox 263 1695 349 1743; x_wconf 84' lang='lat' dir='ltr'><strong>ita</strong></span> <span class='ocrx_word' id='word_1_127' title='bbox 377 1692 787 1744; x_wconf 54' lang='lat' dir='ltr'><strong>verecundus?</strong></span> <span class='ocrx_word' id='word_1_128' title='bbox 856 1693 930 1742; x_wconf 88' lang='lat' dir='ltr'><strong>Et</strong></span> <span class='ocrx_word' id='word_1_129' title='bbox 975 1709 1107 1761; x_wconf 77' lang='lat' dir='ltr'><strong>sepe</strong></span> <span class='ocrx_word' id='word_1_130' title='bbox 1155 1694 1520 1760; x_wconf 85' lang='lat' dir='ltr'><strong>interrogavit</strong></span> <span class='ocrx_word' id='word_1_131' title='bbox 1564 1709 1649 1744; x_wconf 90' lang='lat' dir='ltr'><strong>me</strong></span> <span class='ocrx_word' id='word_1_132' title='bbox 1696 1710 1788 1744; x_wconf 87' lang='lat' dir='ltr'><strong>ra—</strong></span> 
     </span>
     <span class='ocr_line' id='line_1_19' title="bbox 264 1774 1787 1843; baseline 0.001 -17"><span class='ocrx_word' id='word_1_133' title='bbox 264 1774 485 1828; x_wconf 85' lang='lat' dir='ltr'><strong>tionem.</strong></span> <span class='ocrx_word' id='word_1_134' title='bbox 566 1777 641 1826; x_wconf 83' lang='lat' dir='ltr'><strong>Et</strong></span> <span class='ocrx_word' id='word_1_135' title='bbox 695 1793 797 1843; x_wconf 84' lang='lat' dir='ltr'><strong>ego</strong></span> <span class='ocrx_word' id='word_1_136' title='bbox 843 1777 959 1828; x_wconf 81' lang='lat' dir='ltr'><strong>dixi</strong></span> <span class='ocrx_word' id='word_1_137' title='bbox 1006 1777 1151 1841; x_wconf 88' lang='lat' dir='ltr'><strong>quod</strong></span> <span class='ocrx_word' id='word_1_138' title='bbox 1195 1793 1304 1828; x_wconf 90' lang='lat' dir='ltr'><strong>non</strong></span> <span class='ocrx_word' id='word_1_139' title='bbox 1350 1777 1524 1829; x_wconf 83' lang='lat' dir='ltr'><strong>audeo</strong></span> <span class='ocrx_word' id='word_1_140' title='bbox 1570 1775 1787 1829; x_wconf 66' lang='lat' dir='ltr'><strong>diceret</strong></span> 
     </span>
     <span class='ocr_line' id='line_1_20' title="bbox 264 1861 1785 1928; baseline 0.001 -16"><span class='ocrx_word' id='word_1_141' title='bbox 264 1861 363 1912; x_wconf 83' lang='lat' dir='ltr'><strong>sed</strong></span> <span class='ocrx_word' id='word_1_142' title='bbox 397 1864 523 1927; x_wconf 84' lang='lat' dir='ltr'><strong>ipsa</strong></span> <span class='ocrx_word' id='word_1_143' title='bbox 556 1861 737 1913; x_wconf 88' lang='lat' dir='ltr'><strong>voluit</strong></span> <span class='ocrx_word' id='word_1_144' title='bbox 761 1863 924 1926; x_wconf 86' lang='lat' dir='ltr'><strong>scire,</strong></span> <span class='ocrx_word' id='word_1_145' title='bbox 963 1866 1021 1912; x_wconf 90' lang='lat' dir='ltr'><strong>et</strong></span> <span class='ocrx_word' id='word_1_146' title='bbox 1044 1877 1153 1912; x_wconf 89' lang='lat' dir='ltr'><strong>non</strong></span> <span class='ocrx_word' id='word_1_147' title='bbox 1176 1863 1355 1913; x_wconf 82' lang='lat' dir='ltr'><strong>voluit</strong></span> <span class='ocrx_word' id='word_1_148' title='bbox 1378 1879 1462 1912; x_wconf 90' lang='lat' dir='ltr'><strong>me</strong></span> <span class='ocrx_word' id='word_1_149' title='bbox 1488 1861 1785 1928; x_wconf 83' lang='lat' dir='ltr'><strong>dimittere,</strong></span> 
     </span>
     <span class='ocr_line' id='line_1_21' title="bbox 262 1944 1790 2010; baseline 0 -13"><span class='ocrx_word' id='word_1_150' title='bbox 262 1948 373 1997; x_wconf 83' lang='lat' dir='ltr'><strong>nisi</strong></span> <span class='ocrx_word' id='word_1_151' title='bbox 417 1945 622 1997; x_wconf 89' lang='lat' dir='ltr'><strong>vellem</strong></span> <span class='ocrx_word' id='word_1_152' title='bbox 667 1945 850 1996; x_wconf 82' lang='lat' dir='ltr'><strong>dicere</strong></span> <span class='ocrx_word' id='word_1_153' title='bbox 887 1944 969 2008; x_wconf 87' lang='lat' dir='ltr'><strong>ei;</strong></span> <span class='ocrx_word' id='word_1_154' title='bbox 1018 1950 1074 1996; x_wconf 84' lang='lat' dir='ltr'><strong>et</strong></span> <span class='ocrx_word' id='word_1_155' title='bbox 1108 1946 1249 1996; x_wconf 84' lang='lat' dir='ltr'><strong>dixit</strong></span> <span class='ocrx_word' id='word_1_156' title='bbox 1287 1946 1433 2010; x_wconf 89' lang='lat' dir='ltr'><strong>quod</strong></span> <span class='ocrx_word' id='word_1_157' title='bbox 1466 1961 1578 1997; x_wconf 91' lang='lat' dir='ltr'><strong>non</strong></span> <span class='ocrx_word' id='word_1_158' title='bbox 1612 1946 1790 1998; x_wconf 89' lang='lat' dir='ltr'><strong>vellet</strong></span> 
     </span>
     <span class='ocr_line' id='line_1_22' title="bbox 261 2030 1789 2097; baseline 0.001 -17"><span class='ocrx_word' id='word_1_159' title='bbox 261 2032 436 2081; x_wconf 83' lang='lat' dir='ltr'><strong>irasci</strong></span> <span class='ocrx_word' id='word_1_160' title='bbox 472 2045 638 2095; x_wconf 85' lang='lat' dir='ltr'><strong>super</strong></span> <span class='ocrx_word' id='word_1_161' title='bbox 669 2046 775 2094; x_wconf 88' lang='lat' dir='ltr'><strong>me,</strong></span> <span class='ocrx_word' id='word_1_162' title='bbox 814 2031 982 2080; x_wconf 82' lang='lat' dir='ltr'><strong>etiam</strong></span> <span class='ocrx_word' id='word_1_163' title='bbox 1006 2031 1055 2080; x_wconf 85' lang='lat' dir='ltr'><strong>si</strong></span> <span class='ocrx_word' id='word_1_164' title='bbox 1080 2030 1317 2081; x_wconf 85' lang='lat' dir='ltr'><strong>dicerem</strong></span> <span class='ocrx_word' id='word_1_165' title='bbox 1339 2045 1505 2081; x_wconf 88' lang='lat' dir='ltr'><strong>unam</strong></span> <span class='ocrx_word' id='word_1_166' title='bbox 1529 2047 1789 2097; x_wconf 87' lang='lat' dir='ltr'><strong>magnam</strong></span> 
     </span>
     <span class='ocr_line' id='line_1_23' title="bbox 261 2115 1791 2181; baseline -0.001 -16"><span class='ocrx_word' id='word_1_167' title='bbox 261 2115 588 2181; x_wconf 84' lang='lat' dir='ltr'><strong>nequitiam.</strong></span> <span class='ocrx_word' id='word_1_168' title='bbox 660 2115 818 2164; x_wconf 87' lang='lat' dir='ltr'><strong>Tunc</strong></span> <span class='ocrx_word' id='word_1_169' title='bbox 862 2115 1035 2165; x_wconf 84' lang='lat' dir='ltr'><strong>semel</strong></span> <span class='ocrx_word' id='word_1_170' title='bbox 1070 2115 1153 2165; x_wconf 85' lang='lat' dir='ltr'><strong>fui</strong></span> <span class='ocrx_word' id='word_1_171' title='bbox 1190 2115 1399 2180; x_wconf 82' lang='lat' dir='ltr'><strong>audax,</strong></span> <span class='ocrx_word' id='word_1_172' title='bbox 1448 2119 1505 2164; x_wconf 81' lang='lat' dir='ltr'><strong>et</strong></span> <span class='ocrx_word' id='word_1_173' title='bbox 1539 2115 1791 2166; x_wconf 84' lang='lat' dir='ltr'><strong>revelavi</strong></span> 
     </span>
     <span class='ocr_line' id='line_1_24' title="bbox 265 2198 1789 2264; baseline -0.001 -14"><span class='ocrx_word' id='word_1_174' title='bbox 265 2201 316 2250; x_wconf 90' lang='lat' dir='ltr'><strong>ei</strong></span> <span class='ocrx_word' id='word_1_175' title='bbox 363 2203 582 2250; x_wconf 83' lang='lat' dir='ltr'><strong>secreta</strong></span> <span class='ocrx_word' id='word_1_176' title='bbox 625 2214 765 2250; x_wconf 83' lang='lat' dir='ltr'><strong>mea.</strong></span> <span class='ocrx_word' id='word_1_177' title='bbox 848 2200 994 2262; x_wconf 82' lang='lat' dir='ltr'><strong>Quia</strong></span> <span class='ocrx_word' id='word_1_178' title='bbox 1046 2214 1145 2250; x_wconf 87' lang='lat' dir='ltr'><strong>vos</strong></span> <span class='ocrx_word' id='word_1_179' title='bbox 1191 2198 1409 2250; x_wconf 78' lang='lat' dir='ltr'><strong>dixistis</strong></span> <span class='ocrx_word' id='word_1_180' title='bbox 1454 2200 1593 2250; x_wconf 89' lang='lat' dir='ltr'><strong>mihi</strong></span> <span class='ocrx_word' id='word_1_181' title='bbox 1638 2200 1789 2264; x_wconf 89' lang='lat' dir='ltr'><strong>olim,</strong></span> 
     </span>
     <span class='ocr_line' id='line_1_25' title="bbox 266 2282 1792 2348; baseline 0 -14"><span class='ocrx_word' id='word_1_182' title='bbox 266 2283 485 2348; x_wconf 82' lang='lat' dir='ltr'><strong>quando</strong></span> <span class='ocrx_word' id='word_1_183' title='bbox 531 2284 745 2348; x_wconf 74' lang='lat' dir='ltr'><strong>legistis</strong></span> <span class='ocrx_word' id='word_1_184' title='bbox 783 2282 1043 2334; x_wconf 86' lang='lat' dir='ltr'><strong>Ovidium</strong></span> <span class='ocrx_word' id='word_1_185' title='bbox 1079 2283 1145 2332; x_wconf 89' lang='lat' dir='ltr'><strong>de</strong></span> <span class='ocrx_word' id='word_1_186' title='bbox 1184 2287 1303 2333; x_wconf 87' lang='lat' dir='ltr'><strong>arte</strong></span> <span class='ocrx_word' id='word_1_187' title='bbox 1343 2283 1594 2348; x_wconf 85' lang='lat' dir='ltr'><strong>amandi,</strong></span> <span class='ocrx_word' id='word_1_188' title='bbox 1641 2283 1792 2348; x_wconf 86' lang='lat' dir='ltr'><strong>quod</strong></span> 
     </span>
     <span class='ocr_line' id='line_1_26' title="bbox 265 2365 1789 2419; baseline 0 0"><span class='ocrx_word' id='word_1_189' title='bbox 265 2373 539 2419; x_wconf 80' lang='lat' dir='ltr'><strong>amatores</strong></span> <span class='ocrx_word' id='word_1_190' title='bbox 577 2367 780 2417; x_wconf 89' lang='lat' dir='ltr'><strong>debent</strong></span> <span class='ocrx_word' id='word_1_191' title='bbox 814 2383 937 2418; x_wconf 83' lang='lat' dir='ltr'><strong>esse</strong></span> <span class='ocrx_word' id='word_1_192' title='bbox 971 2366 1138 2418; x_wconf 85' lang='lat' dir='ltr'><strong>valde</strong></span> <span class='ocrx_word' id='word_1_193' title='bbox 1177 2365 1415 2418; x_wconf 83' lang='lat' dir='ltr'><strong>audaces</strong></span> <span class='ocrx_word' id='word_1_194' title='bbox 1440 2369 1587 2419; x_wconf 86' lang='lat' dir='ltr'><strong>sicut</strong></span> <span class='ocrx_word' id='word_1_195' title='bbox 1609 2367 1789 2419; x_wconf 86' lang='lat' dir='ltr'><strong>bella-</strong></span> 
     </span>
     <span class='ocr_line' id='line_1_27' title="bbox 263 2451 1789 2516; baseline 0.001 -14"><span class='ocrx_word' id='word_1_196' title='bbox 263 2458 430 2515; x_wconf 83' lang='lat' dir='ltr'><strong>tores,</strong></span> <span class='ocrx_word' id='word_1_197' title='bbox 469 2453 614 2502; x_wconf 82' lang='lat' dir='ltr'><strong>alias</strong></span> <span class='ocrx_word' id='word_1_198' title='bbox 649 2452 790 2502; x_wconf 90' lang='lat' dir='ltr'><strong>nihil</strong></span> <span class='ocrx_word' id='word_1_199' title='bbox 827 2455 913 2502; x_wconf 80' lang='lat' dir='ltr'><strong>est</strong></span> <span class='ocrx_word' id='word_1_200' title='bbox 949 2467 1073 2502; x_wconf 86' lang='lat' dir='ltr'><strong>cum</strong></span> <span class='ocrx_word' id='word_1_201' title='bbox 1099 2452 1255 2516; x_wconf 87' lang='lat' dir='ltr'><strong>ipsis.</strong></span> <span class='ocrx_word' id='word_1_202' title='bbox 1302 2451 1376 2500; x_wconf 85' lang='lat' dir='ltr'><strong>Et</strong></span> <span class='ocrx_word' id='word_1_203' title='bbox 1399 2451 1514 2502; x_wconf 83' lang='lat' dir='ltr'><strong>dixi</strong></span> <span class='ocrx_word' id='word_1_204' title='bbox 1536 2453 1619 2502; x_wconf 83' lang='lat' dir='ltr'><strong>ei:</strong></span> <span class='ocrx_word' id='word_1_205' title='bbox 1658 2451 1789 2503; x_wconf 89' lang='lat' dir='ltr'><strong>‘Do-</strong></span> 
     </span>
     <span class='ocr_line' id='line_1_28' title="bbox 261 2533 1789 2602; baseline 0 -16"><span class='ocrx_word' id='word_1_206' title='bbox 261 2539 412 2588; x_wconf 84' lang='lat' dir='ltr'><strong>mina</strong></span> <span class='ocrx_word' id='word_1_207' title='bbox 436 2533 560 2587; x_wconf 83' lang='lat' dir='ltr'><strong>mea</strong></span> <span class='ocrx_word' id='word_1_208' title='bbox 583 2535 904 2601; x_wconf 82' lang='lat' dir='ltr'><strong>reverenda,</strong></span> <span class='ocrx_word' id='word_1_209' title='bbox 929 2538 1179 2601; x_wconf 87' lang='lat' dir='ltr'><strong>parcatis</strong></span> <span class='ocrx_word' id='word_1_210' title='bbox 1202 2535 1338 2586; x_wconf 91' lang='lat' dir='ltr'><strong>mihi</strong></span> <span class='ocrx_word' id='word_1_211' title='bbox 1359 2541 1583 2602; x_wconf 82' lang='lat' dir='ltr'><strong>propter</strong></span> <span class='ocrx_word' id='word_1_212' title='bbox 1606 2536 1789 2600; x_wconf 86' lang='lat' dir='ltr'><strong>deum,</strong></span> 
     </span>
     <span class='ocr_line' id='line_1_29' title="bbox 265 2621 1790 2686; baseline 0 -15"><span class='ocrx_word' id='word_1_213' title='bbox 265 2625 322 2671; x_wconf 83' lang='lat' dir='ltr'><strong>et</strong></span> <span class='ocrx_word' id='word_1_214' title='bbox 367 2625 589 2686; x_wconf 84' lang='lat' dir='ltr'><strong>propter</strong></span> <span class='ocrx_word' id='word_1_215' title='bbox 633 2621 892 2671; x_wconf 90' lang='lat' dir='ltr'><strong>honorem</strong></span> <span class='ocrx_word' id='word_1_216' title='bbox 937 2636 1150 2672; x_wconf 86' lang='lat' dir='ltr'><strong>omnem</strong></span> <span class='ocrx_word' id='word_1_217' title='bbox 1193 2625 1465 2684; x_wconf 79' lang='lat' dir='ltr'><strong>vestrum,</strong></span> <span class='ocrx_word' id='word_1_218' title='bbox 1515 2636 1617 2686; x_wconf 85' lang='lat' dir='ltr'><strong>ego</strong></span> <span class='ocrx_word' id='word_1_219' title='bbox 1668 2637 1790 2672; x_wconf 87' lang='lat' dir='ltr'><strong>amo</strong></span> 
     </span>
     <span class='ocr_line' id='line_1_30' title="bbox 263 2695 1791 2771; baseline 0 -15"><span class='ocrx_word' id='word_1_220' title='bbox 263 2721 390 2769; x_wconf 86' lang='lat' dir='ltr'><strong>vos,</strong></span> <span class='ocrx_word' id='word_1_221' title='bbox 439 2710 496 2756; x_wconf 86' lang='lat' dir='ltr'><strong>et</strong></span> <span class='ocrx_word' id='word_1_222' title='bbox 544 2705 691 2770; x_wconf 85' lang='lat' dir='ltr'><strong>elegi</strong></span> <span class='ocrx_word' id='word_1_223' title='bbox 724 2695 824 2755; x_wconf 83' lang='lat' dir='ltr'><strong>vos</strong></span> <span class='ocrx_word' id='word_1_224' title='bbox 859 2721 957 2771; x_wconf 74' lang='lat' dir='ltr'><strong>pre</strong></span> <span class='ocrx_word' id='word_1_225' title='bbox 997 2704 1125 2756; x_wconf 81' lang='lat' dir='ltr'><strong>filiis</strong></span> <span class='ocrx_word' id='word_1_226' title='bbox 1161 2705 1465 2769; x_wconf 84' lang='lat' dir='ltr'><strong>hominum,</strong></span> <span class='ocrx_word' id='word_1_227' title='bbox 1512 2707 1645 2769; x_wconf 86' lang='lat' dir='ltr'><strong>quia</strong></span> <span class='ocrx_word' id='word_1_228' title='bbox 1690 2721 1791 2758; x_wconf 81' lang='lat' dir='ltr'><strong>vos</strong></span> 
     </span>
    </p>
   </div>
   <div class='ocr_carea' id='block_1_3' title="bbox 1930 1411 1935 1972">
    <p class='ocr_par' dir='ltr' id='par_1_3' title="bbox 1930 1411 1935 1972">
     <span class='ocr_line' id='line_1_31' title="bbox 1930 1411 1935 1972; baseline 0 0"><span class='ocrx_word' id='word_1_229' title='bbox 1930 1411 1935 1972; x_wconf 95' lang='lat' dir='ltr'><strong> </strong></span> 
     </span>
    </p>
   </div>
  </div>
 </body>
</html>
