1942 3109
265 227 366 280 304
439 243 729 282 nmsmomn
753 245 1120 282 onscvnonvu
1146 245 1400 290 vrsonvu
1425 245 1603 281 novas.

264 349 526 413 posthac:
559 349 653 402 vel
687 351 894 403 faciam
927 366 1095 400 unam
1130 349 1352 416 longam
1388 350 1673 414 querelam
1708 352 1775 403 de

264 434 618 499 negligentiis
651 436 853 487 vestris
891 435 1212 486 commissis.
1282 435 1500 488 Valete.
1570 437 1779 488 Datum

265 519 450 584 Rome.
521 553 528 558 -

966 775 1061 828 47.

329 892 380 950 (Ι
423 889 708 953 Frater
749 889 1239 954 Benedictus
1287 889 1379 952 de
1426 891 1709 955 Scocia

551 994 884 1061 Magistro
924 993 1209 1045 Ortvino
1246 992 1488 1044 Gratio

265 1114 583 1166 Fraternali
627 1119 684 1164 et
729 1113 1038 1164 affectuosa
1081 1113 1380 1164 dilectione
1416 1115 1617 1166 salutis
1658 1115 1777 1164 loco

266 1201 564 1269 premissa:
601 1204 790 1250 notum
813 1199 965 1250 facio
999 1199 1157 1250 vobis
1192 1199 1339 1250 sicut
1374 1200 1597 1264 petitiS,
1636 1200 1779 1264 quod

269 1284 508 1349 epistola
557 1288 748 1335 vestra
800 1288 886 1334 est
941 1284 1077 1332 mihi
1133 1287 1456 1350 presentata
1514 1285 1573 1334 in
1632 1286 1779 1336 festo

271 1370 450 1420 sancti
484 1368 808 1432 Michaelis,
857 1373 914 1418 et
955 1368 1082 1419 volo
1119 1368 1448 1432 respondere
1486 1368 1556 1418 ad
1591 1371 1776 1434 proxi-

269 1469 386 1504 mas
420 1458 638 1504 vestras
675 1453 1069 1503 articulariter.
1126 1453 1308 1514 Primo
1346 1453 1575 1520 queritis
1605 1469 1777 1517 quare

269 1553 368 1588 nos
403 1539 606 1588 fratres
642 1536 1017 1604 predicatores
1044 1542 1331 1588 cantamus
1356 1537 1613 1602 grossiori
1635 1553 1772 1589 voce

271 1638 434 1687 quam
481 1622 581 1672 alii
625 1622 890 1686 religiosi.
961 1622 1103 1672 Dico
1150 1622 1295 1686 quod
1338 1637 1447 1674 non
1489 1621 1555 1670 ob
1602 1620 1777 1670 aliam

269 1708 538 1757 rationem
591 1710 724 1772 puto
779 1707 890 1756 nisi
933 1706 1077 1770 quod
1120 1708 1381 1758 scribitur
1424 1706 1593 1772 Esaie
1642 1721 1777 1758 ,ιιι

269 1791 584 1857 ‘Rugiemus
619 1793 783 1855 quasi
816 1793 931 1842 ursi
965 1808 1175 1856 omnes,
1222 1797 1279 1842 et
1322 1791 1485 1855 quasi
1530 1791 1777 1856 columbe

271 1879 582 1942 gememus'.
667 1877 742 1926 Et
791 1881 1083 1942 propterea
1138 1876 1297 1928 eredo
1352 1875 1497 1940 quod
1554 1879 1783 1927 sanctus

271 1962 594 2012 Dominicus
617 1961 797 2012 voluit
820 1961 1046 2028 implere
1072 1963 1237 2012 istam
1260 1959 1624 2025 prophetiam.
1686 1960 1788 2012 Se-

274 2046 450 2097 cundo
487 2047 720 2112 queritis
757 2047 888 2111 quid
923 2053 1115 2112 teneo,
1165 2063 1236 2098 an
1281 2049 1507 2098 sanctus
1542 2045 1791 2096 Thomas

271 2132 366 2184 vel
397 2136 626 2182 sanctus
659 2132 982 2183 Dominicus
1020 2136 1105 2182 est
1140 2133 1403 2182 sanctior.
1460 2130 1601 2180 Dic-o
1640 2133 1791 2194 qnod

275 2221 404 2267 sunt
438 2217 594 2280 varie
633 2217 946 2280 opiniones:
987 2221 1043 2278 et
1079 2215 1330 2266 doctores
1366 2215 1575 2267 ordinis
1612 2217 1793 2265 nostri

273 2301 446 2354 variis
471 2299 643 2350 modis
669 2299 970 2365 disputant.
1012 2299 1219 2364 vAliqui
1245 2304 1439 2352 tenent
1476 2299 1621 2364 quod
1657 2316 1791 2353 san-

279 2389 398 2450 ctus
441 2384 764 2436 Dominicus
809 2390 895 2436 est
941 2385 1185 2436 sanctior
1239 2386 1434 2436 merito
1491 2386 1633 2450 vite,
1690 2384 1801 2434 sed·

277 2486 386 2520 non
419 2471 614 2520 merito
649 2468 924 2535 doctrine,
963 2473 1019 2520 et
1053 2485 1151 2536 per
1188 2471 1521 2520 contrarium
1558 2471 1795 2518 sanctus

277 2555 514 2604 Thomas
541 2558 626 2604 est
649 2555 894 2604 sanctior
918 2555 1113 2604 merito
1140 2554 1417 2620 doctrine,
1454 2569 1563 2604 non
1589 2555 1794 2603 merito

278 2641 412 2704 vite.
467 2638 582 2688 Alii
609 2641 808 2703 putant
835 2637 979 2702 quod
1008 2638 1335 2703 simpliciter
1352 2643 1581 2704 sanctus
1598 2639 1797 2687 Domi-

277 2725 435 2774 nicus
463 2726 548 2775 est
569 2723 839 2785 sanctior,
877 2727 932 2772 et
963 2722 1200 2788 probant
1221 2721 1433 2771 duabus
1458 2722 1799 2774 rationibus.
