1942 3109
200 261 393 298 nnus
420 258 558 295 Ποῦ.
583 255 657 294 AD
682 255 814 293 GBS.
828 252 1092 291 nunu
1114 246 1248 288 Ihm.
1262 252 1384 287 001⁸.
1395 250 1450 288 A.
1465 246 1579 289 1510.
1617 238 1684 287 47

264 363 626 416 serenissime
674 374 741 412 ac
782 358 1150 411 invictissime
1196 356 1454 421 princeps
1498 359 1558 407 et
1591 355 1686 406 do·

162 452 313 501 mine
348 447 773 514 gratiosissime,
806 459 989 495 meam
1021 441 1362 493 humilimam
1387 441 1688 492 subiectio·

164 550 290 585 nem
325 547 394 585 ac
428 530 803 583 obedientiam
838 528 1010 581 offero
1061 542 1182 577 cum
1228 525 1544 591 gratissimo
1591 525 1686 575 ob·

164 616 433 683 sequendi
458 616 661 667 officio.
724 612 1136 667 Gloriosissime
1161 612 1482 677 imperator,
1518 609 1688 659 sicuti

162 704 297 754 mihi
341 718 519 767 nuper
568 715 668 766 per
713 698 1152 750 commissionem
1211 694 1488 759 quandam
1545 710 1690 744 com·

160 788 463 850 mendasti,
502 784 648 849 quod
681 782 1144 835 universitatibus
1183 778 1534 843 Coloniensi,
1569 777 1690 828 Mo·

160 872 503 939 guntinensi,
538 868 914 934 Erphordensi
951 870 1009 917 et
1039 864 1528 931 Heidelburgensi,
1567 878 1692 931 pre-

161 961 321 1007 terea
365 954 573 1004 Iacobo
608 953 988 1003 Hochstraten
1030 966 1190 1016 sacre
1235 949 1520 1015 theologie
1565 964 1692 1013 pro·

162 1039 396 1102 sessori,
434 1052 503 1087 ac
538 1036 785 1104 heretice
821 1034 1124 1100 pravitatis
1157 1033 1444 1098 magistro,
1480 1032 1696 1083 doctori

162 1124 365 1175 Ioanni
406 1120 711 1185 Reuchlin,
768 1124 825 1171 et
870 1117 1202 1183 quibusdam
1249 1117 1380 1168 aliis
1427 1117 1690 1185 hebraice

162 1211 489 1273 litterature
534 1206 733 1269 peritis
747 1241 761 1267 ‚
806 1209 903 1271 tue
954 1202 1306 1253 celsitudinis
1347 1216 1574 1252 causam
1607 1202 1690 1251 in-

162 1293 355 1343 dicare
382 1294 439 1341 et
464 1287 861 1353 commendare,
886 1290 949 1337 ut
975 1302 1202 1337 causam
1225 1286 1372 1337 hanc
1395 1284 1696 1351 diligenter

164 1376 551 1428 examinarent
574 1376 631 1425 et
657 1373 1058 1435 consultarent,
1097 1369 1366 1437 quomodo
1401 1371 1692 1436 negocium

164 1462 273 1513 hoo
308 1460 384 1511 sit
415 1456 786 1510 inchoandum
822 1462 879 1510 et
910 1457 1204 1525 presertim
1224 1494 1239 1520 ,
1275 1470 1349 1506 an
1384 1454 1530 1507 tales
1562 1455 1706 1507 libri

164 1544 391 1610 (quibus
416 1547 648 1595 utuntur
671 1559 837 1610 super
871 1543 1042 1594 libros
1077 1540 1268 1593 decem
1302 1545 1692 1610 preceptorum

162 1631 557 1690 Mosaicorum,
592 1628 988 1693 prophetarum
1025 1631 1080 1677 et
1099 1626 1312 1679 veteris
1345 1624 1690 1689 testamenti)

162 1713 367 1764 tollere
411 1709 713 1774 laudabille
768 1712 844 1761 sit
900 1715 957 1761 et
1006 1712 1310 1778 christiane
1353 1708 1482 1760 fidei
1525 1709 1686 1773 utile,
1709 1706 1804 1773 Dii

164 1802 227 1849 et
269 1798 417 1847 hanc
460 1796 931 1849 consultationem
974 1794 1110 1845 mihi
1153 1795 1467 1857 mitterent,
1527 1807 1693 1857 quam

166 1894 273 1943 ego
309 1880 545 1929 ulterius
578 1882 767 1943 legere
812 1879 1096 1941 deberem,
1145 1883 1202 1931 et
1246 1894 1360 1929 una
1406 1893 1528 1929 cum
1563 1892 1694 1929 con·

166 1964 297 2015 silio
332 1978 453 2013 meo
488 1960 635 2027 apud
669 1959 933 2011 Ioannem
955 1962 1388 2025 Pepericornum
1419 1965 1694 2012 mitterem

164 2052 265 2116 tue
300 2047 593 2099 serenitati
626 2042 929 2097 secundum
964 2042 1216 2094 mandati
1247 2045 1334 2093 tui
1357 2045 1693 2095 commissio-

166 2147 325 2183 nem:
360 2131 467 2181 hoc
490 2146 593 2195 ego
616 2129 885 2193 tanquam
920 2127 1184 2179 obediens
1208 2128 1441 2193 perfeci,
1479 2132 1536 2179 et
1568 2142 1692 2196 pre-

166 2214 470 2267 nominatis
515 2214 978 2266 universitatibus
1026 2217 1083 2265 et
1126 2214 1262 2264 viris
1309 2216 1404 2282 tue
1451 2212 1691 2283 cesaree

164 2300 484 2351 maiestatis
520 2300 819 2365 propositis
855 2298 923 2351 de
956 2297 1249 2367 Iudeorum
1295 2299 1456 2350 libris
1492 2315 1692 2365 propo-

166 2385 286 2447 sui,
338 2388 535 2456 petens
582 2399 749 2449 super
791 2384 897 2435 hoc
944 2383 1384 2435 consultationes
1433 2398 1554 2435 esse
1590 2384 1690 2435 ha-

164 2468 383 2523 bendas
444 2474 499 2520 et
555 2468 690 2519 mihi
742 2467 869 2519 dein
920 2468 1237 2519 mittendas.
1328 2467 1564 2533 Insuper
1616 2470 1688 2520 ab

164 2555 537 2605 universitate
566 2553 905 2617 Coloniensi,
940 2552 1361 2618 Moguntinensi
1383 2557 1440 2604 et
1460 2553 1689 2605 Heidel-

164 2640 433 2702 burgensi
484 2642 541 2690 et
596 2639 844 2706 heretice
896 2638 1195 2702 pravitatis
1246 2637 1578 2704 inquisitore
1633 2640 1692 2688 et

166 2722 395 2772 doctore
451 2724 661 2775 Ioanne
718 2722 993 2773 Reuchlin
1061 2724 1503 2775 consultationes
1565 2736 1688 2772 cum
