1942 3109
163 251 476 310 summurn
501 250 626 286 uc.
641 250 844 286 muoz.
862 248 1066 286 LovAu.
1080 244 1211 286 0228.
1228 250 1343 285 ιη.
1357 249 1413 285 Α.
1426 245 1542 286 1513.
1583 236 1677 286 111

162 359 413 409 ciderunt
449 361 506 408 et
540 360 736 407 sancte
771 355 1297 418 determinaverunt,
1335 354 1680 420 quemadmo-

162 445 286 496 dum
323 457 470 493 nunc
505 440 572 492 de
609 441 780 492 verbo
816 439 1151 509 adverbum
1185 440 1301 506 legi
1336 442 1535 506 potest.

299 571 354 629 (s
390 577 758 628 Sententia
803 575 1146 627 venerabilis
1193 579 1250 625 et
1285 574 1543 626 laudabi-
1626 589 1633 594 ·

294 665 367 715 lis
401 662 788 714 universitatis
823 661 1282 712 Lovaniensis
1318 662 1544 711 facul·

293 749 462 800 tatis
499 747 878 813 Theologie
917 749 1155 802 contra
1192 746 1546 810 speculum

295 833 579 886 oculare
649 831 931 882 Ioannis
991 829 1341 881 Reuchlin
1411 831 1539 897 igne

502 913 929 968 comburendum
964 916 1352 980 pronunciata.

267 1030 322 1088 (I
354 1037 620 1087 Decanus
655 1037 886 1098 totaque
921 1035 1170 1102 facultas
1206 1049 1365 1102 sacre
1400 1035 1681 1102 theologie

161 1121 548 1176 universitatis
583 1119 756 1170 studii
775 1119 1146 1171 Lovaniensis
1180 1119 1455 1172 universis
1492 1124 1548 1170 et
1570 1121 1681 1170 sin-

163 1209 310 1275 gulis
344 1209 447 1258 has
483 1209 701 1256 nostras
747 1205 971 1255 litteras
1016 1205 1247 1268 visuris,
1292 1205 1385 1255 vel
1435 1219 1557 1256 cum
1601 1205 1682 1255 le·

163 1296 363 1360 gentur
399 1289 693 1358 audituris,
731 1287 1001 1340 Salutem.
1076 1289 1421 1352 Quamquam
1448 1288 1685 1353 quilibet

166 1377 516 1430 Christianus
551 1391 683 1426 vero
722 1389 790 1425 ac
826 1377 981 1424 recto
1020 1373 1297 1440 catholice
1334 1371 1461 1424 fidei
1496 1388 1683 1424 amore

163 1464 388 1514 fervens
427 1459 435 1526 Ι
475 1459 863 1526 paratissimus
918 1473 1040 1508 esse
1085 1456 1289 1508 debeat
1334 1460 1397 1509 ut
1441 1457 1685 1526 hereses,
1712 1455 1752 1520 3

162 1563 376 1600 errores
399 1546 792 1608 doctrinasque
815 1557 1022 1608 pravas
1048 1547 1239 1594 contra
1256 1547 1509 1594 sanctam
1526 1540 1686 1594 fidem

165 1635 391 1684 obortas
425 1647 524 1696 pro
559 1630 648 1680 sui
681 1627 896 1694 ingenii
929 1627 1088 1678 modo
1126 1627 1366 1692 extirpet
1390 1632 1558 1692 atque
1585 1628 1685 1680 eli-

164 1719 358 1780 minet,
392 1715 634 1764 Maxime
671 1717 858 1764 tamen
896 1715 952 1762 et
986 1713 1313 1778 specialiter
1346 1728 1507 1780 sacre
1530 1714 1686 1764 theo-

160 1799 722 1868 logie-professorum
771 1801 854 1847 est
897 1798 1217 1862 provincia,
1262 1801 1324 1846 ut
1370 1796 1688 1860 ostendant,

165 1885 456 1937 declarent
491 1889 548 1934 et
580 1899 680 1950 per
713 1881 932 1933 modum
968 1881 1221 1950 doctrine
1266 1881 1536 1934 definiant
1580 1896 1685 1950 que

167 1969 408 2022 assertio
452 1969 732 2036 heretica,
787 1983 894 2035 que
941 1983 1205 2032 erronea,
1262 1982 1367 2035 que
1412 1971 1688 2032 postremo

163 2059 224 2108 in
259 2055 364 2106 fide
401 2059 664 2120 suspecta
703 2053 921 2104 censeri
956 2051 1186 2116 debeat,
1233 2055 1296 2101 ut
1341 2051 1533 2117 parati
1576 2053 1688 2102 sint

164 2143 442 2192 rationem
484 2139 712 2190 reddere
759 2138 826 2188 de
869 2153 938 2189 ea
986 2151 1093 2204 que
1138 2137 1197 2186 in
1234 2134 1571 2187 Christianis
1608 2141 1692 2188 est

166 2223 306 2286 fide,
361 2238 430 2273 ne
484 2222 588 2273 filii
642 2223 997 2274 tenebrarum
1051 2222 1177 2288 plus
1223 2215 1390 2287 quam
1434 2225 1691 2288 oporteat

167 2307 474 2372 sapientes,
511 2307 570 2354 in
604 2308 936 2373 simplicium
959 2308 1237 2357 mentibus
1263 2307 1541 2374 catholice
1565 2306 1693 2357 fidei

167 2394 358 2443 lumen
380 2391 474 2442 vel
497 2391 795 2442 obscurent
816 2391 907 2442 vel
943 2392 1293 2457 extinguant.
1361 2392 1549 2456 Nuper
1583 2393 1689 2441 ita-

168 2492 280 2542 que
316 2475 660 2529 venerabilis
696 2491 764 2526 ac
799 2475 1089 2543 preclarus
1126 2474 1377 2526 dominus
1424 2479 1481 2525 et
1516 2476 1690 2541 magi-

165 2567 286 2612 ster
333 2566 522 2612 noster
555 2561 794 2612 Iacobus
843 2560 910 2611 de
945 2560 1349 2623 Hochstraten,
1396 2559 1691 2626 religiosus

166 2645 380 2697 ordinis
415 2646 846 2713 predicatorum,
883 2645 1084 2694 artium
1120 2649 1179 2696 et
1211 2659 1370 2712 sacre
1408 2645 1691 2711 theologie

167 2730 453 2797 professor
501 2731 759 2794 eximiuS,
817 2744 1035 2780 necnon
1088 2729 1335 2798 heretice
1393 2729 1692 2793 pravitatis
