1942 3109
145 219 363 257 Art-mm.
391 221 529 258 vor..
555 222 602 258 1.
676 217 746 258 48.
785 205 882 278 [7.]
923 222 1038 258 uc.
1064 223 1137 258 nr.-
1162 223 1547 264 annuum.
1590 215 1689 266 145

138 327 334 378 erravit
367 327 464 378 vel
498 328 604 378 ubi
645 344 750 392 ego
785 344 896 378 non
929 329 1213 394 intellige,
1244 332 1365 397 ipse
1398 332 1567 384 debet
1598 337 1683 385 vi·

136 410 256 461 dere
311 412 462 476 quod
523 428 638 478 ego
685 413 820 463 volo
889 415 1001 464 sibi
1056 430 1225 480 super
1284 421 1481 470 eutem.
1551 419 1681 485 Ipse

131 496 352 560 scripsit
389 498 578 547 etiam
617 513 819 564 grece,
865 498 1012 562 quod
1045 515 1159 550 non
1194 499 1423 552 deberet
1457 497 1703 554 faeere:'

131 583 256 642 quia
299 597 404 632 nos
455 597 664 632 sumus
711 581 876 632 latini
917 589 977 633 et
1019 599 1133 636 non
1191 587 1363 653 greci.
1436 586 1497 636 Si
1554 589 1679 638 vult

127 666 368 717 seribere
407 667 571 731 quod
607 683 769 718 nemo
805 667 1125 733 intelligat,
1174 683 1347 733 quare
1395 685 1509 720 non
1542 673 1679 720 seri·

123 749 202 798 bit
247 753 428 802 etiam
461 752 738 802 Italicum
786 755 844 801 et
885 752 1247 802 Bohemicum
1294 757 1351 803 et
1395 754 1678 820 Hungari·

126 839 282 885 cum?
335 841 398 886 et
448 840 562 886 sic*
583 851 745 886 nemo
791 835 1145 902 intelligeret
1192 853 1340 887 eum:
1386 839 1569 889 faciat
1614 855 1675 890 se

125 920 478 972 conformem
525 920 692 971 nobis
729 921 1031 986 Theologis
1076 922 1137 970 in
1181 922 1400 973 nomine
1448 929 1669 976 eentum

124 1003 502 1070 diabolorum,
543 1009 602 1055 et
635 1005 852 1056 scribat
885 1021 989 1070 per
1022 1005 1219 1056 Utrum
1256 1010 1314 1056 et
1350 1005 1575 1073 Contra,
1614 1015 1672 1059 et

132 1087 426 1152 Arguitur,
465 1093 526 1138 et
553 1088 805 1154 Repliea,
843 1093 902 1140 et
934 1105 1035 1154 per
1070 1089 1489 1154 conclusioneS,
1526 1094 1675 1141 sicut

135 1171 402 1222 feeerunt
436 1189 618 1224 omnes
653 1173 956 1239 Theologi,
994 1175 1077 1224 sie
1115 1175 1285 1224 etiam
1318 1190 1418 1224 nos
1454 1175 1667 1241 legere—

125 1271 266 1307 mus.
338 1257 464 1324 Ego
509 1273 622 1308 non
667 1273 891 1323 possum
935 1259 1096 1310 vobis
1141 1260 1251 1308 iam
1296 1261 1481 1310 omnia
1524 1263 1662 1310 seri-

121 1341 289 1405 bere,
324 1358 516 1408 neque
551 1357 732 1392 meam
766 1346 1153 1407 paupertatem
1178 1359 1343 1408 quam
1365 1345 1459 1393 hie
1480 1345 1663 1395 habeo

124 1425 338 1477 dicere.
413 1427 512 1478 Illi
549 1426 834 1476 Curtisani
870 1427 1089 1490 quando
1131 1428 1325 1480 vident
1369 1443 1483 1492 me,
1530 1432 1665 1478 tune

121 1515 464 1578 nuncupant
497 1527 585 1561 me
610 1510 888 1575 Apostata
925 1515 983 1562 et
1017 1511 1207 1562 dicunt
1242 1512 1387 1576 quod
1424 1529 1525 1579 ego
1566 1529 1661 1564 cu-

126 1597 280 1645 curri
327 1613 402 1646 ex
450 1595 672 1657 ordine;
721 1599 780 1646 et
824 1596 906 1646 sie
953 1598 1125 1648 etiam
1166 1598 1389 1648 faciunt
1430 1599 1664 1647 Doctori

122 1680 302 1731 Petro
323 1679 796 1745 Meyer‘Plebano
833 1680 892 1729 in
914 1681 1357 1746 Franekfurdia,
1396 1683 1529 1746 quia
1565 1697 1660 1732 ve·

123 1769 268 1814 xant
313 1781 442 1816 eum
483 1765 570 1814 ita
616 1765 758 1816 bene
805 1765 956 1815 sieut
998 1780 1117 1828 me,
1164 1766 1295 1830 quia
1338 1767 1459 1830 ipse
1504 1767 1663 1815 favet

123 1849 284 1898 mihi.
359 1847 471 1899 Sed
503 1852 694 1898 tamen
731 1848 852 1912 ipse
889 1843 1293 1899 habet‘melius
1332 1864 1499 1912 quam
1538 1863 1661 1912 ege,

119 1935 260 1998 quia
308 1937 438 2000 ipse
481 1934 652 1984 habet
695 1933 899 1984 bonum
936 1931 1206 1998 officium,
1254 1934 1387 1998 quia
1433 1937 1519 1984 est
1554 1931 1661 1984 Ca-

115 2020 396 2084 pellanus
429 2033 596 2083 super
628 2017 720 2068 dei
757 2033 912 2084 agro,
949 2017 1094 2081 quod
1130 2024 1217 2066 est
1248 2033 1347 2080 per
1380 2017 1543 2068 deum
1564 2019 1661 2068 bo-

112 2121 254 2155 num
291 2103 562 2167 officium,
599 2102 738 2152 lieet
762 2101 1051 2152 Curtisani
1074 2099 1268 2150 dieunt
1302 2100 1447 2164 quod
1482 2102 1557 2150 sit
1579 2102 1663 2153 vi-

115 2189 404 2239 lissimum
436 2190 584 2239 inter
620 2189 806 2239 omnia
843 2185 1035 2236 officia
1072 2199 1179 2252 que
1224 2185 1284 2235 in
1317 2185 1489 2236 Roma
1533 2201 1661 2251 pos-

119 2277 261 2324 sunt
299 2287 450 2324 esse:
488 2271 589 2324 eod
623 2273 728 2322 hoe
763 2271 907 2322 nihil
941 2273 1137 2333 nocet,
1184 2270 1294 2334 ipsi
1328 2269 1521 2322 dieunt
1555 2272 1661 2322 hoe

73 2397 82 2406 .
122 2375 193 2408 ex
243 2357 490 2408 invidia:
537 2357 662 2422 ipse
703 2361 896 2407 tamen
938 2354 1113 2406 habet
1154 2367 1354 2419 panem
1399 2369 1555 2406 suum
1592 2354 1659 2404 de

121 2443 238 2494 hoe
285 2445 346 2494 et
391 2441 576 2492 nutrit
625 2455 685 2492 se
732 2441 930 2492 taliter
975 2437 1246 2502 qualiter,
1305 2438 1479 2488 donee
1538 2441 1660 2504 ipse

123 2543 284 2578 suam
331 2541 568 2579 eausam
615 2528 812 2576 eontra
843 2521 1341 2574 Francfurdienses
1386 2522 1456 2574 ad
1499 2522 1663 2572 finem

124 2612 312 2664 ducat.
389 2609 566 2662 Omni
605 2607 698 2658 die
733 2608 896 2672 quasi
929 2607 1131 2658 ivimus
1166 2606 1285 2670 ipse
1322 2609 1379 2656 et
1402 2622 1505 2671 ego
1530 2619 1661 2667 spa-

127 2699 326 2750 tiatum
380 2699 445 2746 in
484 2693 701 2756 Campo
746 2693 912 2756 flore,
961 2694 1018 2738 et
1063 2692 1417 2751 expectamus
1462 2687 1668 2733 Teuto-

1305 2765 1367 2812 10
