1942 3109
50 280 537 321 LAuuuwArxouus
575 282 880 319 onscvuon.
903 282 1097 319 vmon.
1127 265 1444 335 [vernaus]
1483 268 1580 319 261

50 386 267 439 mutati
311 386 523 437 bestias
568 386 856 451 theologos
913 388 1313 451 quamprimum
1358 386 1585 439 devore-

50 487 199 524 mus.
275 470 468 522 Simile
506 471 650 521 enim
686 472 885 536 priscis
920 472 1132 521 factum
1167 472 1342 523 fuisse
1377 475 1586 539 tempo-

50 559 244 620 ribus,
282 560 399 607 tum
432 556 703 607 Homerus
738 557 860 621 ipse
896 556 1232 622 philomites,
1269 561 1385 607 tum
1419 562 1582 625 poete

50 642 131 694 ad
155 654 330 691 unum
354 656 539 693 omnes
565 645 919 694 attestantur.
956 641 1184 691 Utinam
1206 642 1410 707 viginti
1436 642 1586 691 eubi-

50 733 243 779 torum
269 724 541 779 dracones
566 742 827 792 essemus,
852 727 919 777 de
946 726 1146 791 quibus
1173 724 1319 791 apud
1341 725 1586 776 Plinium

50 814 294 879 legitur,
338 812 504 879 longe
549 814 800 879 profecto
844 812 1044 863 melius
1089 826 1213 861 sese
1258 826 1346 861 res
1397 814 1584 879 nostre

50 898 353 949 haberent.
420 898 577 961 Fuge
633 897 994 947 collusionem
1047 896 1484 961 Daubengigelii
1531 902 1587 946 et

50 980 383 1044 Simpriani.
466 979 585 1030 Soli
644 994 749 1043 quo
794 981 994 1033 volunt
1047 981 1276 1045 abeant,
1338 995 1442 1032 nee
1485 996 1585 1031 nos

52 1064 305 1129 amplius
362 1064 707 1117 conturbent.
780 1061 1035 1132 [Mallem
1089 1066 1235 1116 enim
1291 1065 1474 1116 decies
1528 1068 1583 1115 in

50 1154 279 1203 furcam
324 1148 613 1215 suspendi,
674 1164 838 1213 quam
892 1150 992 1199 uni
1043 1150 1419 1217 theologorum
1463 1166 1584 1201 esse

51 1232 345 1300 ludibrio.]
417 1233 589 1297 Vale,
636 1234 841 1285 Datum
874 1235 1238 1306 Francfordie
1283 1233 1374 1301 [ex
1408 1236 1586 1304 fetida

49 1321 353 1388 Iudeorum
391 1315 567 1383 haraJ.

780 1510 863 1564 40.

549 1592 600 1653 ([
645 1590 1109 1658 Stalberius

474 1692 947 1746 Rubenstadio
988 1696 1060 1749 .S.
1095 1698 1164 1749 D.

161 1780 356 1855 Longe
392 1792 529 1839 mihi
563 1792 679 1842 alia
714 1810 868 1845 mens
906 1799 1016 1858 est,
1055 1800 1214 1859 pater
1248 1797 1582 1853 honorande.

55 1877 233 1927 Nemo
279 1878 524 1924 nostrum
571 1888 847 1939 quoquam
889 1882 1113 1944 pergat,
1169 1896 1326 1932 nemo
1370 1888 1582 1934 montes

50 1958 317 2022 Caspios,
352 1972 511 2008 nemo
548 1958 963 2027 Sauromnthm,
999 1960 1176 2029 nestmo
1201 1964 1391 2016 Circes
1425 1982 1575 2018 mon·
1602 1965 1684 2031 tjb

51 2051 177 2094 ‚tem
210 2044 385 2107 petat.
452 2042 781 2095 Monoculus
818 2062 919 2111 ego
956 2060 1074 2097 sum
1111 2052 1166 2098 et
1196 2048 1416 2114 lippus,
1455 2066 1582 2101 oeu-

64 2130 177 2180 lari
210 2130 393 2175 tamen
420 2124 722 2191 Capnionis
746 2130 975 2195 speculo
1013 2135 1142 2183 ante
1177 2148 1372 2183 nasum
1406 2150 1584 2186 meum

51 2208 247 2279 posito
289 2226 389 2261 vos
442 2207 801 2281 [multiiugis]
860 2217 1134 2268 erroribus
1186 2218 1348 2269 video
1402 2220 1585 2285 impli-

51 2294 246 2347 Qcatos
313 2294 452 2360 Legi
498 2297 645 2360 apud
677 2300 980 2350 Hesiodum
1025 2304 1084 2352 in
1119 2302 1416 2369 theogonia
1450 2306 1584 2355 Pro-

51 2380 269 2444 t,heum
308 2379 523 2431 Oceani
558 2384 619 2431 et
636 2382 877 2448 Tethyos
914 2384 1104 2450 filium,
1142 2388 1200 2436 in
1234 2388 1422 2437 varias
1459 2404 1581 2439 sese

51 2466 200 2518 olim
232 2465 434 2517 formas
470 2469 887 2523 transmutasse.
933 2470 1098 2520 Hunc
1124 2471 1368 2523 colamus
1404 2472 1582 2539 deum,

51 2604 59 2641 ι’

50 2686 59 2727 ῐ
72 2683 398 2820 mgtffigtum
430 2691 604 2741 fuisse
640 2692 978 2759 temporibus
1013 2695 1065 2748 2.
1169 2690 1190 2725 ³
1225 2696 1380 2746 voluit
1401 2695 1581 2762 philo-
