1942 3109
317 271 422 323 282
485 284 918 324 LAmm'rAnonn
925 288 952 325 8
989 285 1057 322 ΟΒ
1064 283 1297 322 SGVBOB.
1324 285 1557 322 nnvcnt.
1564 287 1629 324 m
1636 311 1650 322 ·
1680 289 1716 324 R
1722 289 1839 326 ΟΥΕ.

321 391 526 444 abditis
549 396 608 442 et
641 392 908 444 solitariis
941 393 1081 445 locis
1117 393 1215 442 aut
1246 389 1559 466 specubu8‚
1598 393 1707 444 sed
1742 411 1839 444 cum

317 479 480 530 bonis
537 479 778 530 natabus
837 483 894 529 et
943 477 1223 529 sodalibus
1282 478 1341 526 et
1396 477 1695 530 similibus
1736 483 1833 531 mei.

317 563 442 614 Hoc
493 567 681 612 tamen
733 579 902 613 unum
953 578 1039 613 me
1091 561 1395 627 plurimum
1449 565 1753 616 excruciat
1786 571 1827 614 et

321 649 502 699 animo
535 647 840 712 tranquillo
877 663 997 699 esse
1030 661 1145 698 non
1168 646 1322 710 sinit,
1360 645 1517 710 quod
1540 650 1661 714 nisi
1684 655 1823 701 artem

320 735 512 786 etiam-
534 731 956 798 blasphemandi
998 731 1269 796 didicero,
1315 745 1619 796 nunquam
1662 737 1742 786 sim
1762 736 1809 781 in
1826 747 1850 782 5<

319 818 596 869 doctorem
639 818 1015 880 nequitiarum
1058 831 1171 867 una
1220 831 1342 866 cum
1390 819 1610 870 ceteris
1645 834 1803 886 momo-

317 902 546 955 vendus.
608 900 765 965 Quod
799 917 869 951 ne
905 902 1026 966 fiat,
1063 902 1147 951 tui
1182 903 1287 952 erit
1321 900 1506 952 officii
1542 904 1813 970 providete.

319 987 481 1052 Vale,
509 986 579 1038 ad
613 987 807 1052 longos
829 987 1083 1038 Nestoris
1118 1002 1293 1037 annos
1332 989 1393 1036 et
1415 989 1591 1054 Esopi
1617 992 1815 1054 patinas

318 1074 478 1127 nobis
534 1071 604 1123 ad
657 1087 851 1140 cenam
901 1085 1067 1136 para,
1126 1074 1189 1120 ut
1241 1071 1477 1122 Baccho
1530 1089 1591 1123 ac
1630 1073 1813 1122 Cerere

318 1158 694 1220 suffarcinati,
741 1154 813 1206 ad
855 1171 1013 1206 omne
1056 1154 1260 1205 malum
1307 1157 1645 1224 promptiores
1687 1169 1801 1203 esse
1814 1163 1851 1204 14

318 1243 607 1311 possimus.

1036 1459 1117 1510 12.

319 1549 370 1608 (Ι
393 1545 734 1610 Ioannes
760 1539 1176 1626 Smoerpot
1203 1542 1812 1610 Daventriensis

437 1645 734 1699 Henrico
769 1644 1335 1780 Havesrszlsscllzsuo
1370 1647 1717 1716 discipulo
1849 1681 1850 1732 ἢ

937 1767 950 1779 .
1000 1767 1011 1779 .
1099 1767 1111 1780 .
1205 1768 1216 1781 .
1818 1733 1851 1778 13

416 1836 594 1889 Doleo
631 1836 690 1886 in
723 1837 1065 1899 immensum,
1104 1836 1161 1884 et
1195 1848 1367 1899 supra
1394 1850 1563 1900 quam
1588 1835 1819 1900 cuiquam

320 1921 582 1974 credibile
621 1924 723 1985 est,
761 1922 979 1971 interno
1016 1919 1315 1970 excrucior.
1338 1919 1557 1984 dolore,
1590 1933 1653 1968 eo
1696 1917 1829 1984 quod

316 2009 589 2060 hactenus
637 2005 709 2058 ad
753 2021 948 2058 saxum
981 2004 1155 2056 verba
1200 2003 1461 2068 fecerim,
1508 2019 1827 2071 operamque

317 2094 648 2161 perdiderim
685 2095 742 2143 et
777 2090 977 2142 oleum.
1046 2088 1343 2140 Infecundi
1387 2091 1599 2156 quippe
1618 2085 1819 2151 ingenii

319 2183 406 2231 est
430 2177 694 2243 (Faustus
731 2175 940 2241 inquit)
963 2176 1465 2243 premonstrantem
1503 2173 1851 2238 (quanquamff

315 2264 404 2314 illi
461 2261 730 2313 debeatur
779 2258 1095 2324 plurimum)
1152 2273 1261 2309 non
1320 2259 1615 2310 excedere.
1698 2259 1835 2322 Qua-

317 2349 541 2416 propter
599 2345 705 2396 tibi
763 2344 975 2412 gratias
1036 2359 1141 2409 ago
1199 2342 1416 2408 nullas,
1488 2343 1639 2408 quod
1701 2345 1831 2394 ultra

314 2437 494 2502 ipsam
527 2433 586 2484 in
612 2431 885 2484 conviviis
917 2428 1417 2495 gesticulationem,
1442 2427 1669 2479 nullam
1704 2430 1841 2482 blas·

315 2517 613 2581 phemandi
655 2514 914 2566 didiceris
959 2518 1151 2564 artem.
1220 2513 1399 2578 Lege,
1445 2512 1677 2579 relege,
1733 2528 1843 2580 per-

316 2600 443 2662 lege
487 2599 858 2662 apostaticae,
907 2613 977 2648 ac
1023 2597 1191 2662 plane
1238 2595 1585 2646 execrabiles
1626 2598 1843 2650 Obscu-

315 2695 498 2729 rorum
533 2680 832 2743 epistolas,
879 2685 936 2730 et
971 2684 1029 2730 te
1065 2682 1123 2729 in
1166 2679 1561 2742 nequissimum
1600 2685 1850 2733 omnium

317 2760 701 2824 nequiciarum
733 2760 1015 2814 doctorem
1038 2761 1331 2816 histriones
1356 2763 1464 2826 ipsi
1487 2761 1644 2815 dicto
1674 2769 1851 2820 citius
