1942 3109
270 222 340 273 96
409 238 790 274 Pnrnmconm
815 238 1284 275 nnrnus.conrn.4
1307 238 1517 274 unos.
1537 242 1600 277 0.
1621 244 1695 280 v.
1712 248 1842 286 nrr.

274 348 492 408 oportet
527 343 595 395 de
628 342 763 409 fide,
813 342 879 394 de
926 346 1213 410 scripturis
1251 344 1457 408 sacris,
1509 344 1594 397 de
1639 352 1834 401 ecc-le·

274 429 521 479 siasticis
556 430 957 480 tractatoribus
995 431 1222 481 sentias.
1296 428 1458 493 Quod
1493 446 1614 483 nos
1655 437 1830 487 vehe-

274 519 487 565 menter
532 518 589 565 et
623 516 757 579 ⁸plus
805 530 969 578 quam
1013 514 1140 565 dici·
1171 518 1355 579 potest
1405 513 1692 570 dolemus
1739 527 1824 571 ut-

274 604 411 664 puta
450 601 795 651 conmembro
832 604 1022 651 nostro
1055 599 1330 649 infirmato
1356 614 1460 664 pro
1489 601 1818 656 christiana

273 686 485 749 pietate
536 684 895 735 condolentes
940 686 1082 735 Nam
1129 688 1273 735 teste
1309 686 1582 747 apostolo
1619 706 1810 739 omnes

272 785 439 820 unum
478 785 675 834 corpus
711 784 895 820 sumus
933 772 1202 833 quotquot
1235 768 1294 817 in
1333 766 1568 822 Christo
1616 773 1795 835 bapti—

276 856 388 905 zati
426 868 630 905 sumus.
701 854 782 904 Ne
822 870 952 919 ergo
987 853 1190 903 malum
1226 852 1332 903 hoc
1369 853 1552 905 latins
1578 858 1626 905 in
1647 855 1795 905 alios

276 943 523 1005 serperet
565 938 756 1003 Neque
804 940 862 988 in
908 954 974 989 eo
1021 942 1082 987 tu
1129 935 1638 1005 computrescereS,
1695 956 1800 991 nec

274 1024 468 1091 perfidi
490 1024 651 1092 Iudei
684 1025 742 1073 in
778 1025 1101 1075 immensum
1138 1023 1534 1088 gloriarentur:
1571 1024 1806 1076 Mature

273 1108 701 1159 deliberavimus
746 1108 813 1157 de
860 1108 1022 1159 modo
1067 1121 1174 1170 quo
1219 1122 1320 1172 per
1375 1122 1468 1157 nos
1524 1110 1587 1155 et
1639 1110 1812 1161 alios

277 1206 504 1256 quorum
541 1192 597 1241 id
631 1192 868 1243 maxime
905 1192 1142 1242 interest
1175 1192 1308 1241 huic
1353 1190 1494 1241 malo
1527 1182 1812 1245 occurre-

274 1281 444 1328 retur.
480 1292 671 1329 verum
708 1292 855 1327 nunc
890 1278 1086 1341 paucis
1123 1278 1338 1327 exactis
1385 1276 1582 1325 diebus
1627 1281 1806 1329 irene-

140 1361 299 1428 (ψῃ)
314 1362 475 1413 randi
508 1362 760 1426 magistri
802 1362 979 1411 nostri
1011 1359 1018 1426 Ι
1048 1360 1320 1411 Arnoldus
1357 1360 1422 1411 de
1459 1362 1713 1427 Tungeri
1747 1368 1804 1413 et

278 1446 563 1495 Oonradus
608 1446 776 1496 Kolin
824 1447 1136 1497 confratres
1180 1446 1356 1495 nostri
1409 1446 1577 1497 nobis
1633 1462 1796 1510 quas·

274 1530 400 1579 dam
436 1529 653 1577 litteras
702 1544 769 1579 ex
815 1533 871 1579 te
921 1528 992 1577 ad
1037 1544 1096 1579 se
1141 1527 1306 1579 datas
1341 1530 1700 1582 ostenderunt
1733 1534 1792 1579 et

273 1614 559 1679 legerunt,
604 1614 807 1676 quibus
850 1628 1048 1665 revera
1083 1628 1192 1663 non
1227 1628 1424 1677 parum
1459 1616 1666 1666 fuimus
1701 1630 1790 1665 ex-

275 1699 529 1762 hilerati,
592 1698 737 1762 quod
789 1698 907 1748 illis
964 1696 1339 1747 infirmitatem
1397 1702 1556 1751 tuam
1603 1704 1652 1749 et
1695 1700 1792 1749 im-

274 1784 561 1850 providum
609 1798 846 1834 errorem
890 1783 1174 1850 humiliter
1217 1798 1284 1831 ac
1333 1784 1614 1835 catholice
1643 1784 1788 1833 fate—

276 1871 459 1933 baris,
506 1866 750 1933 rogando
788 1866 1008 1917 eosdem
1045 1870 1321 1931 quatenus
1359 1871 1416 1918 te
1453 1874 1645 1919 nostro
1683 1869 1795 1921 col-

272 1954 419 2021 legio
460 1951 904 2005 commendarent
950 1967 1018 2003 ac
1065 1952 1288 2018 singula
1332 1953 1390 2001 in
1436 1958 1654 2018 partem
1701 1954 1800 2004 be-

276 2042 587 2107 nigniorem
624 2054 810 2089 coram
845 2039 1006 2089 nobis
1043 2040 1562 2103 interpretarentur.
1631 2038 1802 2097 Quod

278 2131 333 2177 et
368 2127 477 2190 ipsi
513 2125 813 2189 diligenter
850 2140 971 2173 cum
1007 2138 1208 2189 magna
1256 2122 1532 2173 charitate
1587 2120 1804 2187 (quem-

274 2209 561 2259 admodum
596 2207 809 2270 petistI)
846 2208 1036 2256 facere
1065 2212 1414 2258 curaverunt.
1469 2206 1810 2257 Effecerunt

274 2306 491 2357 quoque
538 2290 625 2339 his
670 2290 905 2354 litteris,
950 2294 1014 2339 ut
1064 2295 1119 2340 te
1169 2292 1501 2343 catholicum
1547 2291 1812 2361 ecclesie

273 2392 465 2429 verum
502 2381 558 2427 et
594 2374 942 2427 obedientem
977 2374 1151 2424 filium
1185 2379 1498 2441 reputamus
1531 2374 1589 2423 et
1625 2388 1810 2442 repu-

275 2464 549 2526 tabimuS,
588 2461 637 2511 si
674 2459 818 2525 quod
852 2460 1022 2525 vulgo
1058 2460 1203 2509 male
1241 2462 1532 2524 sparsisti,
1567 2461 1808 2511 recolli-

276 2562 405 2611 gere
442 2545 688 2608 studeas,
726 2548 785 2593 et
818 2543 1032 2608 lapides
1067 2544 1286 2607 tollere,
1326 2560 1435 2607 quo
1471 2544 1569 2594 alii
1606 2544 1668 2592 in
1711 2546 1806 2596 via

274 2630 364 2679 dei
401 2634 531 2679 sunt
566 2627 790 2691 offensi,
830 2629 976 2677 sicut
1002 2628 1059 2676 in
1083 2626 1370 2678 Hieremia
1396 2630 1668 2692 scriptum
1698 2634 1807 2691 est,

276 2712 477 2762 ‘tollite
514 2712 581 2761 de
616 2711 709 2761 via
734 2710 986 2774 lapides’.
1045 2724 1236 2762 verum
1261 2712 1395 2773 quia
1433 2716 1489 2761 te
1517 2712 1811 2777 scripsisti
