1942 3109
193 215 296 268 380
371 229 662 266 nrrsromr.
685 229 1055 266 onscvnonvu
1080 229 1335 264 vmonvu
1362 229 1537 265 novin.

195 337 338 386 xime
373 335 533 386 vobis
568 334 732 399 plura
767 335 1013 388 scribam
1047 333 1115 386 de
1150 350 1221 385 ea
1254 350 1331 388 re.
1401 333 1607 386 Valete
1654 352 1723 386 ex

194 419 520 470 Schletstat.

657 609 739 657 70.
793 603 1158 673 [Appendieis
1181 603 1257 673 8.]

261 723 660 808 Magister
687 721 1085 788 Maleolus
1116 743 1175 792 in
1196 742 1491 808 Paradiso,
1562 743 1727 794 Omni

801 827 1095 878 verborum
1131 831 1332 878 ornatu
1363 829 1546 880 reciso
1562 865 1579 892 ‚

261 911 654 964 Famosissimo
679 911 1019 978 Magistro
1048 912 1368 963 Ortvino:
1474 913 1583 976 Qui
1608 913 1725 964 ela·

801 1001 919 1048 mat
952 1013 1103 1048 more
1140 998 1357 1048 asinino

265 1082 472 1134 Contra
506 1086 705 1148 poetas
756 1086 812 1132 et
856 1082 1095 1146 latinos,
1198 1081 1317 1133 Nee
1360 1098 1471 1134 11011
1516 1084 1727 1150 Grecos

805 1167 1158 1232 peregrinos,

269 1252 526 1303 Omnium
577 1253 948 1304 Barbarorum
1000 1250 1320 1316 defensori,
1424 1252 1499 1303 Et
1564 1252 1729 1305 Colo-

802 1337 1077 1388 niensium
1111 1336 1341 1404 preconi
1376 1337 1682 1392 famosiori.

334 1439 626 1490 Mirabiles
662 1439 844 1489 trufas
881 1442 940 1489 et
965 1439 1225 1504 egregias
1252 1439 1533 1502 nequitias
1560 1439 1729 1491 audio

197 1523 266 1574 de
301 1523 460 1574 vobis
497 1523 812 1591 predicare,
847 1523 1117 1588 magister
1150 1523 1413 1588 Ortvine,
1452 1538 1592 1588 quas
1626 1541 1729 1575 un-

199 1624 365 1672 quam
398 1611 457 1658 in
491 1608 612 1658 vita
647 1623 772 1657 mea
806 1621 1090 1672 nunquam
1124 1623 1223 1673 per
1267 1609 1427 1659 deum
1472 1613 1729 1659 sanctum

199 1693 418 1758 audivi,
477 1708 614 1757 quas
658 1707 758 1743 vos
804 1696 862 1744 et
915 1692 1017 1742 alii
1065 1691 1431 1744 colonienses
1474 1695 1729 1759 magistri

196 1779 376 1829 nostri
413 1775 561 1842 (011111
597 1775 1043 1842 supportatione)
1080 1777 1299 1828 fecistis
1335 1778 1725 1829 honestissimo

199 1869 256 1914 et
301 1862 621 1914 doctissimo
665 1862 785 1914 viro
823 1861 1041 1912 domino
1078 1863 1272 1914 Ioanni
1304 1862 1599 1913 Reuohlin.
1672 1867 1731 1913 et

171 1951 384 2020 *tamen
421 1963 542 1998 oum
577 1947 796 2011 audivi,
833 1963 943 1998 non
978 1948 1122 1999 scivi
1154 1948 1215 1998 in
1250 1950 1471 1997 tantum
1504 1948 1730 2011 mirare,

200 2034 334 2097 quia
371 2049 492 2083 eum
531 2035 666 2084 estis
703 2033 966 2098 bicipites
1005 2033 1153 2086 asini
1191 2035 1247 2083 et
1282 2031 1571 2082 naturales
1596 2032 1729 2081 Phi-

197 2117 416 2183 losophi
453 2116 656 2183 (Vulgo
683 2115 983 2168 ‘naturlich
1018 2133 1250 2180 narren,
1288 2118 1539 2183 zwenzig
1574 2121 1729 2168 zent-

198 2203 468 2253 nervber
505 2201 596 2251 ein
631 2200 817 2252 dollen
841 2200 1203 2267 fantasten’),
1240 2201 1531 2252 intenditis
1556 2203 1730 2253 etiam

198 2287 398 2337 misere
437 2289 494 2336 et
527 2285 860 2337 nebuloniee
894 2302 1099 2338 vexare
1135 2287 1219 2336 ita
1262 2287 1385 2351 pios
1431 2290 1489 2336 et
1532 2286 1729 2337 doctos

197 2375 364 2423 viros.
436 2376 622 2422 tamen
666 2386 833 2436 super
877 2371 984 2422 1100
1027 2371 1226 2420 incidit
1259 2371 1431 2420 miehi
1464 2387 1579 2421 una
1613 2371 1729 2421 sin-

200 2456 412 2522 gularis
448 2456 670 2506 miratio
696 2459 820 2520 quis
843 2472 943 2508 vos
969 2455 1161 2506 docuit
1183 2457 1267 2505 ita
1292 2454 1577 2506 subtiliter
1603 2471 1729 2520 per-

199 2543 419 2592 vertere
468 2545 524 2590 et
559 2540 864 2591 falsificare
900 2543 985 2591 ita
1019 2541 1147 2606 pias
1183 2540 1475 2606 opiniones
1513 2539 1729 2605 probis-

200 2625 323 2674 simi
366 2624 619 2675 hominisz
699 2624 796 2674 sed
843 2641 945 2691 ego
992 2624 1235 2675 finaliter
1281 2624 1529 2688 cogitavi
1584 2623 1733 2687 quod

201 2724 310 2759 non
345 2709 489 2758 facit
521 2708 628 2760 hoc
665 2707 820 2758 aliud
863 2710 1141 2760 hominum
1188 2723 1362 2774 genus
1410 2723 1578 2772 quam
1624 2709 1733 2760 hoe
