1942 3109
214 185 316 239 424
415 200 815 241 nrrsromuvn
853 202 1223 241 onscvaonvu
1256 204 1515 241 vmonvu

215 309 462 359 vestrum
515 307 718 361 librum
731 346 746 373 ,
807 323 970 374 quem
1020 308 1319 375 placuistis
1372 310 1435 359 in
1484 310 1751 373 mundum

212 392 460 458 mittere,
513 409 584 445 ne
629 395 830 457 essetis
874 408 1067 447 servus
1114 408 1353 459 nequam
1383 398 1499 453 ‚aut
1532 412 1748 463 nequa-

214 490 412 542 quam,
467 478 566 543 qui
606 478 806 529 libram
853 494 1013 530 suam
1056 480 1115 529 in
1159 481 1312 531 terra
1352 479 1635 547 fodiebat,
1691 486 1750 534 et

211 561 480 613 timuistis
523 564 748 629 merito,
795 579 865 615 ne
899 578 1062 640 porro
1098 564 1300 615 essetis
1333 567 1449 615 tam
1483 580 1745 633 nequam,

216 648 312 711 qui
335 646 702 699 declinabilia
725 651 871 712 sunt,
893 652 949 699 et
972 647 1261 699 declinant
1284 664 1501 700 omnem
1522 649 1739 715 libram,

215 734 272 783 et
304 732 505 785 nolunt
538 732 752 797 aliquid
787 732 1063 796 scribere5
1120 748 1221 785 voa
1255 748 1387 785 vero
1435 733 1735 787 indeclina-

211 816 352 867 bilia
397 818 535 869 estis
579 820 711 883 post
754 816 1036 885 regulam:
1106 819 1183 869 Et
1232 822 1469 885 utroque
1519 836 1738 873 numero

211 900 638 955 indeclinabilia
673 906 803 955 sunt
836 917 1097 969 nequam,
1146 905 1336 969 nauci,
1372 905 1553 972 nihili,
1588 922 1738 957 man-

213 987 352 1053 cipi,
413 992 472 1039 et
523 988 713 1040 caeteri
767 988 934 1041 huius
991 990 1175 1040 sortis.
1246 990 1321 1039 Et
1366 990 1495 1042 nolo
1534 992 1743 1061 iurare,

213 1076 362 1123 certe
419 1072 567 1125 liber
609 1077 798 1126 vester
853 1076 966 1125 tam
1012 1074 1155 1127 bene
1200 1074 1339 1125 mihi
1378 1073 1615 1139 placuit,
1677 1080 1746 1123 ut

207 1169 319 1207 non
353 1171 578 1221 possum
611 1156 826 1209 dicere-e
879 1159 1070 1209 Bonus
1102 1158 1449 1212 methodicae
1486 1158 1640 1223 estis,
1677 1164 1737 1211 et

211 1242 520 1295 scientifice
556 1244 716 1295 scitis
751 1258 1015 1309 syrupum
1052 1260 1121 1295 ex
1154 1243 1319 1295 melle
1356 1248 1414 1293 et
1446 1244 1741 1294 sacharum

211 1342 280 1379 ex
337 1344 566 1395 syrupo,
622 1328 729 1379 hoc
777 1332 891 1393 est,
945 1330 1011 1377 ut
1062 1343 1171 1379 non
1222 1327 1388 1379 nimis
1446 1326 1561 1379 alte
1618 1343 1741 1379 cum

210 1412 370 1465 vobis
408 1411 632 1478 loquar,
672 1426 798 1478 quae
835 1412 1030 1463 forsan
1065 1428 1176 1462 non
1209 1412 1559 1477 intellig-itia,
1595 1414 1737 1463 bene

114 1492 122 1499 ’
209 1497 448 1563 potestis
503 1496 796 1547 extrahere
849 1496 1053 1546 bonum
1106 1510 1175 1545 ex
1232 1495 1409 1562 malo,
1464 1502 1519 1549 et
1560 1497 1735 1547 bonas

211 1580 497 1634 doctrinas
533 1579 664 1632 dare
704 1597 772 1632 ex
809 1596 894 1645 eo,
931 1578 1079 1645 quod
1115 1583 1284 1632 antea
1321 1580 1610 1633 didicistis.
1660 1580 1739 1629 Et

211 1664 375 1717 credo
423 1663 568 1729 quod
610 1681 714 1718 vos
759 1666 981 1717 habetis
1026 1680 1291 1717 arcanum
1332 1666 1489 1717 illum
1521 1662 1740 1715 modum

209 1749 647 1802 Glauberianum
702 1751 938 1817 parandi
991 1750 1265 1802 Extracta
1316 1765 1415 1816 per
1466 1748 1741 1813 liquorem

207 1834 668 1901 Alkahcstinum,
729 1838 823 1901 qui
879 1836 1021 1887 nihil
1078 1841 1162 1889 est
1218 1833 1373 1887 aliud
1429 1848 1595 1900 quam
1642 1831 1743 1883 Sal

209 1924 532 1988 purgatum,
579 1920 836 1987 fixatum,
883 1926 941 1974 et
986 1937 1085 1988 per
1130 1920 1435 1982 deliquium
1478 1918 1741 1969 solutum.

207 2004 345 2059 Plus
392 2009 538 2059 enim
582 2007 817 2073 potestis
863 2006 1154 2057 extrahere
1193 2016 1357 2068 quam
1399 2003 1742 2053 menstruum

211 2106 374 2167 aquae
420 2092 760 2158 pluviarum,
820 2090 960 2140 licet
1006 2093 1093 2141 est
1136 2087 1426 2140 destillata
1471 2089 1529 2138 et
1570 2087 1743 2137 recti-

208 2173 396 2223 ficata.
458 2172 694 2236 Quando
732 2172 875 2221 enim
909 2172 1133 2221 unicum
1168 2175 1385 2221 tantum
1417 2172 1647 2223 verbum
1679 2172 1742 2221 in

207 2260 452 2311 vestram
507 2237 875 2307 mercaturam
931 2255 1131 2319 servit,
1190 2256 1429 2320 potestis
1486 2256 1581 2307 vel
1624 2260 1739 2306 tres

207 2341 302 2395 vel
345 2345 584 2405 quatuor
628 2339 908 2392 doctrinas
953 2339 1151 2392 exinde
1196 2340 1415 2405 facere,
1463 2355 1587 2407 quae
1632 2318 1739 2389 r'iec

209 2425 465 2478 diabolus
509 2428 630 2493 ipse
687 2426 1020 2493 cogitasset,
1078 2430 1134 2477 et
1190 2426 1415 2490 miravi,
1470 2421 1779 2487 quomodo.

209 2511 470 2562 habeatis
505 2516 620 2564 tam
654 2511 860 2563 bonum
893 2526 1279 2576 mormoream,
1325 2513 1388 2561 ut
1422 2507 1603 2559 omnia
1639 2522 1737 2569 po-

212 2596 375 2645 testis
411 2598 526 2647 tam
564 2594 772 2647 Ordine
807 2613 1043 2663 ponere,
1088 2596 1285 2648 melius
1323 2607 1487 2659 quam
1522 2590 1739 2658 ancilla

210 2678 356 2731 ollas
393 2684 448 2729 et
483 2681 712 2747 patinas
749 2685 805 2731 et
841 2682 956 2737 alia
983 2680 1311 2747 coquinaria
1335 2675 1533 2727 fictilia
1555 2680 1743 2742 potest
