1942 3109
543 252 606 297 47.
629 256 938 294 nnunmcrr
962 257 1035 293 na
1062 256 1272 295 scocu.
1561 242 1661 297 30⁷

139 368 418 433 Magister
467 364 726 428 Ortvine,
782 362 1083 413 timendum
1128 366 1213 415 est
1254 363 1420 415 valde
1464 362 1531 415 de
1575 364 1660 415 Io-

143 469 295 505 anne
328 448 710 513 Pfefferkorn,
749 450 999 513 quamvis
1035 464 1197 514 spero
1232 448 1379 514 quod
1412 446 1661 501 dominus

141 539 286 589 deus
321 535 474 587 dabit
511 534 564 584 ei
598 534 896 599 specialem
931 534 1169 600 gratiam
1204 541 1263 587 et
1309 535 1663 587 conservabit

144 638 279 674 eum
311 622 366 671 in
397 619 532 671 fidet
581 623 637 668 et
670 633 770 669 nos
805 617 1065 671 debemus
1102 621 1293 685 utique
1328 634 1544 684 semper
1577 618 1655 669 di-

145 723 275 759 cere
312 705 454 771 quod
490 719 589 769 pro
627 708 776 755 certo
813 720 1027 772 semper
1050 705 1299 756 manebit
1324 704 1662 757 christianus

141 796 368 859 propter
412 789 677 840 Ioannem
719 789 995 841 Reuehlin
1042 793 1099 841 et
1140 806 1267 843 suos
1314 788 1662 858 adherentes.

145 879 354 940 Quarto
401 875 756 941 interrogatis
806 874 938 939 quid
980 878 1145 926 teneo
1191 874 1256 927 de
1292 876 1531 941 propriis
1564 890 1660 927 no·

141 963 416 1013 minibus:
453 974 528 1009 an
565 964 758 1010 carent
790 958 998 1024 plurali
1030 973 1253 1009 numero
1290 960 1437 1009 sicut
1468 964 1663 1011 tenent

148 1047 361 1111 antiqui
399 1044 778 1110 grammatici,
813 1040 1129 1093 Alexander
1165 1047 1221 1093 et
1258 1042 1387 1107 alii,
1425 1057 1498 1093 an
1530 1060 1663 1096 vero

141 1130 350 1183 habent
375 1130 652 1196 pluralem
675 1129 826 1179 sicut
849 1127 1144 1192 opinantur
1168 1126 1413 1179 moderni
1437 1132 1493 1179 et
1516 1130 1664 1193 novi,

137 1221 206 1265 ut
248 1214 546 1267 Diomedes
597 1216 654 1264 et
694 1213 1040 1263 Priscianus.
1119 1212 1473 1279 Respondeo,
1521 1212 1665 1277 quod

139 1300 435 1352 dicendum
483 1303 593 1363 est,
641 1297 786 1363 quod
829 1298 1057 1363 propria
1102 1302 1331 1349 careant
1364 1298 1575 1363 plurali
1606 1304 1665 1348 in

139 1390 410 1449 quantum
445 1387 687 1451 propria.
759 1382 870 1435 Sed
915 1382 1218 1447 aliquando
1262 1387 1449 1434 tamen
1495 1383 1663 1434 decli-

145 1473 355 1522 nantur
393 1472 454 1521 in
497 1469 732 1536 plurali,
789 1472 846 1519 et
902 1470 1033 1518 tunc
1076 1466 1281 1520 debent
1324 1469 1523 1535 exponi
1566 1485 1665 1535 per

143 1556 524 1621 appellativa,
560 1560 624 1605 ut
659 1554 766 1605 duo
800 1554 1021 1618 Iacobi,
1068 1552 1125 1603 id
1160 1558 1247 1605 est
1279 1554 1385 1606 duo
1423 1554 1663 1621 apostoli

137 1641 242 1706 qui
275 1642 507 1691 fuerunt
539 1640 810 1691 nominati
842 1640 1109 1703 Iacobus;
1144 1638 1251 1690 duo
1288 1638 1559 1705 Catones,
1606 1641 1662 1691 id

135 1729 232 1777 est
284 1722 392 1772 duo
436 1737 594 1788 reges
638 1724 729 1775 vel
777 1726 1060 1790 sapientes
1098 1723 1393 1775 Senatores
1428 1724 1663 1775 Romani

129 1806 340 1863 vocati
371 1805 587 1871 taliter3
637 1811 748 1861 tres
784 1808 993 1877 Marie,
1040 1807 1095 1858 id
1132 1812 1217 1860 est
1252 1813 1365 1861 tres
1399 1809 1661 1862 mulieres

129 1894 426 1946 habentes
459 1892 574 1943 tale
609 1908 818 1945 nomen.
879 1892 1157 1960 Respondi
1191 1895 1349 1946 vobis
1372 1909 1471 1960 pro
1495 1909 1659 1960 posse

129 1994 286 2032 meo.
347 1976 408 2029 si
442 1979 641 2031 scirem
674 1979 902 2044 melius,
941 1980 1109 2030 etiam
1144 1978 1339 2029 melius
1364 1980 1658 2045 responde·

131 2080 256 2116 rem
290 2064 468 2117 vobis.
529 2064 604 2114 Et
640 2080 770 2131 ergo
796 2064 1095 2130 accipiatis
1122 2065 1180 2113 in
1201 2065 1402 2115 bonam
1425 2067 1658 2128 partem.

131 2150 216 2201 Et
250 2149 498 2199 salutate
533 2148 670 2199 mihi
711 2148 1003 2215 plurimum
1036 2148 1363 2215 Magistrum
1410 2152 1656 2201 nostrum

133 2232 442 2285 Arnoldum
477 2232 543 2284 de
579 2234 826 2301 Tungari
859 2238 1237 2306 preceptorem
1282 2236 1657 2303 singularissi-

134 2332 286 2369 mum
325 2318 382 2368 et
413 2316 631 2370 Valete.
699 2320 903 2372 Datum
939 2320 1159 2373 Sandis.
1206 2318 1415 2387 [Snollt‘s
1428 2317 1473 2387 ?]

1252 2822 1359 2872 20*
