1942 3109
99 254 572 293 LAMENTATIORES
613 254 914 292 OBSOVROB.
941 255 1247 292 nnvcnmn.
1274 256 1449 294 ROVAE.
1518 241 1619 294 305

95 361 226 411 dam
251 353 600 410 scandalosis
637 363 694 409 et
728 360 786 409 in
821 359 1121 410 ecclesiam
1157 359 1249 410 dei
1280 361 1617 426 blasphemis

98 444 374 510 agendum
427 444 598 508 foret,
657 443 728 493 ad
771 444 1071 494 salvatoris
1128 446 1301 494 nostri
1357 445 1617 495 honorem

94 531 448 593 omniumque
505 532 955 594 regeneratorum
1010 527 1247 578 salutem
1294 531 1617 593 quantotius

92 615 438 678 deciderent,
457 613 704 678 Cumque
727 627 916 663 omnes
930 617 1173 678 excepto
1184 613 1389 664 Ioanne
1398 615 1611 664 Reueh-

97 702 200 764 lin,
235 696 390 751 velut
421 714 532 749 uno
567 713 660 748 ore
695 714 764 749 ex
787 698 1059 748 instinctu
1081 697 1497 761 spiritussancti
1514 713 1613 763 pro

94 785 318 835 Christo
355 788 412 834 et
444 783 803 847 loquerentur
838 786 896 833 et
930 777 1275 848 scribessrent,
1310 783 1461 832 solus
1493 781 1732 848 ipse'fliij

91 872 352 921 inventus
409 871 520 930 est,
579 869 674 930 qui
719 865 805 930 (ut
847 865 1143 916 multarum
1188 867 1614 918 universitatum

91 953 416 1002 testimonia
481 950 740 1016 probant)
797 950 1087 1018 Iudeorum
1144 949 1370 1017 perfidie
1434 953 1613 1017 magis

80 1029 266 1102 *quam
309 1035 428 1086 sedi
465 1034 774 1103 apostolice
810 1040 908 1084 aut
941 1034 1319 1085 sacratissimo
1352 1033 1483 1085 fidei
1517 1052 1613 1085 ne-

80 1115 256 1186 ³gocio
306 1121 373 1174 in⁴
409 1135 512 1170 sua
570 1119 981 1170 consultatione
1038 1118 1345 1185 adhereret.
1426 1120 1611 1171 Taceo

91 1204 256 1270 (proh
300 1203 475 1269 pudor
517 1204 678 1254 nefas
731 1206 820 1254 est
861 1201 1069 1268 dicere)
1117 1201 1264 1266 quod
1305 1203 1365 1252 in
1418 1203 1609 1253 eadem

80 1305 198 1339 >sua
242 1288 652 1338 consultatione
699 1285 866 1350 (quod
909 1289 1106 1351 postea
1149 1287 1435 1350 speculum
1480 1303 1609 1338 ocu-

87 1375 211 1424 lare
257 1377 342 1422 est
387 1369 750 1437 appellatum)
786 1385 872 1421 me
916 1385 1093 1435 nuper
1134 1372 1195 1421 in
1230 1369 1451 1422 Christo
1484 1371 1609 1422 feli·

89 1459 236 1508 citer
287 1457 660 1520 baptizatum,
718 1454 886 1504 nullis
940 1456 1079 1505 meis
1123 1455 1405 1506 demeritis
1452 1453 1607 1520 (quia

85 1542 238 1592 alter
292 1541 529 1591 alterum
581 1554 690 1589 non
743 1543 979 1590 noverat
1018 1553 1199 1604 neque
1242 1539 1462 1592 viderat
1503 1557 1604 1590 un-

83 1623 275 1690 quam)
325 1624 524 1688 quovis
563 1622 720 1674 modo
765 1622 1195 1690 precedentibus
1240 1625 1386 1690 apud
1431 1624 1492 1676 Ο.
1528 1625 1603 1678 Μ.

80 1709 233 1758 male
267 1708 545 1770 tractarit,
581 1707 872 1758 verissima
908 1708 1143 1774 quedam
1180 1712 1371 1758 contra
1394 1725 1479 1760 me
1504 1724 1603 1773 pro

79 1789 270 1857 Iudeis
305 1791 608 1842 falsissime
643 1791 1020 1855 improbando.
1091 1792 1439 1856 Quapropter
1472 1793 1607 1842 mihi

79 1875 219 1941 proh
254 1874 408 1926 dolor
442 1876 526 1925 sic
561 1889 818 1924 curarum
851 1876 1091 1925 omnium
1123 1874 1321 1939 libero,
1353 1876 1605 1939 nihilque

79 1958 296 2010 fraudis
349 1959 574 2026 inopine
631 1959 930 2024 cogitanti,
990 1959 1355 2024 respondendi
1396 1960 1601 2024 stylum

79 2041 176 2094 vel.
206 2043 386 2094 invito
421 2043 654 2105 obiecit,
701 2056 808 2106 quo
844 2059 1063 2108 semper
1102 2044 1151 2092 is
1189 2043 1285 2106 qui
1330 2043 1479 2111 lesus
1516 2049 1602 2094 est

79 2128 232 2192 prior
266 2123 544 2191 (quamvis
589 2128 758 2177 etiam
801 2127 952 2176 intra
994 2126 1207 2178 infimos
1252 2143 1439 2179 omnes
1476 2143 1599 2178 esse

79 2211 329 2262 homines
363 2209 640 2276 videatur)
665 2211 810 2261 tueri
841 2226 985 2276 sese,
1022 2215 1080 2262 et
1112 2211 1169 2261 id
1204 2211 1425 2276 quidem
1458 2211 1598 2263 duce

79 2299 311 2360 natura,
366 2310 477 2346 non
520 2295 804 2344 instrenuo
849 2296 918 2344 ab
967 2295 1347 2347 adorientibus
1393 2301 1598 2362 potest.

79 2378 276 2430 Multis
310 2380 504 2443 itaque
538 2377 595 2428 id
629 2393 806 2444 genus
850 2378 979 2429 aliis
1025 2381 1188 2430 rebus
1225 2390 1293 2431 ac
1330 2381 1601 2432 clausulis

79 2463 208 2531 (que
245 2465 306 2514 in
339 2467 532 2514 nostra
577 2462 648 2512 ad
681 2467 834 2514 tuam
867 2465 1228 2514 sanctitatem
1272 2462 1597 2516 defensione

79 2549 348 2613 prolixius
403 2546 776 2610 continentur)
823 2562 934 2597 nen
982 2545 1304 2598 indecenter
1356 2551 1595 2615 omissis,

79 2633 179 2682 hoc
217 2633 396 2684 solum
431 2631 721 2695 adiiciam,
765 2630 912 2695 quod
950 2631 1075 2696 ipse
1109 2633 1348 2684 Ioannes
1380 2634 1593 2684 Reueh-

79 2717 152 2766 lin
202 2721 260 2766 et
303 2721 614 2768 sectatores
671 2716 789 2765 cius
835 2715 930 2782 Oe.
977 2731 1081 2766 ma.
1128 2717 1469 2784 mandatum,
1526 2718 1593 2781 de

1222 2803 1290 2851 20
