1942 3109
54 238 546 288 tununnosns
585 236 1109 274 osscvaon.v1non.
1136 220 1453 288 [varanna]
1496 221 1596 272 211

71 349 266 396 tamen
306 347 554 396 nostrum
601 341 860 394 concidat
907 343 1140 392 animus.
1210 340 1408 392 Plures
1454 343 1600 392 enim

72 442 303 480 numero
339 429 618 494 theologis
657 443 862 494 sumus,
900 443 1007 478 nec
1040 426 1131 478 illi
1154 441 1255 478 nos
1278 425 1601 491 sophisticis

73 516 192 566 suis
230 513 570 580 syllogismis
607 517 708 564 aut
741 513 902 565 libris
937 512 1341 564 sententiarum
1378 510 1602 562 convin-

50 605 226 665 1cent,
265 600 360 664 qui
395 602 580 666 preter
615 598 870 649 doctores
895 597 1137 665 ecclesie
1162 596 1419 662 legerunt
1441 593 1605 658 nihil,

76 700 184 736 nec
220 683 360 736 illud
397 683 616 748 quidem
650 683 1025 749 virgilianum
1060 680 1411 746 intelligunt,
1450 678 1605 730 Cori-

49 769 179 832 1ἀοι]
218 768 453 821 ardebat
475 769 686 820 Alexis.
722 768 863 820 Vale
890 783 958 819 ex
981 765 1421 830 Buckelmunda,
1446 765 1603 814 Anno

45 870 184 926 ‚quo
222 870 408 920 supra.

822 1021 854 1072 3

427 1109 480 1169 1[
521 1104 867 1170 Ioannes
910 1103 1274 1168 Pellifex

41 1224 58 1264 J
363 1208 755 1260 Bernhardo
789 1207 1209 1273 Plumilegio
1249 1206 1323 1257 .S.

183 1309 330 1362 Novi
363 1313 422 1360 te
459 1324 584 1361 esse
620 1310 960 1376 astrologum
984 1313 1043 1362 et
1066 1307 1374 1374 capitulum
1392 1307 1609 1360 Valerii

76 1393 314 1446 Maximi
347 1393 416 1444 (le
451 1395 680 1444 somniis
715 1394 1028 1458 lectitasse,
1060 1398 1119 1446 te
1156 1408 1376 1458 quoquc
1402 1407 1527 1444 esse
1552 1396 1609 1444 et

74 1479 433 1546 haruspicem
469 1484 526 1530 et
560 1479 1039 1545 nigromanticum.
1087 1479 1273 1542 Quare
1308 1483 1365 1529 te
1402 1493 1497 1530 oro
1524 1479 1609 1528 at-

78 1580 190 1631 que
226 1565 477 1632 obsecro,
514 1571 578 1617 ut
613 1579 841 1630 corpore
867 1564 1123 1632 spherico
1147 1565 1255 1616 rite
1280 1563 1607 1630 diligenter-

37 1665 60 1706 5
77 1666 190 1716 que
213 1665 248 1698 a
269 1653 326 1700 te
351 1654 645 1714 perspecto
669 1650 776 1701 hoc
799 1649 934 1699 mihi
968 1647 1247 1700 dissolvas
1278 1652 1607 1714 portentum.

75 1735 424 1785 Dormitanti
446 1735 581 1784 mihi
604 1735 712 1784 hac
735 1738 899 1785 nocte
925 1734 1328 1799 plurimumque
1352 1733 1613 1794 stertenti

78 1815 264 1866 tristis
301 1814 538 1882 quedam
571 1817 757 1881 imago
795 1819 1077 1884 apparuit,
1114 1833 1220 1886 que
1246 1833 1330 1868 me
1357 1819 1416 1867 in
1440 1832 1609 1882 pene-

77 1898 323 1950 tralibus
359 1899 568 1951 intimis
603 1903 900 1953 cubantem
921 1906 1141 1955 terrens
1166 1905 1411 1968 quietem
1432 1902 1611 1956 somni
1655 1953 1663 1960 ,

77 1982 463 2035 dulcissimam
497 1984 820 2050 interrupit,
867 1989 1049 2038 noctis
1087 2002 1307 2052 quoque
1342 1987 1482 2040 fecit
1516 2003 1609 2038 ex·

37 2069 284 2126 ocubias
321 2071 378 2120 et
410 2067 802 2133 lachrymabili
824 2084 962 2122 voce
1000 2087 1068 2123 ac
1103 2071 1335 2137 planctu
1367 2072 1611 2139 pectoris

75 2157 241 2205 iuxta
285 2151 555 2206 lectulum
597 2157 782 2219 stans,
829 2170 1059 2220 magnos
1108 2155 1303 2206 effudit
1346 2157 1611 2210 eiulatus.

80 2235 232 2302 Quid
266 2237 372 2306 hec
407 2238 744 2304 portendant
779 2241 993 2306 ignoro.
1046 2242 1237 2293 Timeo
1273 2241 1479 2294 inferni
1513 2257 1611 2308 po·

77 2325 197 2375 tius
237 2319 356 2390 [(de
392 2338 500 2388 quo
535 2328 726 2376 noster
750 2324 1007 2391 Capnion
1040 2326 1263 2378 locutus
1288 2325 1419 2391 est)]
1445 2341 1611 2390 quam

79 2410 314 2476 superni
355 2409 506 2462 Iovis
551 2409 730 2462 fuisse
775 2411 1102 2477 imaginem,
1158 2411 1431 2475 nobisque
1476 2426 1611 2462 non-

37 2511 60 2552 5
79 2495 227 2547 nihil
267 2495 630 2551 infelicitatis
676 2495 978 2556 imminere.
1048 2495 1191 2550 Vale
1236 2513 1306 2550 ex
1348 2495 1612 2563 Liptzich

83 2595 232 2631 anno
267 2595 376 2646 quo
399 2569 604 2648 supra.
713 2567 720 2574 ⁶

151 2745 178 2784 5
211 2734 594 2801 Vergilianum
617 2738 667 2788 2.
771 2747 797 2788 6
829 2737 1040 2792 Alexis.
1064 2740 1143 2789 sic
1165 2741 1214 2792 1.
1241 2739 1295 2790 2.
1392 2768 1400 2779 ·

1199 2819 1311 2874 14*
