1942 3109
258 276 356 327 334
423 290 713 325 EPISTOLAE
741 288 1103 326 OBSCVBORVM
1129 288 1383 323 VIRORVM
1410 287 1586 323 NOVAE.

965 476 1050 527 57.

414 601 464 658 (Ι
509 593 902 660 Galienus
946 592 1593 657 Padebornensi's

531 700 862 764 Magistro
911 698 1197 747 Ortvino
1246 698 1481 747 Gratio

877 781 1139 833 Salutem.

353 902 701 955 Venerabilis
719 902 1009 968 Magister,
1029 902 1293 952 terribilis
1314 902 1421 951 fuit
1443 902 1572 951 mihi
1594 904 1755 953 valde

253 1006 362 1039 una
406 988 632 1053 loquela
679 1003 784 1055 que
829 989 1082 1053 pervenit
1129 986 1198 1037 ad
1241 1004 1325 1036 me
1370 988 1582 1038 faciens
1624 988 1757 1036 mihi

253 1090 472 1139 surgere
501 1073 692 1123 Crines
719 1076 987 1138 superius.
1036 1073 1138 1122 Est
1164 1076 1345 1122 autem
1370 1073 1521 1122 talis:
1561 1073 1758 1123 Omnes

251 1160 366 1209 fere
405 1158 688 1207 studentes
727 1162 782 1207 et
819 1158 1009 1207 clerici
1046 1159 1140 1220 qui
1162 1158 1391 1208 veniunt
1416 1174 1481 1207 ex
1509 1157 1758 1223 Colonia,

252 1244 441 1293 dicunt
478 1242 621 1306 quod
658 1247 744 1292 est
779 1258 1041 1305 murmur,
1093 1242 1235 1305 quod
1270 1243 1473 1292 fratres
1510 1243 1761 1310 predica-

253 1334 401 1379 tores
441 1332 735 1392 antequam
771 1327 964 1377 volunt
1001 1326 1143 1389 quod
1176 1326 1451 1375 Iohannes
1487 1327 1762 1377 Reuchlin

253 1414 418 1465 debet
465 1429 557 1463 eos
600 1413 826 1462 vincere
874 1412 930 1458 in
980 1424 1147 1458 causa
1192 1408 1345 1471 fidei,
1401 1411 1511 1475 ipsi
1566 1414 1765 1463 volunt

251 1501 434 1564 potius
480 1497 765 1564 predicare
810 1509 974 1543 unam
1020 1494 1189 1542 aliam
1234 1494 1409 1542 fidem.
1491 1494 1565 1543 Et
1622 1498 1765 1548 dixit

253 1584 472 1646 quidam
521 1580 663 1643 quod
709 1582 794 1628 est
838 1577 1103 1642 possibile
1150 1576 1291 1641 quod
1336 1578 1553 1639 quando
1600 1580 1765 1646 Papa

251 1669 394 1717 facit
430 1665 760 1715 sententiam
799 1666 990 1712 contra
1027 1678 1147 1726 eOS,
1186 1662 1326 1727 quod
1362 1661 1523 1713 ibunt
1559 1665 1617 1712 in
1652 1665 1761 1717 Bo—

253 1751 484 1800 hemiam
532 1753 586 1798 et
631 1748 928 1798 hortabunt
974 1748 1245 1814 hereticos
1305 1747 1373 1798 ad
1430 1748 1755 1799 credendum

255 1837 444 1883 contra
469 1833 780 1882 Ecclesiam
819 1835 873 1881 et
907 1832 1144 1897 Papam,
1185 1837 1239 1883 et
1279 1834 1360 1883 sic
1395 1833 1759 1885 vindicabunt

251 1920 523 1969 iniuriam.
608 1918 658 1976 O
700 1918 840 1967 bone
888 1916 1102 1967 domine
1150 1918 1409 1983 Ortvine‚
1458 1920 1761 1970 consulatis

253 2004 332 2053 eis
371 2003 514 2068 quod
550 2018 659 2054 non
693 2003 935 2052 faciunt:
978 2004 1108 2067 quia
1135 2006 1281 2053 esset
1303 2018 1502 2068 magna
1526 2003 1761 2070 heresis·

251 2090 368 2155 Ego
425 2104 583 2153 spero
641 2087 783 2151 quod
827 2104 936 2138 non
985 2092 1070 2137 est
1112 2102 1314 2137 verum.
1394 2089 1467 2136 Et
1513 2090 1761 2153 cogitavi

250 2183 489 2222 meeum:
537 2170 718 2222 ‘Forte
767 2172 908 2236 quod
943 2172 1327 2238 Predicatores
1362 2173 1637 2221 minantur
1672 2175 1759 2223 sic

250 2273 420 2323 pape,
464 2255 714 2305 volentes
762 2270 882 2304 eum
925 2258 1161 2317 terrere,
1208 2254 1352 2317 quod
1397 2255 1561 2307 debet
1607 2260 1758 2323 cogi-

249 2346 368 2397 tare
424 2339 609 2404 „Ecce
669 2340 719 2389 si
773 2354 872 2403 ego
929 2354 1037 2388 non
1081 2338 1222 2389 dabo
1270 2339 1611 2391 Sententiam
1655 2359 1757 2406 pro

249 2427 412 2491 ipsiS,
460 2428 592 2475 tune
638 2424 750 2490 ipsi
797 2427 953 2473 erunt
989 2424 1045 2472 in
1078 2428 1311 2474 maximo
1350 2430 1660 2490 contemptu
1701 2431 1760 2476 et

251 2511 536 2574 despectu,
572 2510 645 2558 Et
679 2512 826 2559 totus
861 2508 1091 2558 mundus
1130 2510 1237 2558 erit
1270 2510 1521 2559 inimicus
1548 2526 1756 2561 eorum:

252 2599 305 2645 et
341 2610 496 2643 nemo
545 2594 698 2644 dabit
744 2594 822 2644 eis
868 2592 1255 2658 Elemosynas,
1303 2597 1356 2643 et
1401 2592 1759 2645 destruentur

250 2680 584 2729 monasteria
622 2694 830 2729 eorum:
868 2681 999 2727 tune
1032 2678 1191 2727 ibunt
1225 2678 1283 2726 in
1306 2677 1623 2728 Bohemiam
1657 2680 1757 2730 vel

252 2766 416 2814 etiam
459 2765 517 2813 in
561 2764 812 2813 Turciam
867 2768 920 2813 et
972 2762 1360 2830 predicabunt‚
1420 2762 1561 2826 quod
1614 2763 1754 2815 fides
