1942 3109
593 237 654 281 12.
679 242 977 278 wantum
1004 240 1169 277 ntur.
1542 226 1643 278 207

148 348 200 395 et
231 352 345 400 eius
378 346 588 397 vasalli
621 350 680 398 et
713 345 960 399 Curiales
1000 351 1057 397 et
1088 350 1311 413 satrape
1348 352 1405 398 et
1436 346 1643 398 milites

148 436 200 482 et
233 433 504 498 armigeri,
541 432 810 483 habentes
843 436 1029 484 vestes
1054 432 1265 484 sericas
1291 436 1349 483 et
1372 432 1641 484 cathena·

145 532 332 568 aureas
367 519 426 567 in
463 517 704 569 collibus
741 518 872 568 suis.
942 518 1016 568 Et
1064 518 1241 584 aliqui
1274 518 1501 569 fuerunt
1534 522 1643 569 ter·

144 602 328 653 ribiles
360 618 483 655 cum
521 603 714 653 barbis
750 607 804 653 et
835 604 1061 654 bin-etis
1085 604 1280 655 seinis
1302 603 1641 654 militariter.

142 686 209 736 Et
228 688 378 739 timui
405 687 688 741 comedere
711 688 770 737 in
791 688 1057 755 hospitio,
1096 689 1231 753 quia
1266 686 1457 739 audivi
1478 702 1643 738 unum

143 770 426 824 dicentem:
475 773 558 824 ‘Si
594 776 746 824 esset
777 772 1107 839 Imperator,
1155 774 1277 839 ipse
1312 773 1489 824 vellet
1522 786 1641 823 sus·

143 856 366 919 pendere
399 873 592 909 omnes
627 856 967 922 Gurtisanoz,
1006 859 1139 923 quia
1170 856 1385 910 vadunt
1414 858 1641 909 Romam

145 945 195 991 et
216 940 430 993 diseunt
451 942 754 1007 nequitias.
816 943 900 995 Ibi
938 944 1107 994 etiam
1144 915 1431 1007 decipiunt
1462 958 1521 995 se
1558 944 1641 993 in-

141 1026 306 1077 vicem
326 1044 424 1093 pro
447 1027 766 1091 benefieiis,
807 1033 862 1079 et
881 1032 1095 1080 vexant
1114 1027 1259 1079 alios
1282 1026 1643 1079 beneficiatos

145 1110 195 1159 in
224 1110 502 1177 Almania,
553 1117 610 1163 et
643 1114 862 1164 faciunt
907 1112 1053 1177 quod
1094 1112 1331 1178 pecunia
1374 1112 1529 1161 venit
1572 1110 1644 1161 ad

147 1194 351 1249 Romam
386 1198 454 1250 de
487 1198 794 1249 Almania’:
837 1198 912 1248 Et
957 1200 1040 1249 sie
1074 1195 1191 1248 vidi
1226 1195 1371 1261 quod
1404 1196 1500 1247 isti
1534 1194 1640 1247 Gu-
1670 1246 1677 1253 ,

145 1280 298 1333 riales
329 1300 439 1335 non
476 1288 678 1335 curant
709 1282 870 1335 deum
904 1298 1083 1348 neque
1116 1281 1393 1335 homines:
1430 1286 1486 1333 et
1508 1298 1639 1349 ergo

145 1366 388 1427 peribunt
434 1370 588 1420 sient
642 1368 824 1434 pulvis
877 1385 910 1419 a
963 1369 1111 1419 facie
1170 1368 1342 1420 venti.
1434 1366 1641 1417 Postea

145 1451 484 1505 transivimus
527 1469 628 1519 per
671 1468 836 1504 unum
879 1458 1117 1504 montem
1160 1453 1257 1517 qui
1302 1451 1411 1502 fuit
1444 1451 1641 1517 plenus

147 1536 265 1587 nive
299 1541 353 1588 et
385 1536 473 1591 est
505 1540 592 1589 ita
636 1538 811 1601 altus,
858 1537 1003 1603 quod
1048 1537 1209 1588 oredo
1254 1536 1399 1601 quod
1442 1538 1643 1588 transit

153 1618 216 1669 ad
254 1623 480 1675 medium
527 1623 670 1692 Geli.
757 1623 830 1673 Et
876 1624 985 1675 fuit
1027 1624 1109 1673 ita
1155 1638 1410 1689 magnum
1462 1624 1641 1688 frigus

149 1720 302 1770 super
349 1707 502 1759 illum
561 1712 822 1772 montem,
881 1706 1026 1772 quod
1068 1708 1263 1772 putavi
1307 1707 1513 1759 habere
1558 1707 1641 1757 fe·-

149 1789 315 1855 brem,
349 1797 404 1843 et
435 1794 684 1860 cogitavi
717 1792 784 1845 de
819 1793 970 1843 stufa
1005 1806 1127 1841 mea
1166 1788 1414 1859 colonie.
1482 1790 1643 1841 Dixit

151 1877 326 1925 autem
367 1880 549 1930 socius
591 1892 772 1928 meus:
828 1875 896 1929 ‘O
940 1878 991 1928 si
1044 1876 1303 1929 haberem
1358 1874 1642 1941 pellicium

151 1965 348 2012 meum'.
413 1964 570 2016 Tune
611 1962 728 2013 dixi
769 1963 852 2014 ei:
897 1963 1027 2015 ‘Vos
1060 1976 1273 2028 semper
1308 1962 1539 2025 queritis
1574 1959 1641 2011 de

154 2032 438 2109 frigiditate
485 2047 706 2115 quando
753 2048 887 2099 estis
933 2047 991 2097 in
1040 2045 1273 2111 Campo,
1320 2048 1377 2095 et
1424 2042 1641 2107 quando

155 2128 344 2180 venitis
391 2133 460 2185 ad
519 2134 841 2199 hospitium,
900 2135 1034 2183 tune
1088 2130 1258 2181 vultis
1318 2143 1640 2195 supponere.

159 2210 272 2261 Non
312 2218 458 2271 scitis
507 2218 654 2284 quod
700 2219 876 2270 coitus
923 2216 1091 2269 etiam
1126 2214 1467 2281 infrigidat?’
1536 2214 1641 2267 Re-

163 2296 360 2359 spondit
397 2304 517 2369 ipse
563 2302 706 2369 quod
747 2318 858 2355 non
900 2301 1120 2353 videtur
1162 2300 1270 2351 sibi
1306 2299 1451 2363 quod
1483 2300 1643 2349 infri-

169 2380 326 2449 giam,
369 2389 465 2439 sed
511 2389 790 2441 ealefacit.
867 2387 944 2436 Et
963 2432 967 2436 .
986 2385 1203 2438 debetis
1248 2384 1422 2448 seire,
1464 2383 1642 2450 Magi·

168 2466 266 2515 ster
297 2469 542 2539 Ortvine‚
589 2473 732 2539 quod
765 2474 824 2523 in
856 2472 977 2524 vita
1010 2486 1132 2521 mea
1167 2484 1276 2520 non
1318 2466 1435 2519 vidi
1478 2482 1643 2519 unum

173 2545 410 2607 hominem
443 2560 524 2609 ita
559 2558 924 2609 luxuriosumz
971 2570 1186 2621 semper
1219 2551 1437 2617 quando
1472 2554 1641 2603 intra-

175 2633 326 2690 vimus
363 2656 524 2695 unum
568 2644 892 2710 hospitium,
949 2643 1085 2691 tune
1135 2638 1367 2702 primum
1419 2636 1646 2683 verbum

177 2716 272 2768 fuit
299 2724 359 2776 td
389 2729 650 2781 famulum
693 2726 958 2792 hospitis:
1005 2722 1071 2772 ‘0
1118 2718 1354 2779 famule,
1397 2729 1508 2762 non
1548 2714 1647 2760 ha·
