1942 3109
278 228 378 280 264
457 242 749 279 anamotus
773 240 1135 279 onscvnonvn
1157 240 1411 279 vmonvu
1436 239 1615 279 novas.

281 348 434 399 laudi
469 347 660 399 Pontii
689 348 785 399 vel
817 346 986 397 Pauli
1020 346 1215 397 Niavis
1250 348 1347 411 qui
1379 348 1491 398 fuit
1532 350 1815 415 magister

280 434 588 499 Lipsensis.
645 433 833 483 Etiam
866 433 964 483 isti
994 436 1159 500 poete
1192 436 1323 482 sunt
1354 448 1503 483 nune
1523 433 1690 485 valde
1716 449 1813 487 re-

281 518 628 585 prehensivi‚
685 522 742 569 et
795 517 1015 581 quando
1072 516 1279 581 aliquis
1324 518 1523 569 scribit
1567 519 1811 586 aliquid,

283 607 418 653 tune
463 602 680 652 dieunt:
725 601 896 653 ‘Eece
939 602 1020 653 ibi
1065 605 1123 651 et
1156 602 1237 653 ibi
1271 617 1381 652 non
1416 606 1503 653 est
1534 603 1681 653 bona
1716 603 1812 656 la·—

283 688 578 739 tinisatio':
627 692 684 738 et
728 688 960 738 veniunt
1004 687 1111 736 hue
1160 701 1281 737 eum
1326 688 1441 737 suis
1486 689 1643 739 novis
1690 691 1812 739 ter-

280 773 444 823 minis
505 775 562 822 et
622 772 967 823 confundunt
1020 773 1306 836 antiquam
1364 774 1806 837 grammaticam.

279 860 426 923 Ergo
481 873 590 907 non
643 872 868 923 possum
921 857 1169 908 seribere
1212 858 1271 907 in
1318 858 1441 908 istis
1489 857 1807 909 CaloribuS.

281 943 428 1007 Ergo
464 942 722 993 habeatis
759 959 843 994 me
865 944 1221 1001 excusatum.
1290 942 1366 991 Et
1398 943 1615 997 Valete.
1682 944 1808 993 Da—

285 1030 399 1079 tum
433 1027 624 1095 Rome.

1001 1250 1086 1303 32.

287 1370 336 1429 (ἱ
379 1366 770 1450 Magister
811 1363 1270 1428 Henriehus
1316 1362 1807 1429 Cribelinio-
1846 1408 1851 1411 -

881 1486 1199 1529 nlaelus

711 1569 1049 1635 Magistro
1087 1566 1374 1619 Ortvino

913 1651 1177 1704 Salutem.

387 1772 740 1826 Venerabilis
764 1774 1059 1839 Magister,
1095 1773 1326 1840 primum
1362 1779 1417 1825 et
1453 1779 1585 1829 ante
1618 1778 1807 1828 omnia

287 1860 508 1924 sciatis,
547 1858 691 1924 quod
725 1858 936 1924 perdidi
968 1858 1109 1909 duas
1143 1860 1480 1924 sententiae,
1520 1866 1576 1913 et
1610 1863 1659 1912 si
1683 1879 1806 1927 per-

287 1946 356 1995 do
392 1946 642 2017 tertiam,
676 1948 810 1993 tune
845 1942 1101 1998 diabolus
1138 1945 1244 1996 erit
1266 1944 1467 1997 Abbas.
1528 1947 1603 1995 Et
1638 1948 1805 1997 timeo

287 2029 479 2095 valde,
525 2032 658 2095 quia
693 2028 926 2083 Auditor
959 2028 1103 2081 dixit
1146 2031 1305 2081 mihi:
1354 2029 1479 2083 ‘Per
1522 2030 1708 2093 deum,
1756 2032 1807 2081 si

291 2132 468 2167 essem
489 2116 636 2167 sieut
657 2130 785 2178 v03‚
825 2131 928 2181 ego
951 2131 1063 2165 non
1086 2115 1289 2167 vellem
1326 2116 1632 2182 appellare,
1670 2116 1806 2179 quia

288 2216 397 2251 non
433 2199 653 2251 habetis
688 2199 818 2248 Ius':
865 2214 997 2263 ergo
1042 2215 1151 2250 non
1188 2202 1303 2251 seio
1340 2200 1473 2265 quid
1507 2200 1681 2252 debeo
1718 2201 1805 2251 fa-

292 2301 433 2335 cere.
503 2284 624 2349 Ego
671 2282 834 2333 oredo
879 2282 1024 2346 quod
1067 2283 1315 2349 theologi
1356 2285 1461 2335 hoe
1506 2300 1653 2335 anno
1694 2300 1807 2335 non

289 2370 495 2420 debent
537 2369 816 2420 fortunam
861 2368 1085 2419 habere.
1169 2368 1315 2430 Quia
1361 2368 1529 2419 etiam
1572 2368 1806 2420 eximius

289 2454 376 2505 vir
408 2454 676 2506 Dominus
711 2452 982 2519 Magister
1014 2456 1203 2503 noster
1223 2452 1419 2503 Petrus
1442 2452 1633 2517 Meyer
1666 2456 1807 2505 satis

293 2538 436 2590 male
461 2542 576 2589 stat
597 2539 655 2589 in
681 2553 853 2589 eausa
877 2552 981 2589 sua
1007 2540 1200 2589 eontra
1220 2535 1533 2589 canonicos
1554 2538 1804 2588 Franck-

293 2622 626 2688 fordienses,
675 2623 820 2689 quod
863 2625 1070 2675 vexant
1113 2622 1270 2676 illum
1314 2624 1514 2675 bonum
1550 2626 1607 2673 et
1640 2622 1803 2675 devo-

293 2714 407 2763 tum
443 2713 670 2779 patrem.
743 2707 852 2761 Sed
889 2708 1049 2763 oredo
1086 2706 1231 2776 quod
1278 2708 1373 2761 isti
1409 2704 1679 2762 canonici
1720 2709 1803 2763 fa·
