1942 3109
237 239 334 289 178
409 255 700 292 Ems'ronae
725 255 1091 291 onscvnouvu
1118 255 1373 308 vmogivu
1400 254 1580 290 novaez.

963 440 1023 499 6.

333 566 384 626 (i
427 561 819 647 Magister
865 559 1301 628 Cornelius
1348 561 1665 627 Storati

659 665 993 731 Magistro
1044 664 1330 717 Ortvino

699 749 949 800 Salutem
965 749 1285 800 Plurimam.

335 869 644 922 Secundum
682 869 966 934 postulata
1002 873 1192 921 vestra
1230 884 1338 937 que
1364 870 1599 920 misistis
1624 871 1764 921 mihi

230 957 290 1007 in
341 957 556 1019 urbem,
621 954 841 1018 quando
898 953 1079 1003 adhuc
1131 955 1214 1004 fui
1268 953 1433 1020 Cui-ie
1485 955 1761 1022 Romane,

233 1040 377 1106 quod
412 1039 586 1092 debeo
621 1041 782 1090 vobis
819 1038 1200 1090 articulati-iter
1234 1039 1579 1106 significare,
1630 1055 1757 1104 quo-

234 1125 388 1177 modo
425 1129 541 1176 stat
573 1125 867 1190 negocium
902 1124 960 1174 in
1001 1139 1173 1174 eausa
1208 1123 1363 1188 fidei,
1399 1126 1547 1174 inter
1580 1140 1679 1176 vos
1706 1128 1765 1175 et

233 1211 376 1260 alios
423 1209 735 1274 Theologos
781 1213 837 1260 et
870 1209 1175 1259 Iohannem
1209 1208 1513 1260 Reuchlin:
1565 1209 1763 1260 adver-

231 1296 368 1344 tatis
404 1309 575 1360 rogot·
604 1308 706 1358 ego
741 1294 824 1342 ita
863 1292 1125 1344 celeriter
1160 1293 1316 1343 abivi
1353 1293 1497 1357 quod
1530 1309 1642 1345 non
1665 1311 1763 1358 po-

234 1380 320 1430 tui
361 1378 603 1429 seribere
649 1393 816 1428 unum
861 1377 1107 1428 verbum.
1181 1378 1257 1427 Et
1299 1379 1563 1442 proposui
1606 1379 1765 1442 mihi,

234 1463 379 1527 quod
413 1479 514 1530 ego
548 1463 676 1513 volo
715 1462 877 1513 vobis
925 1461 1172 1512 seribere
1210 1477 1279 1512 ex
1314 1463 1527 1527 patria,
1566 1467 1624 1513 et
1659 1479 1765 1528 ego

232 1563 380 1599 nune
415 1547 583 1598 faeio.
653 1548 802 1612 Ergo
837 1547 1035 1597 sciatis
1071 1546 1217 1610 quod
1262 1547 1480 1610 quando
1529 1562 1633 1612 ego
1678 1548 1765 1598 fui

231 1633 428 1700 Rome,
466 1637 600 1682 tune
633 1647 744 1682 non
777 1631 919 1682 bene
957 1631 1143 1695 stetit,
1177 1631 1342 1681 valde
1380 1630 1561 1682 doleo.
1618 1632 1763 1682 Nam

231 1719 498 1782 magister
542 1720 732 1766 noster
764 1715 1007 1766 Iacobus
1051 1715 1119 1766 de
1156 1716 1534 1766 Hoehstraten
1582 1717 1760 1767 estin

231 1817 434 1868 magna
481 1804 830 1868 paupertate.
916 1801 1039 1851 Non
1091 1799 1313 1851 habetis
1366 1800 1761 1852 verecundiam

231 1903 332 1938 vos
379 1886 676 1951 Theologi,
725 1884 871 1948 quod
915 1900 1025 1934 non
1070 1885 1293 1934 mittitis
1344 1886 1396 1934 ei
1429 1887 1765 1950 pecuniam?

233 1973 344 2022 Vos
379 1970 550 2021 vultis
587 1969 849 2034 expedire
885 1969 1201 2034 magnalia,
1240 1975 1299 2020 et
1333 1985 1444 2020 non
1466 1970 1644 2021 vultis
1668 1985 1763 2020 ex-

233 2071 437 2121 ponere
473 2055 786 2121 peeuniam.
849 2051 1091 2104 Creditis
1126 2054 1272 2117 quod
1308 2055 1389 2104 sie
1427 2059 1514 2105 est
1547 2055 1763 2105 facien-

235 2140 395 2192 dum?
433 2139 666 2202 Quando
713 2139 812 2190 ille
859 2139 1126 2224 magister
1161 2143 1349 2191 noster
1386 2140 1620 2191 intravit
1655 2139 1764 2190 Ro-

233 2241 378 2275 mam
417 2239 538 2273 eum
575 2223 786 2274 duobus
821 2224 913 2275 vel
947 2225 1127 2275 tribus
1174 2225 1359 2287 equis,
1408 2224 1623 2274 habens
1668 2241 1765 2290 pe-

237 2310 460 2361 cuniam
495 2310 552 2359 in
587 2308 791 2372 hanon,
831 2312 888 2359 et
923 2308 1060 2358 dans
1096 2309 1387 2374 propinas,
1424 2313 1557 2358 tune
1585 2307 1763 2360 Curti-

237 2396 362 2446 sani
396 2393 560 2445 valde
596 2393 1009 2445 honoraverunt
1042 2395 1238 2459 ipsum.
1312 2393 1385 2442 Et
1430 2392 1573 2443 dixit
1618 2408 1763 2443 unus

239 2480 308 2531 ad
334 2480 531 2530 alium:
571 2477 729 2541 ‘Quis
756 2483 842 2529 est
863 2478 1027 2528 iste?’
1063 2477 1369 2543 Respondit
1404 2478 1579 2528 alius:
1616 2477 1764 2543 ‘Ipse

239 2567 326 2614 est
361 2578 501 2613 unus
525 2564 737 2613 Doetor
772 2563 839 2613 de
864 2561 1154 2625 Almania‚
1192 2563 1275 2612 ita
1312 2562 1578 2612 notabilis
1616 2563 1764 2612 sieut

241 2652 328 2699 est
359 2647 655 2712 possibile,
695 2651 751 2698 et
787 2651 872 2698 est
907 2646 1291 2711 speculativas
1330 2649 1388 2696 et
1422 2647 1762 2711 argumenti-

239 2734 332 2783 fex
376 2733 702 2797 singularis,
750 2731 895 2796 quod
939 2746 1049 2781 non
1094 2729 1266 2780 habet
1309 2730 1561 2780 similem.
1634 2731 1764 2796 Ipse
