1942 3109
57 235 544 284 LAunn'rn'rmuns
584 229 889 267 onscvnon.
916 205 1454 276 v1303.[v1·21131ms.]
1496 206 1597 256 225

54 343 390 408 Antwerpie
446 335 711 404 postridie
769 335 1051 400 assumpte
1104 329 1356 395 virginIs.
1441 325 1596 376 Anno

58 435 510 488 .M.ccccc.xv11.

799 589 878 640 11.

151 687 208 746 (1
251 682 594 746 Ioannes
639 669 1145 738 Arnoldinus
1189 665 1537 752 Lyricen

61 787 412 844 Pultrono
469 776 970 832 Fenestrificis
1031 772 1299 834 totique
1359 769 1603 819 obscu-

437 881 652 915 rorum
689 862 954 912 cohorti
991 857 1067 908 .S.
1091 857 1154 908 P.
1180 857 1247 904 D.

143 970 445 1030 Vulneror,
459 970 514 1016 et
533 964 779 1014 clausum
797 966 955 1027 porto
978 960 1076 1009 sub
1102 960 1325 1023 pectore
1348 956 1538 1018 telum,

224 1053 440 1104 Crescit
473 1054 528 1101 et
562 1047 782 1100 assidue
816 1045 989 1111 plaga
1012 1043 1277 1106 dolorque
1302 1041 1460 1091 mihi:

145 1140 265 1195 Sed
289 1136 542 1189 ferientis
569 1133 748 1185 adhuc
773 1146 885 1182 non
910 1128 1085 1178 audeo
1110 1127 1298 1176 dicere
1323 1139 1539 1187 nomen,

221 1225 341 1273 Nec
377 1222 511 1270 sinit
546 1222 804 1283 aspectus
839 1215 1010 1280 plaga
1038 1211 1225 1264 videre
1260 1225 1407 1261 suos.

59 1316 349 1367 Miserum
386 1308 472 1354 est
507 1301 788 1353 exturbari
821 1298 1061 1350 fortunis
1099 1296 1376 1358 omnibus,
1424 1296 1611 1358 patres

65 1389 421 1454 conscripti,
467 1381 728 1437 acerbum
775 1397 995 1448 quoque
1031 1397 1065 1430 a
1100 1379 1277 1430 doctis
1316 1379 1609 1438 contemni,

65 1475 348 1535 acerbius
409 1489 442 1522 a
500 1471 662 1522 docto
730 1472 786 1520 et
843 1467 1114 1531 sapiente.
1199 1463 1343 1527 Quid
1400 1462 1611 1512 multa?

61 1568 322 1627 Magnus
380 1557 478 1609 ille
523 1557 785 1607 Erasmus
844 1568 1006 1619 sacre
1065 1549 1345 1615 theologie
1400 1546 1613 1608 doctor,

64 1649 256 1720 poeta
317 1646 374 1690 et
429 1642 663 1707 insignis
723 1642 939 1701 orator,
1009 1651 1109 1686 nos
1164 1633 1343 1684 veluti
1398 1635 1609 1696 pestem

63 1725 369 1800 quandam
415 1723 751 1787 detestatur,
795 1723 971 1789 fugit,
1017 1717 1330 1782 insequitur
1374 1719 1431 1765 et
1476 1714 1610 1764 odit.

65 1812 203 1868 Ubi
238 1821 386 1854 nunc
419 1807 568 1854 vires
603 1811 824 1873 nostre?
871 1806 970 1856 ubi
1005 1803 1189 1854 elatus
1227 1800 1475 1849 animus?
1512 1798 1610 1847 ubi

63 1896 360 1954 nocturne
383 1888 620 1954 insidie?
654 1891 752 1940 ubi
781 1887 1201 1954 sesquipedalia
1226 1885 1429 1936 verba?
1464 1884 1613 1933 hunc

67 1981 341 2036 nostrum
385 1970 630 2020 dolorem
671 1973 828 2020 nulla
877 1973 1095 2021 auferet
1134 1973 1415 2031 vetustas,
1463 1967 1611 2017 Mors

74 2069 176 2122 est
213 2057 503 2110 nobiscum
537 2055 597 2104 in
633 2053 773 2117 olla,
818 2054 962 2103 nulli
995 2053 1139 2103 diem
1172 2054 1417 2118 proferre
1454 2051 1611 2102 licet.

67 2145 326 2214 Ag‘rimur
365 2141 510 2189 enim
549 2139 713 2202 fatis,
759 2136 818 2187 id
863 2136 1010 2200 quod
1053 2137 1215 2186 nobis
1252 2141 1338 2186 est
1369 2137 1610 2188 inevita-

67 2232 225 2289 bile.
297 2224 472 2273 Homo
507 2223 790 2288 proponit,
827 2221 962 2272 deus
998 2235 1130 2271 vero
1165 2236 1278 2270 rem
1311 2221 1489 2286 ipsam
1528 2218 1615 2284 (ut

65 2308 278 2375 video)
314 2307 576 2372 disponit.
644 2307 802 2356 Nulli
833 2321 937 2356 sua
974 2309 1159 2354 manet
1193 2320 1339 2369 spes,

155 2395 382 2460 Quique
407 2407 514 2442 non
541 2395 627 2442 est
649 2391 831 2456 hodie,
858 2405 983 2440 cras
1006 2390 1185 2439 minus
1207 2389 1369 2452 aptus
1396 2389 1516 2439 erit.

73 2478 505 2547 Suspendamus
559 2477 732 2542 igitur
771 2477 1027 2541 nosipsos
1076 2469 1155 2540 [in
1198 2471 1482 2538 ob‘scuro],
1541 2489 1609 2525 ne

77 2626 133 2635 ..-

159 2703 181 2733 5
221 2699 570 2749 fenestrificis
598 2702 643 2748 1.
675 2697 933 2749 cultrifici
958 2701 1009 2748 2.
1116 2695 1158 2728 ¹⁹
1196 2695 1418 2746 auferat
1444 2696 1491 2744 1.

1244 2781 1307 2832 15
