1942 3109
271 212 370 264 136
526 227 818 263 nrrsronffl
853 227 1224 264 onscvnonvu
1258 227 1533 263 wnonvu.

269 332 418 381 sicut
463 347 604 382 unus
651 333 711 382 in
749 337 966 382 centum
1004 333 1163 382 annis
1210 331 1499 397 expeditus
1546 335 1647 382 est.
1725 333 1811 382 Et

251 428 409 472 ¹lmus
455 417 778 482 expectavit
821 433 942 466 eum
992 420 1123 467 ante
1164 416 1457 467 lectorium
1501 420 1557 466 et
1608 415 1807 468 detra-

266 501 351 550 xit
393 515 552 551 suum
595 503 850 552 bar-etum
907 502 978 551 ab
1038 500 1163 551 inde
1224 499 1345 564 (sed
1400 517 1511 552 non
1566 507 1811 566 propter

203 605 212 622 ν
267 585 558 650 honorem,
607 585 706 638 sed
749 587 897 636 sicut
941 586 1197 636 fecerunt
1229 584 1391 653 Iudei
1433 585 1653 649 quando
1704 603 1807 638 eo-

267 673 606 722 ronaverunt
642 669 921 721 Christum
957 674 1015 721 et
1046 671 1349 722 flectebant
1382 669 1589 736 genua)
1629 676 1687 722 et
1712 672 1803 722 di-

267 755 380 804 xit:
425 752 677 806 ‘Domine
715 754 932 819 doctor,
982 770 1107 806 cum
1142 756 1591 820 supportatione,
1637 757 1802 807 Deus

267 837 566 889 benedicat
622 841 782 890 vobis
840 839 1137 890 balneum’.
1222 841 1379 889 Tunc
1435 841 1557 906 ipse
1614 840 1800 890 dixit:

269 920 407 974 ‘Deo
443 923 686 988 gratias,
732 925 968 976 Domine
1002 923 1412 987 Baccalaurie',
1460 928 1518 973 et
1564 939 1675 975 non
1708 925 1801 974 di-

267 1007 352 1056 xit
396 1007 632 1072 amplius
677 1011 738 1058 et
784 1009 991 1060 abivit:
1050 1023 1193 1058 unus
1238 1007 1381 1058 dixit
1423 1007 1587 1072 mihi,
1644 1011 1805 1072 quod

267 1091 418 1142 oculi
437 1073 570 1142 *eius
605 1096 880 1144 steterunt
923 1093 1035 1145 sibi
1080 1093 1303 1158 plenum
1348 1107 1525 1156 aqua,
1572 1096 1631 1142 et
1678 1107 1803 1144 cre—

268 1175 409 1225 didit
445 1176 590 1240 quod
623 1177 868 1241 ploravit
901 1183 1113 1243 postea.
1184 1178 1267 1226 Et-
1296 1175 1516 1241 quando
1554 1192 1659 1242 ego
1698 1194 1802 1228 au-

269 1259 385 1311 divi
420 1259 566 1310 tales
600 1262 959 1324 vexationes,
1004 1266 1141 1311 tunc
1184 1261 1363 1312 doluit
1396 1260 1529 1310 mihi
1564 1261 1625 1310 in
1661 1277 1797 1312 ven-

269 1349 382 1407 tre,
432 1348 488 1394 et
523 1345 572 1394 si
611 1359 714 1409 ego
749 1345 1040 1396 scivissem
1077 1349 1199 1410 quis
1237 1345 1336 1396 ille
1370 1345 1622 1394 leccator
1656 1346 1797 1396 fuis-

269 1432 383 1492 set,
431 1444 532 1493 ego
579 1430 979 1494 percussissem
1022 1447 1109 1480 me
1146 1445 1271 1480 cum
1306 1446 1400 1494 eo,
1448 1433 1507 1479 et
1538 1429 1591 1479 si
1624 1429 1800 1480 debe·-

267 1515 393 1562 rent
437 1513 570 1562 mihi
615 1519 786 1579 caput
831 1530 954 1564 eum
1000 1531 1115 1566 una
1150 1514 1264 1564 dila
1302 1513 1505 1564 abinde
1540 1514 1797 1566 trusisse.

269 1595 378 1648 Sed
412 1597 531 1662 ipse
567 1597 740 1649 habet
775 1598 954 1650 adhuc
990 1614 1157 1650 unum
1190 1597 1545 1664 discipulum,
1582 1598 1681 1648 ille
1709 1604 1801 1650 est

268 1681 404 1730 mihi
437 1697 580 1732 unus
617 1681 813 1734 doctus
849 1684 962 1748 vir,
1012 1688 1069 1734 et
1116 1683 1278 1747 quasi
1322 1683 1447 1747 plus
1494 1697 1662 1745 quam
1699 1683 1797 1734 do-

273 1769 426 1831 ctus,
489 1771 547 1817 et
591 1768 764 1818 etiam
811 1769 974 1832 quasi
1019 1768 1146 1832 plus
1191 1767 1385 1818 doctus
1434 1781 1599 1831 quam
1661 1783 1793 1818 suus

267 1854 582 1919 preceptor,
619 1853 730 1904 nisi
765 1851 912 1915 quod
947 1853 1069 1916 ipse
1108 1857 1194 1904 est
1228 1851 1463 1914 simplex
1487 1851 1789 1902 baccalau-

266 1951 394 1986 reus
428 1936 487 1985 in
521 1935 728 1988 biblia:
764 1937 886 2001 ipse
921 1937 1037 1986 iam
1071 1935 1347 2001 pauculis,
1381 1936 1547 1986 immo
1572 1937 1791 2001 paucis-

267 2021 420 2070 simis
467 2021 808 2085 temporib-us
851 2022 1137 2089 preteritis
1180 2019 1463 2070 intimavit
1507 2020 1651 2070 bene
1710 2022 1795 2070 vi-

269 2104 414 2169 ginti
447 2106 770 2172 questiones
797 2109 854 2156 et
875 2106 1239 2171 sophismata,
1278 2108 1334 2155 et
1358 2119 1574 2168 semper
1598 2107 1797 2154 contra

267 2187 588 2252 modernos,
636 2189 902 2240 videlicet
935 2192 1131 2242 Utrum
1166 2189 1301 2240 deus
1336 2190 1413 2239 sit
1446 2188 1503 2237 in
1538 2187 1794 2255 predica-

267 2276 480 2338 ment0,
540 2273 738 2324 Utrum
783 2275 1031 2326 essentia
1074 2277 1133 2324 et
1178 2273 1479 2324 existentia
1522 2273 1639 2322 sint
1680 2271 1794 2322 dis-

273 2358 481 2426 tincte,
541 2358 746 2408 Utrum
790 2359 1123 2412 rollationes
1170 2374 1205 2410 a
1264 2373 1363 2409 suo
1425 2357 1787 2407 fundamento

269 2443 383 2492 sint
416 2442 682 2511 distincte
721 2448 778 2496 et
801 2445 999 2496 Utrum
1022 2443 1215 2494 decem
1238 2441 1655 2510 predicamenta
1680 2443 1796 2491 sint

269 2526 497 2578 realiter
533 2527 818 2580 distincta.
889 2529 1005 2578 Hui
1042 2532 1177 2592 quot
1208 2525 1637 2592 respondentes!
1690 2541 1791 2590 ego

269 2627 380 2664 non
423 2611 542 2662 vidi
583 2614 642 2662 in
684 2614 806 2664 vita
841 2629 965 2664 mea
1011 2613 1136 2678 plus
1186 2610 1583 2676 respondentes
1616 2611 1677 2660 in
1713 2610 1791 2660 le-

274 2698 482 2762 ctor-10,
521 2702 576 2748 et
611 2699 730 2762 ipse
769 2699 940 2748 etiam
982 2697 1231 2748 defendit
1271 2713 1374 2748 sua
1410 2697 1564 2746 dic-ta
1602 2698 1659 2745 et
1692 2695 1792 2744 im·
