1942 3109
50 299 54 308 ,
129 255 590 296 ιικπκωιτιοιεεε
627 255 932 296 oascvnoa.
956 255 1153 294 vxnoa.
1172 239 1489 309 [nnus]
1534 243 1633 294 221

125 363 312 413 mirum
364 363 537 428 igitur
588 362 639 413 si
693 361 876 413 tristia
930 361 1037 411 tibi
1079 360 1355 413 nunciem.
1422 360 1638 414 Intravi

126 461 294 512 nuper
349 447 645 499 ecclesiam
701 447 760 496 in
817 446 966 498 festo
1032 447 1350 498 nativitatis
1410 445 1636 510 Clu-isti,

124 530 298 596 magis
335 547 402 582 ex
436 535 700 600 precepto
739 545 904 596 quam
941 546 1010 582 ex
1044 529 1199 588 bona„
1214 531 1527 596 voluntate,
1560 531 1639 582 Et

46 639 48 678 ÷
125 631 252 667 ecce
294 614 486 668 doctor
529 615 750 680 quidam
783 614 1091 666 Zacharias
1137 616 1384 682 nomine,
1430 616 1638 668 nemini

77 717 104 755 5
126 717 231 752 non
253 689 507 765 dilectus,
546 699 793 752 habebat
825 701 886 750 in
918 715 1087 752 manu
1122 715 1223 750 sua
1256 702 1427 753 breve
1464 699 1635 766 quod·

120 783 242 836 dam
277 785 660 853 apostolieum,
697 776 900 850 inquo
935 789 1086 836 totus
1124 785 1477 836 obscurorum
1502 800 1635 850 grex

44 911 46 918 .
119 877 310 940 eterna
351 869 742 922 maledictione
790 885 914 921 cum
959 870 1211 922 omnibus
1256 871 1373 921 suis
1410 857 1634 935 compli-

121 955 275 1005 cibus
309 955 658 1006 severissime
694 956 937 1020 punitur.
984 955 1179 1008 Multis
1216 955 1405 1018 itaque
1441 955 1501 1004 in
1535 970 1632 1006 no-

115 1039 218 1090 stri
253 1039 639 1091 contumeliam
677 1053 860 1090 coram
897 1040 1045 1092 clero
1084 1044 1139 1093 et
1178 1039 1385 1106 populo
1430 1040 1490 1090 in
1522 1053 1636 1090 me-

39 1137 95 1179 10
116 1125 262 1176 dium
293 1123 552 1192 prolatis,
591 1128 875 1176 stentorea
914 1125 1065 1190 cepit
1098 1137 1235 1176 voce
1273 1123 1546 1189 clamare,
1586 1117 1633 1174 0'

109 1211 410 1264 maledicta
457 1214 515 1260 et
559 1208 894 1259 execrabilis
931 1207 1303 1260 obscurorum
1338 1211 1523 1260 secta!
1584 1209 1633 1258 O

107 1299 437 1348 temerarius
480 1291 811 1344 histrionum
857 1293 1161 1344 exercitus!
1235 1292 1282 1343 O
1320 1291 1638 1344 fetidissimi

106 1379 389 1432 ludionum
434 1377 658 1444 greges!
731 1377 778 1428 Ο
825 1377 1289 1443 impudentissimi
1334 1379 1394 1428 in
1438 1391 1627 1430 omnes

36 1529 38 1538 Ι
104 1465 478 1534 sycophante,
503 1527 505 1529 ι
529 1463 627 1529 qui
669 1451 851 1527 neque
899 1460 1001 1514 deo
1034 1465 1331 1528 parcentes
1367 1477 1473 1515 nec
1507 1477 1635 1514 san-

35 1553 212 1604 15ctis
245 1553 376 1604 eius
419 1551 572 1602 viros
614 1549 818 1612 bonos,
861 1549 980 1614 pro'
1010 1547 1258 1600 ecclesia
1301 1547 1393 1599 dei
1440 1550 1633 1600 contra

101 1637 328 1690 oculare
375 1634 664 1701 speculum
711 1633 782 1685 ad
837 1631 1166 1698 sanguinem
1221 1647 1398 1697 usque
1445 1631 1634 1684 decer-

102 1724 324 1783 tantes,
385 1719 804 1771 contumeliosis
859 1717 1141 1769 lacessere
1200 1717 1469 1768 conviciis
1526 1731 1651 1788 non·

105 1803 462 1864 erubescunt,
499 1815 622 1852 cum
656 1803 798 1855 nihil
823 1802 895 1854 ad
915 1815 1033 1855 rem
1056 1801 1335 1853 facientes
1362 1793 1639 1866 Cap'nioni

104 1900 206 1938 suo
237 1884 370 1948 plus
406 1890 646 1936 noceant
683 1899 845 1952 quam
880 1887 1111 1956 prosint.
1186 1885 1310 1937 Hec
1347 1888 1403 1937 et
1438 1885 1524 1936 his
1560 1885 1634 1936 si·

37 1969 267 2024 eomilia
311 1967 504 2019 doctor
539 1968 638 2019 ille
677 1977 999 2022 constanter
1032 1972 1294 2038 protulit,
1332 1971 1389 2020 in
1424 1985 1510 2021 me
1546 1985 1635 2021 se-

102 2068 405 2122 pennmero
435 2057 724 2105 tortuosos
761 2052 1059 2106 deflectens
1096 2056 1309 2108 oculos.
1378 2053 1427 2106 Ο
1466 2069 1632 2120 quam

97 2139 241 2189 mihi
275 2139 436 2188 timui
473 2133 709 2204 [miser],
747 2139 839 2187 cui
871 2153 1015 2188 mors
1052 2139 1274 2205 propior
1311 2141 1433 2192 erat
1468 2154 1635 2205 quam

99 2225 243 2276 vita.
313 2221 549 2272 Nam-si
587 2221 841 2290 vulgaris
886 2223 1185 2289 plebecula
1229 2240 1315 2277 me
1361 2237 1528 2276 unum
1566 2239 1634 2275 ex

99 2308 222 2360 illis
261 2321 388 2358 esse
419 2306 814 2372 intellexisset,
850 2321 1135 2372 nunquam
1154 2309 1631 2362 vivusrediissem

41 2404 79 2447 5
99 2395 352 2446 domum:
388 2407 578 2458 quum,
612 2393 757 2444 teste
792 2389 1109 2462 Alexandro
1146 2391 1332 2459 Gallo,

265 2480 343 2532 sit
373 2479 578 2545 vulgus
609 2477 845 2546 pelagus
879 2477 1280 2529 indeclinabile
1316 2478 1485 2530 virus.

95 2563 250 2619 Vale
269 2569 357 2618 'ex
389 2563 750 2630 Norenberga
786 2564 944 2616 Anno
983 2577 1092 2627 quo
1128 2575 1315 2627 supra.
1346 2561 1357 2626 1
1408 2559 1463 2629 ΙΙ.

173 2735 190 2768 ¹
229 2736 448 2789 Intravi
461 2739 508 2786 1.
535 2737 767 2788 Accessi
785 2741 844 2791 2.
947 2736 971 2770 ⁷
1006 2744 1217 2788 extante
1240 2736 1389 2786 bona
1410 2734 1551 2786 omis.
1577 2705 1654 2785 2.-
