1942 3109
350 232 453 287 326
522 246 759 287 ona-vnn
797 246 994 285 eum
1029 244 1316 283 srrsrotA
1352 245 1791 288 rno'rmzprrcs.

353 355 769 406 contumeliosis
792 352 1072 403 lacessere
1099 353 1370 404 convitiis
1395 368 1520 404 non
1549 358 1859 407 erubuerim?

349 440 529 490 Fictis
566 440 710 491 enim
744 438 853 489 sibi
887 441 1003 487 tum
1039 438 1358 497 nominibus
1395 442 1524 488 tum
1565 438 1860 507 cogno'mini-

350 524 455 574 bus
492 522 681 587 (quam
718 522 999 573 scribendi
1034 522 1324 572 licentiam
1373 523 1452 573 ab
1505 526 1652 575 orbe
1695 524 1859 576 condite

351 624 511 659 nemo
546 607 824 659 hominum
862 610 947 658 est
981 604 1234 669 secutus)
1260 620 1489 657 omnem
1524 606 1858 660 maledicendi

352 694 565 745 rabiem
610 691 869 744 effudere.
940 692 1156 755 Quibus
1197 692 1617 743 sanctissimus
1657 694 1856 745 dominu

350 781 543 829 noster
574 776 691 828 Leo
736 790 887 843 papa
928 775 1176 827 decimus
1219 790 1322 840 pro
1367 790 1482 826 sua
1519 777 1586 826 in
1629 778 1859 829 Christum

350 864 564 929 pietate
598 860 957 926 maledicens,
993 859 1328 926 scandalose
1363 860 1506 911 illos
1545 862 1859 928 garrulitatis

353 951 611 999 auctores
646 950 703 997 et
737 944 879 996 filios
912 944 1232 1008 iniquItatis
1273 959 1388 994 non
1425 945 1770 999 indecenter
1797 962 1858 1009 ap·

282 1048 295 1057 ·
352 1032 618 1097 pellavit,
676 1034 867 1095 utpote
925 1030 1022 1093 qui
1077 1030 1135 1078 in
1177 1028 1420 1079 maximo
1477 1044 1716 1083 suorum
1756 1030 1856 1081 faci·

350 1132 543 1167 norum
581 1116 807 1167 crimine
844 1113 1171 1180 gloriantes,
1203 1111 1548 1177 nullumque
1588 1116 1692 1167 deo
1719 1115 1858 1164 hono-

351 1216 469 1251 rem
502 1200 791 1263 habentes,
828 1214 1092 1249 summam
1125 1198 1185 1247 in
1209 1195 1637 1251 christifideles
1667 1201 1858 1264 impres-

354 1286 564 1338 sionem
598 1285 801 1336 fecere.
870 1284 1191 1334 Intueamur
1225 1282 1418 1346 itaque
1459 1284 1734 1336 valentes
1763 1283 1852 1332 illes

351 1370 597 1421 homines
626 1366 708 1433 (in
743 1381 971 1432 quorum
1009 1366 1343 1419 sententiam
1378 1382 1552 1420 nemo
1591 1371 1770 1420 iturus
1791 1374 1843 1417 ev

358 1458 413 1506 et
448 1454 649 1518 quibus
685 1452 871 1503 nullos
905 1452 1069 1516 peius
1107 1450 1222 1502 odit
1253 1450 1502 1503 mundus
1543 1450 1746 1518 (quam
1775 1458 1846 1502 tar

350 1537 474 1587 dem
530 1534 821 1602 gloriolam
874 1551 976 1586 seu
1020 1536 1203 1600 potius
1247 1535 1550 1587 infamiam
1603 1555 1712 1591 suo
1755 1539 1848 1599 Cap-

350 1622 505 1672 nioni
537 1620 871 1686 pepererint.
941 1620 1146 1670 Nescio
1182 1623 1371 1671 tamen
1416 1622 1644 1683 quibus
1691 1625 1848 1687 loquor.

350 1706 528 1758 lector
563 1703 900 1768 charissime,
928 1703 1168 1755 Obscuri
1202 1707 1348 1769 sunt,
1384 1719 1556 1757 nemo
1599 1724 1708 1761 eos
1733 1704 1844 1759 videt.

354 1807 513 1844 nemo
546 1791 723 1842 bonus
758 1790 940 1853 novit,
989 1789 1341 1855 Quapropter
1376 1804 1546 1842 nemo
1588 1808 1693 1844 eos
1731 1792 1850 1843 offen-

356 1876 464 1943 dit,
518 1891 675 1928 nemo
721 1872 1088 1927 scandalizat.
1162 1872 1223 1923 Si
1271 1876 1696 1927 conscientiam
1739 1888 1846 1927 suat·

353 1960 562 2011 intueri
606 1956 905 2022 aliquando
948 1954 1231 2009 voluerint
1277 1960 1334 2007 et
1381 1972 1578 2011 coram
1629 1961 1735 2012 deo
1769 1974 1851 2010 sna·

353 2062 472 2095 rum
510 2028 867 2110 epistolarum
903 2042 1173 2092 rationem
1207 2039 1453 2106 reddere,
1487 2046 1774 2095 commissi
1795 2058 1851 2093 ev<

356 2128 584 2207 sceleris
618 2125 979 2192 proculdubio
1003 2125 1292 2195 penitebit.
1327 2126 1454 2176 Non
1479 2142 1604 2179 una
1633 2129 1850 2197 epistola,

353 2228 542 2263 verum
588 2212 896 2273 sexcentis,
955 2214 1018 2259 ut
1063 2211 1145 2259 sic
1190 2208 1398 2273 dicam,
1457 2210 1680 2265 iterum
1727 2220 1849 2279 atquz

353 2296 551 2345 iterum
596 2292 906 2358 ampliatis,
954 2294 1190 2358 optimos
1227 2308 1476 2357 quosque
1520 2296 1847 2351 offenderunt.

352 2380 556 2431 Notum
602 2381 687 2430 est
742 2381 798 2428 et
849 2378 1159 2443 publicum,
1217 2377 1315 2428 ubi
1366 2377 1602 2431 illorum
1657 2382 1848 2451 epistole

336 2465 619 2530 'impresse
664 2463 800 2525 sint,
845 2462 967 2511 noti
1010 2464 1178 2512 etiam
1216 2464 1498 2513 auctores.
1551 2481 1663 2520 nos
1710 2474 1845 2521 tame:

352 2546 554 2595 bonum
598 2558 695 2609 pro
732 2544 880 2595 malo
916 2544 1136 2608 damus,
1183 2560 1362 2609 neque
1397 2546 1509 2597 hoc
1548 2550 1685 2606 loeo
1723 2568 1843 2621 quen·

353 2639 518 2689 quam
553 2626 906 2677 obscurorum
939 2628 1224 2677 nominare
1259 2628 1563 2697 voluimus,
1601 2651 1682 2690 ne
1721 2638 1843 2691 stulto

348 2706 697 2769 respondisse
739 2706 1112 2759 iudicaremur
1153 2712 1312 2762 iuxta
1355 2712 1682 2773 stultitiam
1719 2736 1842 2779 sum,
