1942 3109
198 245 263 297 10
332 258 710 297 rsrsmcoaur
737 258 975 297 narsus.
997 258 1214 297 con-nu
1240 257 1713 297 samosatum.

197 370 254 418 et
286 367 566 418 humorem
609 367 780 418 toties
825 365 1021 431 digitis
1066 365 1410 417 decutientes
1455 365 1723 435 universe·

196 452 612 517 christianitati
646 450 1010 515 maledicunt,
1046 452 1335 519 presertim
1370 450 1561 501 decem
1596 451 1718 517 pla-

200 539 287 604 gis
333 536 644 588 Pharaonis
699 537 758 587 in
803 534 1026 602 Egypto
1073 535 1260 587 factis.
1332 535 1543 588 Ultimo
1588 552 1719 601 epo-

202 626 328 674 tant
359 625 550 675 vinum
587 621 728 673 illud
763 621 992 673 rubeum
1026 622 1084 671 in
1120 620 1449 672 derisionem
1496 624 1553 673 et
1588 636 1717 672 con—

196 708 481 759 tumeliam
518 706 978 757 Christianitatis.
1049 705 1134 755 Ex
1179 705 1285 755 hoc
1328 720 1439 757 non
1484 706 1718 757 obscure

199 791 537 843 considerari
581 793 784 857 potest,
831 789 990 854 quod'
1024 790 1136 855 ipsi
1180 789 1403 841 diluant
1446 791 1718 857 sanguine

201 876 504 926 christiano
539 876 730 927 vinum
775 874 944 939 illud,
994 878 1051 926 et
1096 890 1165 925 ex
1210 874 1423 926 invidia
1468 875 1718 939 ebibant,

197 976 362 1026 quam
397 960 608 1012 habent
643 960 910 1011 adversus
950 960 1317 1012 Christianos.
1388 960 1512 1011 Non
1556 960 1719 1025 plura

196 1046 262 1096 de
299 1047 408 1097 hac
443 1062 502 1097 re
539 1046 685 1108 scio,
733 1045 830 1096 sed
866 1046 971 1097 hoc
1008 1044 1309 1109 duntaxat,
1360 1044 1504 1109 quod
1538 1045 1721 1095 indies

195 1131 358 1197 plura
404 1130 520 1181 alia
563 1131 713 1181 mala
758 1131 1001 1196 pessima
1038 1130 1207 1180 etiam
1244 1132 1300 1179 et
1338 1129 1719 1181 crudelissima

195 1216 583 1267 machinentur
619 1215 970 1281 Christianis,
1010 1213 1463 1280 quemadmodum
1499 1214 1721 1265 demon-

196 1303 374 1353 stravi
418 1302 478 1352 in
521 1301 684 1352 libris
729 1302 868 1351 meis
915 1301 1049 1351 olim
1086 1300 1303 1351 emissis
1340 1302 1397 1350 et
1429 1298 1602 1350 latius
1637 1301 1719 1349 in-

197 1386 386 1437 dicare
422 1401 666 1451 possem,
713 1386 1009 1454 presertim
1056 1384 1275 1449 quando
1312 1384 1627 1435 clanculum
1664 1390 1725 1435 et

199 1469 476 1521 commode
500 1474 734 1535 possunt
758 1471 1027 1534 consequi
1050 1473 1302 1521 sanctam
1327 1485 1562 1534 crucem,
1598 1471 1723 1521 sive

195 1554 370 1607 fuerit
403 1555 461 1609 in
497 1554 646 1619 agris
681 1555 801 1605 sive
839 1552 1075 1620 oppidis,
1114 1568 1236 1605 eam
1274 1556 1531 1606 continuo
1565 1556 1721 1606 fran-

198 1642 394 1706 gentes
455 1642 512 1689 et
568 1637 800 1703 pedibus
863 1640 1279 1691 conculcantes.
1348 1641 1467 1692 Nec
1510 1639 1721 1693 referre

147 1751 151 1754 ·
197 1738 447 1791 possum,
509 1737 674 1787 quam
735 1723 1151 1775 contumeliosis
1207 1725 1393 1777 verbis
1450 1723 1726 1791 virginem

198 1809 435 1859 Mariam
461 1806 730 1859 afficiant.
803 1809 1049 1871 Quorum
1074 1824 1197 1859 cum
1220 1810 1495 1876 recordor,
1513 1801 1517 1804 ⁵
1532 1810 1727 1861 anima

201 1910 326 1945 mea
363 1894 640 1945 continuo·
664 1893 942 1945 exclamat
979 1910 1047 1945 ac
1083 1896 1269 1946 omnia
1303 1897 1547 1948 membra
1583 1910 1725 1960 qua-

197 1981 412 2031 tiuntur
456 1980 697 2033 horrore.
767 1980 892 2031 Hoc
937 1984 1122 2031 autem
1165 1980 1223 2029 in
1266 1995 1403 2032 vera
1446 1980 1551 2031 fide
1596 1979 1727 2031 dico

198 2083 310 2120 non
345 2082 469 2119 esse
503 2067 686 2118 locum
722 2065 1079 2118 admirationi
1110 2080 1211 2115 nos
1249 2080 1439 2117 omnes
1476 2064 1727 2130 quotidie

201 2151 272 2202 ad
305 2152 515 2203 inferos
551 2150 766 2201 detrudi
798 2165 961 2215 posse
998 2152 1183 2201 tactos
1206 2149 1438 2202 fulmine
1462 2164 1574 2201 una
1598 2165 1729 2202 cum

201 2234 650 2285 habitationibus
687 2234 912 2297 nostris,
949 2234 1061 2283 nisi
1093 2234 1250 2299 virgo
1274 2234 1458 2287 Maria
1492 2252 1588 2301 pro
1624 2252 1729 2287 no·—

199 2321 288 2371 bis
323 2316 713 2371 intercederet.
785 2318 1137 2383 Quapropter
1171 2318 1491 2371 Christiana
1540 2320 1729 2371 eccle-

204 2405 292 2456 sia
330 2403 739 2455 commissorum
776 2402 1047 2453 scelerum
1098 2402 1228 2473 (que
1277 2405 1523 2469 quotidie
1560 2422 1595 2457 a
1630 2405 1729 2455 Iu-

203 2489 322 2555 deis
359 2485 518 2552 fiunt)
555 2488 709 2539 luere
745 2504 948 2554 penam
986 2490 1228 2554 cogitur,
1278 2506 1345 2542 ex
1382 2504 1490 2554 quo
1528 2492 1736 2557 eterna

203 2571 384 2622 deitas
433 2568 620 2635 (prout
661 2587 795 2625 vero
839 2574 1027 2625 verius
1074 2572 1180 2639 est)
1228 2575 1525 2637 sumpserit
1558 2590 1731 2626 occa-

207 2656 417 2707 sionem
461 2659 688 2720 propter
735 2658 1103 2709 contumelias
1149 2661 1205 2709 et
1247 2658 1567 2722 passionem
1610 2659 1734 2710 sibi

176 2739 444 2804 »illatarm
479 2754 591 2790 non
627 2740 820 2791 solum
835 2744 1029 2795 sontes
1052 2741 1251 2810 Iudeos
1284 2742 1345 2791 in
1367 2742 1737 2794 Hierusalem
