1942 3109
229 275 330 327 438
455 287 853 325 srxsrommm
891 278 1260 324 onsovnouvu
1295 286 1549 325 vmonvu

232 394 378 460 quod
433 393 684 447 homines
741 396 975 459 possunt
1030 392 1250 457 vivere,
1322 392 1417 457 qui
1471 392 1588 443 ista
1645 411 1757 447 non

234 482 447 531 sciunt:
493 479 638 545 quod
672 478 850 530 Video
897 482 985 529 est
1019 476 1157 529 Cum
1201 478 1362 530 oculo
1411 482 1607 545 aperto
1642 497 1757 533 rem

233 566 476 630 aliquem
519 564 795 632 percipie,
845 567 901 615 et
938 560 1114 614 Credo
1161 562 1307 629 quod
1350 566 1436 614 est
1478 580 1756 629 praesens:

233 652 366 717 quia
401 664 794 714 nonnunquam
830 664 938 699 non
975 646 1247 700 credimus
1281 647 1441 713 illud,
1478 649 1624 715 quod
1646 666 1755 702 non

231 736 508 794 videmus;
578 735 652 783 Et
702 733 848 799 quod
881 732 1061 785 Edere
1111 736 1169 784 et
1201 733 1403 785 Bibere
1450 735 1525 785 sit
1560 734 1749 787 Cibum

235 825 292 871 et
325 821 524 871 Potum
557 834 657 885 per
691 834 841 870 orem
889 818 1173 885 accipere,
1222 822 1279 869 et
1312 835 1413 886 per
1456 835 1610 886 opem
1642 820 1750 871 lin-

233 921 386 971 guae,
434 908 701 969 tanquam
737 902 920 970 spadii
953 902 1049 955 vel
1092 902 1357 970 spadonis
1412 904 1646 972 sepelire
1690 904 1754 955 in

233 989 586 1057 sepulchrum
643 989 932 1040 stomachi.
1004 987 1145 1041 Ante
1204 990 1389 1041 omnia
1439 1005 1572 1043 vero
1622 990 1758 1041 mihi

232 1074 398 1127 valde
433 1074 574 1126 bene
611 1074 806 1140 placet
841 1073 1181 1141 originantia
1206 1074 1446 1139 vocium,
1486 1089 1629 1139 quas
1664 1074 1755 1127 do·

236 1174 358 1225 ces,
408 1176 476 1211 ex
512 1173 619 1225 quo
655 1158 934 1225 videmus,
985 1158 1129 1225 quod
1163 1158 1357 1225 lingua
1392 1162 1587 1211 nostra
1622 1160 1752 1213 Ger-

231 1245 456 1296 manica
513 1247 598 1295 est
642 1245 789 1295 sicut
843 1244 997 1295 dives
1050 1258 1223 1310 penu,
1285 1258 1353 1295 ex
1408 1258 1517 1308 quo
1573 1260 1759 1298 omnes

235 1330 364 1381 aliae
417 1344 586 1381 voces
648 1333 916 1393 tanquam
976 1345 1044 1379 ex
1105 1329 1249 1379 cista
1308 1328 1641 1379 claustraria
1700 1332 1762 1381 et

235 1431 401 1467 corno
450 1415 730 1481 copiarum
777 1417 1010 1479 possunt
1055 1412 1263 1463 afferri.
1340 1414 1482 1465 Nam
1536 1413 1759 1481 quando

234 1513 336 1551 nos
394 1498 724 1551 Germanice
783 1497 1019 1547 dicimus
1090 1496 1244 1547 ‘eine
1312 1498 1545 1562 Gurke',
1622 1502 1759 1551 tnnc

234 1583 473 1634 Latinus
508 1583 672 1645 dicit,
725 1581 1027 1645 ‘cucumis',
1077 1583 1241 1645 quasi
1278 1581 1603 1648 ‘cucumist',
1642 1583 1758 1635 ‘cu-

235 1668 576 1732 cumistieri’,
615 1684 650 1717 a
673 1666 1005 1718 Germanico
1030 1666 1309 1733 Kuhmist,
1347 1674 1404 1719 et
1438 1670 1522 1719 sic
1554 1668 1763 1720 dicitur

237 1754 519 1819 cucumis,
582 1752 714 1818 quia
773 1766 1031 1802 cucumes
1088 1752 1331 1804 libenter
1386 1756 1645 1802 crescunt
1700 1758 1762 1804 et

234 1837 374 1889 fiunt
417 1838 604 1903 magni
648 1838 708 1887 in
743 1837 980 1890 Kumist.
1052 1835 1285 1901 Quando
1322 1839 1508 1887 autem
1551 1836 1762 1890 dicitur

237 1922 568 1987 ‘Kukumis'‚
609 1926 666 1973 et
699 1922 787 1973 bis
822 1923 948 1973 vice
985 1923 1211 1989 ponitur
1246 1920 1465 1987 syllaba
1490 1922 1599 1987 Ku,
1624 1926 1759 1973 tunc

164 1998 166 2000 ’
236 2008 378 2060 illud
413 2024 511 2074 pro
548 2023 695 2059 more
731 2011 941 2059 sanctae
976 2008 1183 2074 ling-use
1208 2006 1487 2072 significata
1509 2008 1758 2059 multitu-

234 2094 446 2155 dinem,
495 2098 551 2144 et
585 2092 730 2158 quod
773 2108 884 2145 non
919 2093 1123 2145 debeat
1156 2091 1337 2143 omitti
1372 2090 1529 2143 fimus
1563 2108 1757 2145 vaccae

233 2180 292 2227 in
327 2177 427 2228 illo
465 2178 607 2243 loco,
631 2179 730 2230 ubi
767 2194 1027 2230 cucumes
1064 2178 1267 2230 debent
1303 2190 1583 2230 crescere:
1618 2178 1761 2229 Nam

237 2261 456 2327 quando
491 2262 698 2316 habere
721 2262 975 2314 volumus
1012 2248 1158 2326 epud
1192 2264 1443 2327 tempora.
1478 2276 1760 2326 cucumes,

237 2352 370 2397 tunc
407 2353 627 2413 oportet
659 2348 890 2398 multum
924 2344 1107 2396 fimum
1140 2360 1333 2417 vaccae
1372 2346 1587 2399 addere.
1622 2346 1762 2397 Pro·

236 2432 387 2483 fecto
426 2450 528 2501 ego
564 2430 770 2484 suadeo
805 2429 1161 2499 valdissime,
1206 2435 1269 2483 ut
1312 2433 1459 2483 hunc
1503 2436 1657 2482 tuum
1692 2430 1763 2481 li-

235 2518 395 2567 brum
441 2518 604 2581 edas,
659 2519 793 2565 tunc
839 2518 984 2567 enim
1040 2516 1186 2582 apud
1240 2516 1458 2568 doctum
1500 2514 1764 2565 mundum

237 2615 495 2667 magnum
546 2600 808 2650 honorem
852 2600 1117 2667 habebis,
1158 2606 1235 2652 .et
1292 2615 1510 2666 semper
1563 2600 1763 2666 honos,

237 2697 545 2746 nomenque
580 2688 761 2745 tuum,
797 2684 1103 2757 laudesque
1139 2685 1460 2739 manebunt.
1528 2685 1689 2738 Vale.
