1942 3109
287 215 356 266 78
545 229 836 265 EPIs'rOLAE
871 228 1242 265 OBSGVROBVM
1276 227 1549 264 vmonvu.

287 349 408 385 sum
453 335 734 385 christum.
805 335 1163 387 Venerabilis
1215 335 1330 397 vir,
1389 348 1501 384 non
1544 332 1821 385 habeatis

285 419 602 471 molestiam
647 419 792 484 quod
839 421 1025 472 scribo
1059 421 1221 472 vobis
1256 417 1323 469 de
1359 419 1611 484 negociis
1646 420 1823 484 meis,

286 513 414 554 eu‘m
445 520 546 556 vos
579 506 720 556 bene
757 505 978 557 habetis
1012 507 1225 556 maiora
1258 521 1357 570 pro
1406 503 1639 570 agendo.
1710 505 1825 556 sed

287 589 508 642 dixistis
552 591 691 641 mihi
730 591 864 641 olim
909 590 1055 655 quod
1098 590 1355 642 deberem
1398 590 1558 641 vobis
1592 605 1824 655 semper

287 676 531 726 seribere
569 675 836 741 quomodo
871 675 1150 727 studerem
1186 681 1243 727 et
1274 691 1384 726 non
1407 675 1663 727 deberem
1689 690 1821 726 ees-

287 765 412 812 s'are
446 761 506 810 in
539 760 835 826 studendo,
871 761 970 813 sed
1006 760 1263 813 deberem
1297 759 1625 826 procedere,
1674 763 1821 824 quia

285 845 548 896 haberem
582 845 784 896 bonum
819 846 1120 912 ingenium,
1158 849 1216 897 et
1249 861 1469 911 possem
1504 861 1627 896 eum
1654 844 1818 894 adiu—

285 931 428 980 torio
465 929 556 980 dei
589 931 730 982 bene
767 929 1063 997 proficere,
1110 932 1161 981 si
1204 937 1318 982 met
1360 931 1581 983 vellem.
1655 931 1815 996 Ergo

285 1016 502 1067 debetis
539 1017 684 1066 seire
721 1017 866 1080 quod
901 1033 1005 1082 ego
1039 1029 1138 1081 pro
1174 1030 1322 1066 nune
1358 1015 1573 1067 contuli
1616 1032 1701 1068 me
1740 1016 1817 1068 ad

284 1101 528 1152 studium
567 1101 1065 1166 Heydelbergense
1112 1106 1167 1152 et
1222 1100 1421 1152 studeo
1464 1101 1523 1150 iu
1569 1101 1817 1152 Theolo-

285 1188 408 1252 gia3
455 1186 553 1238 sed
599 1202 722 1237 eum
765 1187 870 1238 hoe
917 1186 1083 1238 audio
1128 1186 1381 1250 quotidie
1408 1201 1577 1236 unam
1610 1186 1816 1238 lectio·

285 1287 412 1322 nem
443 1272 504 1322 in
537 1272 782 1336 poetria,
819 1273 878 1321 in
915 1287 1027 1336 qua
1060 1272 1249 1337 incepi
1282 1270 1551 1337 proficere
1584 1273 1813 1322 notabi-

283 1356 414 1406 liter
437 1355 504 1406 de
529 1357 714 1422 gratia
735 1356 852 1422 dei,
891 1360 948 1408 et
967 1357 1083 1406 iam
1106 1357 1224 1408 seio
1248 1359 1593 1408 mentetenus
1618 1373 1816 1408 omnes

285 1443 510 1494 fabulas
547 1442 738 1494 Ovidii
770 1441 828 1491 in
863 1443 1397 1508 metamorphoseOS,
1444 1447 1503 1494 et
1542 1443 1665 1494 seio
1710 1458 1815 1493 eas

285 1543 561 1593 exponere
586 1526 1046 1594 quadrupliciter,
1082 1528 1304 1579 seilicet
1327 1528 1679 1592 naturaliter,
1714 1528 1817 1578 lit-

283 1613 557 1677 teraliter,
593 1611 979 1676 historialiter,
1016 1616 1075 1662 et
1096 1613 1490 1678 spiritualiter:
1524 1611 1677 1678 quod
1697 1629 1815 1664 non

283 1700 470 1754 sciunt
513 1699 612 1750 isti
653 1701 819 1765 poete
863 1697 1167 1765 seculares,
1240 1702 1297 1750 et
1342 1714 1518 1765 nuper
1570 1699 1817 1750 interro·-
1916 1769 1918 1772 Α

283 1785 414 1849 gavi
446 1797 614 1834 unum
649 1799 718 1834 ex
751 1783 896 1834 illis:
935 1780 1097 1833 ‘unde
1132 1783 1337 1834 dieitur
1358 1783 1581 1835 Mavors
1592 1786 1637 1835 θ’
1672 1789 1815 1836 tune

281 1869 425 1920 dixit
453 1870 592 1920 mihi
627 1884 794 1920 unam
827 1869 1165 1920 sententiam
1202 1884 1310 1936 que
1344 1883 1455 1918 non
1491 1870 1603 1920 fuit
1637 1884 1812 1934 vera;

281 1953 380 2005 sed
427 1955 597 2004 etiam
644 1954 860 2006 correxi
901 1969 1053 2018 eum,
1103 1959 1159 2004 et
1194 1953 1339 2017 dixi,
1389 1953 1537 2018 quod
1578 1954 1813 2008 Mavors

281 2039 485 2090 dieitur
519 2039 682 2104 quasi
715 2055 894 2091 mares
929 2055 1162 2091 vorans:
1210 2043 1267 2090 et
1308 2039 1431 2104 ipse
1466 2040 1815 2101 fuiteonfu-

283 2139 398 2175 sus.
469 2125 626 2175 Tune
669 2123 812 2174 dixi:
871 2123 1024 2188 ‘quid
1076 2123 1423 2190 significatur
1463 2140 1565 2189 per
1606 2141 1813 2177 novem

281 2209 472 2260 Musas
510 2209 864 2276 allegorice?
911 2213 1046 2260 tune
1092 2211 1261 2261 etiam
1294 2209 1575 2274 ignoravit
1610 2214 1667 2261 et
1702 2225 1813 2277 ego

281 2294 398 2345 dixi
433 2293 579 2359 quod
616 2309 711 2345 ax.
749 2295 908 2363 Muse
945 2293 1263 2361 significant
1300 2309 1422 2345 ΝΠ.
1463 2296 1657 2347 choros
1691 2295 1810 2346 An-

281 2380 548 2445 gelorum.
617 2380 804 2431 Tertio
841 2378 987 2430 dixit
1023 2378 1185 2430 ‘unde
1210 2379 1419 2430 dieitur
1438 2366 1751 2432 Mercurius
1762 2383 1811 2432 ’θ’

281 2465 379 2516 sed
415 2465 634 2530 quando
670 2481 784 2518 non
813 2466 1011 2532 scivit,
1056 2469 1191 2516 tune
1236 2465 1357 2516 dixi
1390 2467 1445 2517 ei
1478 2465 1623 2532 quod
1656 2465 1814 2516 Mer·

283 2551 468 2601 curius
515 2550 722 2602 dicitur
769 2551 932 2614 quasi
974 2554 1341 2602 mercatorum
1400 2551 1612 2615 curius,
1669 2553 1813 2624 quia

281 2639 369 2686 est
413 2635 545 2688 deus
587 2638 955 2688 mercatorum
1005 2641 1061 2687 et
1104 2635 1277 2688 habet
1322 2651 1509 2688 euram
1553 2650 1653 2700 pro
1700 2638 1810 2688 eis.

278 2720 370 2772 Ita
404 2722 606 2774 videtis
643 2720 788 2786 quod
823 2722 932 2789 iste
967 2726 1131 2790 poete
1168 2737 1315 2772 nune
1338 2721 1563 2774 student
1584 2723 1812 2773 tantum
