1942 3109
190 196 287 246 184
366 211 657 246 EPIBTOEAE
683 210 1053 252 OBSCVROBVM
1079 209 1334 246 VIRORVM
1361 209 1538 244 ROVAE.

186 316 464 380 ingratus,
503 315 599 378 qui
633 315 848 364 fecistis
884 314 1020 364 mihi
1055 315 1196 364 talia
1230 315 1406 380 bona,
1467 312 1578 363 Sed
1614 314 1708 362 ha-

184 400 289 450 beo
315 400 681 450 rationabiles
709 415 935 462 causaS,
975 387 1121 463 quod
1155 415 1266 448 non
1300 399 1479 449 direxi
1511 399 1712 450 literas

188 483 260 533 ad
318 485 769 534 Dominationem
826 488 1100 535 vestram:
1161 485 1294 548 quia
1351 500 1448 548 pro
1508 500 1712 548 magna

188 573 347 633 parte
402 569 486 618 fui
540 567 809 630 infirmuS,
864 572 922 618 et
975 569 1166 618 nescio
1221 567 1354 632 quid
1406 568 1515 618 fuit
1558 569 1710 618 mihi.

186 653 439 703 Medicus
486 652 624 703 dicit
670 651 813 717 quod
859 651 1042 702 habeo
1080 651 1297 716 aliquid
1333 654 1390 701 in
1426 653 1712 702 stomacho

189 742 246 788 et
280 753 390 788 non
424 738 544 788 scio
578 740 721 789 bene
756 737 1026 802 digerere.
1087 737 1275 788 Etiam
1311 736 1714 788 nudiustertius

186 824 397 888 sumpsi
434 838 597 874 unam
632 823 1048 888 purgationem,
1097 826 1154 872 et
1199 821 1360 873 salva
1396 824 1714 874 reverentia

186 923 370 957 coram
416 907 791 958 dominatione
835 910 1054 970 vestra,
1107 922 1209 971 ego
1254 905 1501 957 merdavi
1547 922 1714 956 unam

183 991 425 1042 merdam
460 993 541 1044 ita
578 997 825 1055 tenuem,
864 989 1010 1054 quod
1045 991 1250 1053 aliquis
1274 994 1466 1054 posset
1489 992 1714 1042 sorbere

188 1091 310 1126 cum
348 1077 619 1140 cocleari,
658 1081 714 1128 et
752 1091 874 1126 cum
907 1076 1016 1124 hoc
1053 1076 1228 1125 exivit
1260 1091 1372 1124 una
1397 1077 1556 1140 petia
1581 1076 1714 1126 alba

183 1163 326 1211 bene
364 1163 446 1212 ita
482 1177 685 1228 mag-na
720 1162 867 1211 sicut
902 1161 1098 1225 pirum.
1158 1159 1232 1208 Et
1266 1159 1408 1209 dixit
1429 1159 1712 1210 Medicus:

184 1245 305 1294 ‘illa
353 1250 437 1296 est
483 1247 719 1296 materia
771 1245 1052 1309 indigesta
1107 1248 1163 1293 et
1217 1249 1416 1294 causat
1465 1245 1716 1296 febrem’.

184 1328 294 1380 Sed
330 1345 428 1394 pro
464 1345 611 1379 nunc
647 1331 763 1380 scio
800 1330 1000 1380 iterum
1035 1330 1178 1380 bene
1215 1328 1532 1392 comedere,
1579 1331 1718 1394 quia

186 1414 365 1468 habeo
410 1416 613 1466 bonum
663 1413 998 1480 appetitum,
1035 1413 1294 1464 laudetur
1329 1413 1483 1466 deus.
1555 1415 1630 1464 Et
1665 1416 1720 1466 si

185 1513 383 1549 maneo
418 1514 617 1562 sanna,
666 1503 797 1548 tunc
834 1513 1052 1563 semper
1087 1499 1216 1550 volo
1255 1499 1499 1550 scribere
1535 1499 1715 1550 vobis.

182 1581 258 1632 Et
292 1599 391 1648 pro
426 1582 537 1632 ista
571 1584 695 1634 vice
732 1581 947 1632 debetis
995 1583 1172 1646 scire,
1218 1583 1363 1648 quod
1411 1583 1718 1634 Sanctissi-

184 1683 303 1718 mus
343 1667 523 1718 adhuc
560 1671 644 1718 est
666 1667 969 1735 Florentie,
1011 1671 1069 1718 et
1093 1666 1380 1718 Curtisani
1416 1667 1507 1718 hic
1543 1668 1713 1718 male-

184 1751 379 1802 dicunt
415 1753 469 1804 ei
504 1751 650 1816 quod
685 1767 797 1802 non
832 1753 1014 1818 venit,
1055 1753 1186 1815 quia
1223 1767 1332 1802 non
1367 1758 1598 1817 possunt
1622 1769 1712 1802 ex-

184 1835 375 1900 pedire
410 1838 648 1903 negocia
686 1852 806 1887 sua.
882 1835 991 1887 Sed
1027 1853 1129 1902 ego
1166 1837 1290 1888 dico
1329 1836 1475 1900 quod
1509 1836 1717 1890 debent

183 1922 391 1972 habere
426 1922 787 1987 patientiam,
826 1923 883 1971 et
916 1937 1026 1971 non
1050 1921 1255 1978 debent
1279 1922 1333 1971 ei
1355 1920 1712 1986 maledicere,

185 2007 331 2056 alias
377 2010 513 2056 sunt
552 2006 1034 2056 excommunicati.
1103 2005 1179 2055 Et
1224 2005 1410 2071 allego
1457 2007 1540 2056 eis
1583 2006 1716 2055 Iura

182 2105 353 2156 supra
388 2090 521 2156 hoc,
560 2091 693 2154 quia
727 2089 872 2141 vado
910 2089 1004 2140 hic
1042 2089 1114 2139 ad
1137 2087 1485 2154 Sapientiam
1512 2094 1570 2140 et
1595 2094 1715 2140 stu·

183 2175 315 2226 deo:
360 2177 473 2225 iam
518 2175 633 2224 feci
688 2189 945 2238 magnum
1003 2174 1312 2239 profectum
1365 2175 1424 2234 in
1475 2177 1715 2238 utroque

183 2260 341 2322 Iure,
378 2259 436 2310 in
471 2273 580 2308 uno
618 2259 699 2308 ita
734 2259 877 2308 bene
914 2260 1064 2308 sicut
1099 2260 1157 2308 in
1196 2259 1326 2309 alio.
1389 2257 1496 2308 Sed
1522 2257 1718 2308 dicunt

181 2343 362 2408 aliqui
398 2341 545 2406 quod
580 2342 731 2392 oculi
764 2341 956 2393 dolent
994 2341 1388 2407 Sanctissimo,
1434 2357 1566 2408 ergo
1602 2357 1715 2393 non

182 2431 371 2492 potest
404 2426 693 2484 ambulare
729 2443 828 2492 per
853 2441 1056 2478 aerem.
1113 2427 1348 2478 Debetis
1375 2428 1546 2478 etiam
1569 2429 1714 2478 scire

184 2511 330 2574 quod
363 2511 484 2562 Rex
518 2512 759 2577 Francia
796 2513 1029 2564 revertit
1063 2513 1122 2562 in
1155 2512 1454 2562 Franciam
1491 2515 1548 2562 et
1591 2512 1716 2563 vult

181 2599 406 2659 portare
459 2596 638 2660 magis
691 2595 954 2660 populum
1009 2595 1080 2646 ad
1136 2595 1458 2647 bellandum
1519 2601 1714 2648 contra

180 2679 593 2744 Imperatorem.
666 2680 739 2730 Et
773 2681 1016 2744 Hispani
1050 2680 1247 2730 volunt
1293 2680 1566 2732 auxiliare
1611 2682 1712 2731 im-
