1942 3109
358 266 423 310 35.
448 271 625 308 mnu.
652 271 825 310 μιν.
859 265 929 312 3⁶.
952 271 1228 312 manns
1253 275 1526 314 Αιιποιυῐ.
1604 263 1706 316 277

184 373 253 424 ad
288 373 445 426 finem
480 376 601 443 vite
636 389 761 440 mee
796 375 1054 427 sufficere
1093 393 1160 428 ac
1195 383 1488 445 suppetere
1519 383 1704 434 vietus

181 463 239 509 et
260 461 525 523 affictus,
562 460 613 509 si
636 458 831 510 divina
852 461 1100 512 voluerit
1121 461 1212 513 dei
1234 449 1440 528 gratia.
1501 467 1702 530 Quam-

179 543 393 608 obrem,
442 559 527 594 me
562 542 795 593 hercule
827 543 919 595 vel
953 543 1356 612 mediusfidius,
1403 547 1706 601 debueritis

175 627 309 676 mihi
354 641 468 676 non
513 626 829 676 rariuscule
880 643 1051 677 unam
1101 630 1386 680 literulam
1439 635 1706 685 amieiose

176 710 478 760 conflatam
524 724 627 760 seu
672 711 1028 775 compilatam
1075 713 1386 780 ascribere,
1431 719 1494 766 et
1533 717 1592 766 in
1637 733 1705 766 ea

174 792 618 844 affectionaliter
663 793 981 858 significare
1025 797 1296 860 quomodo
1341 800 1610 852 steteritIs
1645 801 1704 850 in

171 877 321 926 omni
355 876 638 942 qualitate
678 878 953 944 corporali
999 893 1100 930 seu
1145 882 1402 948 animali,
1447 883 1524 934 Et
1569 899 1700 948 quo-

171 959 331 1010 modo
366 960 592 1009 fueritis
628 960 947 1011 fortunatus
984 962 1240 1013 fataliter
1264 980 1332 1014 ex
1353 967 1701 1033 predestina-

170 1045 321 1094 tione
357 1042 555 1093 divina
592 1057 699 1110 que
737 1044 846 1094 fuit
882 1048 1013 1094 ante
1049 1046 1270 1112 secula,
1317 1050 1468 1099 sicut
1501 1048 1706 1102 dixerit

170 1126 512 1178 Lactantius
571 1141 733 1190 quem
792 1129 1106 1193 nuperrime
1159 1129 1467 1182 audiverim
1519 1132 1703 1184 studio

170 1209 561 1273 intentionali‚
598 1210 819 1274 quando
855 1211 1036 1262 lectus
1071 1212 1244 1265 fuerit
1276 1215 1588 1268 formaliter
1609 1217 1702 1268 hie

171 1297 228 1344 in
266 1293 586 1360 Sapientia.
657 1294 923 1361 Preterea
970 1297 1252 1349 enimvero
1295 1302 1514 1352 venerit
1557 1316 1700 1351 unus

170 1377 421 1429 sociolus
448 1391 517 1426 ex
541 1376 777 1427 Colonia
813 1383 869 1429 et
904 1380 1108 1444 gelidis
1131 1381 1388 1449 Almanie
1423 1385 1701 1448 partibus,

171 1464 483 1526 apportans
522 1461 785 1524 epistolia
828 1463 1058 1514 missiva
1103 1463 1364 1516 hincinde
1409 1467 1520 1517 sibi
1565 1469 1702 1517 asti-

168 1545 399 1609 pulata,
437 1561 471 1593 a
508 1556 616 1607 quo
650 1543 915 1596 videlicet
936 1547 1311 1599 intellexerim
1337 1551 1578 1614 qualiter
1599 1567 1700 1604 vos

170 1629 397 1679 fecistis
432 1628 743 1692 imprimere
780 1633 901 1680 ante
938 1631 1310 1684 characterali
1333 1647 1500 1684 unum
1525 1635 1700 1684 libru-

170 1712 316 1776 lum‚
368 1711 463 1774 qui
508 1712 847 1778 intelligitur
882 1727 1008 1763 esse
1042 1714 1136 1764 vel
1169 1716 1344 1766 fuisse
1379 1716 1701 1767 intitulatus

172 1809 273 1846 seu
317 1796 735 1864 prenominatus
780 1795 1072 1860 ‘Epistolae
1127 1797 1498 1851 Obscurorum
1541 1801 1699 1851 Viro·

176 1893 295 1927 rum
339 1878 408 1928 ad
448 1879 783 1945 Magistrum
821 1879 1115 1931 Ortvinum
1151 1881 1443 1947 Gratinm',
1487 1883 1546 1932 in
1591 1897 1700 1946 quo

176 1964 365 2026 utique
400 1961 658 2013 codiculo
696 1977 797 2013 seu
843 1963 1070 2027 libello,
1113 1967 1264 2014 sicut
1305 1967 1442 2014 talis
1485 1967 1702 2017 dederit

172 2046 307 2096 mihi
340 2033 794 2113 intellikendnm‚
840 2047 1198 2097 continentur
1249 2061 1439 2098 omnes
1475 2049 1700 2116 liter-ule

172 2129 243 2180 ad
277 2134 524 2182 vestram
560 2128 892 2194 dignitatem
926 2129 1187 2180 hincinde
1212 2127 1494 2200 destinate
1521 2132 1701 2184 chari-

168 2216 348 2266 tative
388 2218 447 2264 et
480 2213 870 2264 fraternaliter
906 2229 940 2264 a
974 2215 1182 2266 vestris
1219 2217 1414 2267 amicis
1451 2221 1508 2268 et
1531 2220 1698 2270 notis:

169 2302 226 2347 et
270 2298 444 2348 etiam
492 2299 792 2362 posueritis
838 2313 1018 2348 meum
1063 2299 1382 2364 epistolium
1415 2302 1594 2367 intus,
1643 2307 1701 2353 et

168 2380 333 2431 valde
356 2380 646 2430 miratorie
671 2381 1024 2445 stupefactus
1058 2383 1287 2446 fuerim,
1325 2384 1468 2447 quod
1503 2384 1696 2450 digna-

168 2464 305 2513 mini
338 2479 427 2514 me
462 2465 739 2528 tantisper
774 2464 980 2515 honore
1017 2465 1427 2530 sesquipedali,
1465 2473 1522 2518 et
1555 2469 1696 2520 faci-

167 2547 243 2596 tis
280 2547 419 2596 mihi
456 2546 761 2612 eternalem
798 2548 1021 2598 famam.
1095 2551 1446 2614 Quapropter
1490 2552 1697 2603 habue-

168 2631 298 2679 ritis
335 2630 481 2679 scire
520 2631 783 2692 quatinus
818 2633 1088 2682 voluerim
1123 2633 1285 2683 vobis
1331 2637 1569 2699 gratiam
1613 2651 1698 2686 re-

170 2713 322 2762 ferre
360 2712 420 2760 in
454 2717 723 2774 quantum
748 2717 959 2776 potero.
1018 2715 1207 2762 Etiam
1243 2717 1527 2765 sciveritis
1563 2729 1700 2774 qua-
