1942 3109
283 212 384 263 330
460 227 748 263 EPISTOLAE
772 227 1133 263 onscvnonvu
1157 227 1405 262 vmonvu
1430 228 1609 263 uovAE.

285 347 432 397 gana
487 336 671 383 vestra
728 336 783 383 et
836 332 1109 383 dimittere
1156 330 1461 396 Theologos
1508 333 1568 381 in
1612 334 1781 400 pace'.

286 416 393 466 Sed
430 421 558 467 ante
596 419 778 467 omnia
816 418 1082 468 Canonici
1128 418 1245 467 fere
1290 432 1475 467 omnes
1520 422 1648 466 sunt
1692 433 1781 482 pro

283 500 584 563 Reuchlin3
622 507 873 571 preterea
897 503 1057 551 multi
1082 502 1181 552 alii
1208 502 1457 566 magistri
1482 502 1577 565 qui
1602 506 1785 553 amant

285 587 580 651 poetriam,
654 603 876 652 quorum
930 588 1153 636 nomina
1206 602 1315 637 non
1366 590 1544 636 teneo.
1632 588 1787 638 Nunc

286 672 521 722 scribam
552 673 710 723 vobis
745 672 811 721 de
835 672 1039 721 Amicis
1078 676 1132 721 et
1166 671 1497 721 fautoribus.
1555 673 1666 721 Vos
1690 672 1786 722 ha-

283 756 429 806 betis
465 756 556 805 hic
590 772 754 805 unum
779 756 1026 805 Amicum
1063 758 1158 820 qui
1195 760 1281 805 est
1313 756 1400 805 vir
1433 756 1659 805 multum
1697 773 1787 807 ex-

286 839 523 889 cellens:
563 844 617 889 et
651 843 884 891 vocatur
918 839 1167 890 dominus
1203 840 1498 890 Adularius
1526 840 1785 891 Schwan:

285 925 404 990 ipse
444 929 527 975 est
562 926 765 977 nobilis
805 929 860 975 et
893 926 1066 977 habet
1102 941 1265 976 unum
1302 925 1547 975 Calicem
1579 925 1634 973 in
1670 925 1781 988 cly-

285 1026 414 1074 pe03
463 1013 620 1074 pater
667 1012 783 1061 eius
829 1012 937 1061 fuit
984 1010 1373 1075 Campanifex‚
1418 1010 1492 1059 Et
1540 1014 1623 1060 est
1664 1011 1789 1061 sub-

285 1095 401 1143 tilis
438 1094 744 1159 disputator
777 1096 834 1144 in
858 1097 951 1146 via
979 1095 1366 1157 Scotistarum,
1406 1099 1460 1145 et
1483 1096 1624 1145 facit
1645 1095 1788 1145 bona

286 1179 648 1245 Argumenta:
696 1184 752 1229 et
786 1180 922 1229 dicit
957 1179 1101 1244 quod
1138 1182 1323 1229 statim
1358 1179 1531 1229 vellet
1571 1179 1791 1228 conclu-

286 1264 413 1314 dere
438 1265 736 1315 Iohannem
761 1264 1056 1328 Reuchlin,
1096 1265 1146 1312 si
1180 1264 1403 1314 deberet
1439 1279 1560 1313 cum
1598 1281 1662 1315 eo
1688 1264 1794 1313 dis-

286 1354 500 1414 putare.
561 1349 718 1399 Alius
753 1352 836 1398 est
868 1349 1054 1398 fautor
1084 1351 1271 1397 vester
1305 1347 1795 1412 singularissimu8‚

287 1434 467 1482 dictus
491 1434 763 1482 Hem-icus
789 1434 942 1494 Han,
981 1432 1123 1479 alias
1158 1430 1622 1495 Glockenheintz,
1664 1435 1799 1497 quia

287 1517 524 1568 libenter
572 1516 933 1579 campanisat.
1013 1513 1117 1563 Ille
1164 1516 1249 1561 est
1292 1514 1449 1562 homo
1495 1514 1657 1565 valde
1715 1519 1800 1567 in-

287 1602 570 1662 ventiVUS,
610 1604 664 1649 et
688 1600 858 1649 habet
881 1598 1189 1647 mirabilem
1214 1597 1582 1662 intellectum,
1622 1605 1678 1649 et
1715 1604 1801 1653 ita

287 1684 612 1750 profundum
665 1684 942 1748 ingenium
989 1682 1132 1747 quod
1175 1697 1283 1731 non
1330 1683 1579 1747 crediti8‚
1628 1690 1685 1735 et
1730 1686 1799 1736 li-

288 1771 484 1819 benter
517 1768 788 1832 disputat:
827 1772 882 1819 et
919 1768 1133 1831 quando
1171 1767 1442 1832 disputat,
1480 1773 1612 1817 tunc
1636 1768 1796 1819 ridet:

289 1856 344 1901 et
378 1852 602 1902 ridendo
640 1853 920 1903 concludit
954 1868 1137 1902 unum.
1209 1852 1364 1902 Talis
1404 1853 1621 1916 quando
1655 1853 1800 1903 vidit

288 1936 564 1987 Articulos
618 1938 950 2006 hereticales
1003 1938 1264 1989 Iohannis
1308 1937 1606 2001 Reuchlin,
1667 1942 1798 1987 tunc

289 2022 451 2085 dixit,
501 2024 643 2087 quod
688 2028 908 2089 propter
953 2040 1120 2073 unum
1158 2041 1225 2074 ex
1260 2023 1382 2072 istis
1420 2022 1671 2072 articulis
1710 2021 1798 2071 Io-

288 2108 501 2156 hannes
541 2108 810 2159 Reuchlin
846 2109 1073 2159 deberet
1120 2110 1378 2159 comburi.
1436 2108 1655 2157 ,Postea
1700 2106 1799 2157 ha·

291 2190 434 2240 betis
481 2191 648 2239 etiam
694 2192 760 2241 de
804 2196 991 2243 vestra
1040 2194 1323 2256 compania
1359 2208 1523 2241 unum
1558 2191 1804 2241 nobilem

288 2273 636 2325 domicellum
683 2279 737 2325 et
785 2276 1108 2339 armigerum
1155 2277 1249 2339 qui
1295 2275 1496 2325 dicitur
1529 2275 1803 2325 Matthias

289 2360 354 2409 de
401 2359 813 2424 Falckenberg:
872 2363 926 2409 et
974 2369 1059 2409 est
1098 2361 1185 2412 vir
1227 2360 1455 2409 multum
1497 2359 1805 2411 bellicosus

291 2449 346 2494 et
382 2448 568 2509 portat
603 2460 814 2511 semper
849 2459 1001 2493 arma
1038 2460 1220 2495 secum
1268 2449 1323 2495 et
1368 2449 1451 2495 est
1495 2447 1804 2508 equestris:

289 2530 408 2593 ipse
457 2544 667 2593 semper
709 2530 769 2577 in
812 2544 999 2579 mensa
1045 2529 1200 2579 sedet
1244 2532 1371 2579 ante
1420 2532 1475 2579 et
1516 2544 1807 2592 nunquam

291 2618 464 2663 retro:
512 2614 643 2676 quia
687 2613 824 2662 dicit
870 2614 1014 2677 quod
1058 2614 1272 2678 quando
1309 2613 1523 2663 sederet
1557 2617 1706 2663 retro
1745 2620 1809 2665 et

291 2697 446 2748 fieret
477 2698 710 2762 bellum,
747 2702 879 2749 tunc
905 2716 1014 2750 non
1037 2703 1229 2766 posset
1250 2700 1331 2748 ita
1356 2699 1544 2749 statim
1570 2714 1805 2765 surgere
