1942 3109
433 247 504 282 nn
529 244 830 282 urtsroms
855 243 1225 280 onscvuonvu
1249 243 1520 280 vruoavx.
1640 227 1735 280 167

207 353 584 420 applicantur.
643 351 710 402 In
734 348 927 401 eadem
949 347 1091 400 dicit
1112 353 1327 414 turpem
1350 364 1590 400 amorem
1614 365 1736 401 esse

213 439 571 500 charitatem,
609 439 666 488 et
701 436 873 487 talem
911 435 1247 486 charitatem
1281 449 1405 485 esse
1441 435 1629 499 deum,
1680 439 1739 486 et

213 539 344 589 ergo
389 520 674 572 concludit
715 535 957 572 amorem
1000 534 1113 572 non
1168 534 1290 572 esse
1346 519 1549 570 malam
1602 535 1738 582 rem,

211 609 347 672 quin
381 609 567 672 potius
603 606 766 657 deum
803 620 926 656 esse
963 621 1207 656 amorem
1240 605 1599 656 luxuriosum.
1668 605 1733 654 In

211 693 412 743 ,xmL
449 691 674 743 Scotum
709 690 926 742 deridet
959 691 1186 756 propter
1220 691 1569 754 frequentem
1603 690 1734 740 mis-

205 793 392 830 sarum
419 777 872 840 celebrationem,
923 775 991 825 In
1012 775 1202 826 ‚XVIL
1223 774 1291 826 de
1310 774 1735 843 Esticampiano

209 861 428 927 (nescio
453 859 584 927 quo)
611 862 863 926 loquens,
890 860 1263 925 quadraginta
1286 859 1359 910 ad
1380 861 1563 910 minus
1584 875 1736 912 men-

209 947 377 996 dacia
437 949 632 996 contra
686 947 914 1000 almam.
943 949 1157 996 nostem
1210 945 1631 996 universitatem
1676 945 1736 994 in

209 1031 377 1080 rebus
432 1028 688 1079 ridiculis
742 1029 1021 1079 mentitur.
1108 1029 1175 1079 In
1222 1028 1444 1080 ,XVIIL
1499 1028 1735 1096 quedam

209 1114 491 1180 rythmitta
543 1118 672 1166 octo
726 1114 1003 1164 linearum
1054 1115 1115 1164 in
1169 1113 1501 1164 derisionem
1556 1115 1740 1164 sancti

207 1200 368 1250 Petri
400 1199 668 1263 principis
691 1197 1066 1262 apostolorum
1090 1201 1221 1250 sunt
1246 1199 1558 1262 composita
1580 1199 1741 1249 velut

209 1283 439 1334 ultimus
463 1297 661 1333 versus
686 1282 916 1333 indicat.
976 1282 1043 1332 In
1069 1281 1235 1336 .XIX.'
1256 1282 1581 1348 turpissima
1604 1297 1738 1349 que-

209 1367 338 1418 dam
381 1367 662 1431 rythmata
712 1372 908 1419 contra
943 1383 1105 1436 sacre
1140 1368 1423 1435 theologie
1458 1365 1739 1417 doctorem

134 1447 142 1454 ⁰
207 1467 387 1517 nuper
439 1450 763 1502 defunctum
821 1455 880 1503 et
935 1454 1032 1516 qui
1075 1451 1215 1502 nihil
1258 1452 1317 1502 in
1358 1452 1481 1503 vita
1524 1451 1661 1502 mali
1708 1468 1741 1502 a

209 1551 490 1602 quoquam
563 1538 886 1588 commeruit
939 1537 1105 1587 nimis
1163 1536 1513 1601 impudenter
1571 1540 1741 1600 atque

209 1622 379 1672 alteri
423 1619 504 1685 (id
547 1622 694 1687 quod
738 1623 898 1686 peius
945 1620 1055 1686 est)
1102 1621 1251 1673 falso
1296 1622 1403 1673 illa
1451 1623 1741 1672 ascribens

207 1721 304 1758 ore
341 1719 438 1755 suo
473 1709 752 1756 venenato
791 1705 1002 1756 effudit.
1060 1706 1127 1756 In
1164 1706 1330 1759 XXI.
1364 1707 1532 1756 nimis
1566 1707 1745 1758 multa

209 1789 524 1840 mentiendo
559 1789 833 1853 quoddam
867 1791 926 1839 in
961 1806 1023 1840 re
1060 1791 1211 1854 turpi
1246 1788 1313 1840 de
1350 1794 1551 1840 sancta
1578 1805 1741 1841 cruce

213 1873 530 1937 figmentum
553 1875 729 1937 ponit.
789 1873 854 1922 In
888 1875 1159 1926 vicesima
1194 1873 1441 1924 secunda
1478 1875 1739 1940 epistola,

211 1957 400 2006 Primo
441 1956 794 2020 Rythmatice
843 1962 900 2008 et
943 1959 1159 2008 ironice
1201 1963 1266 2007 ut
1314 1959 1483 2010 alteri
1536 1959 1741 2010 illudat

213 2056 338 2092 cum
375 2041 558 2106 gloria
597 2039 806 2091 domini
841 2042 1023 2092 nostri
1066 2045 1125 2092 et
1172 2042 1291 2092 eius
1338 2045 1739 2094 resurrectione

211 2129 447 2175 iocatur.
516 2125 583 2175 In
619 2124 809 2176 eadem
844 2125 1061 2176 inducit
1094 2126 1266 2176 alium
1304 2125 1519 2190 (nescio
1555 2127 1739 2192 quem)

213 2208 454 2272 dixisse,
509 2215 567 2260 et
612 2214 798 2261 tamen
842 2212 1081 2276 metipso
1126 2206 1290 2275 dicit,
1350 2211 1497 2277 quod
1549 2213 1741 2264 tunica

211 2293 420 2344 domini
451 2295 512 2343 in
545 2295 802 2346 Treveris
847 2311 959 2347 non
1006 2298 1081 2347 sit
1123 2297 1319 2348 tunic-a
1360 2297 1595 2362 domini,
1642 2295 1741 2348 se'd

209 2394 325 2431 una
379 2379 614 2443 antiqua
660 2383 718 2428 et
771 2381 1097 2444 pediculosa
1148 2382 1347 2432 vestis.
1428 2381 1493 2430 In
1548 2381 1741 2433 eadem

211 2466 383 2516 etiam
418 2464 656 2517 habetur
688 2463 900 2515 nullum
934 2467 1101 2534 beate
1136 2465 1315 2534 Mal-ie
1350 2467 1587 2532 virg-inis
1634 2468 1739 2517 cri-

209 2567 338 2600 nem
383 2565 502 2602 esse
547 2553 607 2600 in
649 2551 830 2602 terris.
921 2551 1171 2616 Itemque
1226 2551 1373 2615 quod
1426 2552 1742 2604 beatissimi

211 2639 326 2684 tres
361 2636 512 2701 magi
547 2639 606 2686 et
638 2651 800 2701 reges
835 2636 1195 2701 inclytissimi
1228 2639 1343 2687 sint
1377 2641 1491 2687 tres
1536 2638 1738 2688 rustici

213 2733 284 2770 ex
307 2719 678 2788 westphalia.
737 2721 804 2771 In
829 2722 1023 2774 eadem
1046 2721 1186 2774 dicit
1208 2738 1267 2776 se
1302 2721 1452 2774 velle
1488 2721 1737 2774 merdare
