1942 3109
63 289 72 298 .
145 251 612 293 tinnunmouns
653 249 956 286 onscvnou.
984 246 1176 285 vmon.
1206 224 1513 296 [vernans]
1560 225 1661 282 233

863 454 942 506 16.

412 543 463 603 (ἱ
508 539 872 624 Capnion
915 535 1398 600 Phorcensis

244 646 484 696 Ioanni
520 641 1070 694 Peltzflickerio
1106 639 1569 703 resipiscentiam.

244 748 304 798 Si
372 746 519 796 male
589 744 898 809 scripsisti,
968 742 1114 792 male
1183 741 1287 790 tibi
1344 738 1663 789 sacerdotes

93 846 118 883 5
143 831 475 898 respondere
513 830 810 894 oportebit.
865 828 969 876 Est
1006 827 1151 876 enim
1189 840 1387 893 equum
1425 824 1664 874 etsalu·

142 922 283 966 tare.
350 914 506 963 Nihil
556 929 654 976 pro
699 929 786 964 me
842 914 1083 976 pateris,
1135 911 1337 961 bestia.
1394 925 1497 958 nec
1542 925 1666 973 pro-

145 998 314 1062 pheta
375 1013 476 1061 ego
535 1012 681 1060 sum,
750 1011 929 1060 neque
991 995 1345 1046 obscurorum
1403 998 1665 1058 patronus

145 1081 504 1147 [‚quanquam
551 1097 672 1148 mee
707 1081 896 1148 littere
934 1086 1063 1131 ante
1102 1095 1276 1130 annos
1312 1078 1528 1141 aliquot
1563 1076 1665 1127 Co-

143 1166 484 1216 loniensibus
530 1168 696 1233 misse
744 1165 981 1230 idipsum
1029 1165 1337 1229 approbare
1373 1160 1664 1226 videntur].

67 1260 120 1299 10
141 1251 240 1299 Dii
274 1250 504 1316 deeque,
542 1249 710 1299 inferi
733 1246 995 1314 [quoque]
1033 1253 1089 1298 et
1124 1249 1445 1312 superivos
1482 1262 1667 1296 omnes

145 1333 398 1398 perdant.
467 1333 588 1384 Non
641 1350 760 1384 sum
796 1349 922 1383 reus
969 1334 1089 1398 ipse
1126 1333 1345 1383 illorum
1383 1331 1667 1381 criminum

147 1418 497 1481 originarius,
569 1417 846 1468 Nauseam
891 1417 1072 1466 babeo
1119 1433 1283 1482 super
1322 1417 1445 1467 cibo
1482 1419 1666 1468 vestro

143 1502 441 1560 levissimo.
499 1503 818 1568 Displicent
852 1502 986 1552 mihi
1025 1502 1259 1570 epistole
1294 1507 1497 1569 vestre.
1558 1500 1667 1550 Nc-

140 1588 340 1636 minem
375 1589 492 1638 ursi
527 1604 704 1652 neque
742 1588 946 1639 levavi.
989 1586 1375 1638 Conviciorum
1414 1602 1479 1636 ac
1514 1585 1666 1636 blas-

65 1680 118 1719 15
140 1671 482 1734 phemiarum
529 1672 1054 1723 conscribendarum
1098 1688 1291 1722 munus
1326 1671 1484 1722 vobis
1522 1686 1666 1719 com·-

140 1752 272 1799 misi
311 1767 604 1814 nunquam.
675 1754 898 1818 [Tacita
945 1758 1116 1820 igitur
1161 1758 1267 1806 tibi
1311 1755 1510 1805 sudent
1544 1770 1666 1821 pre-

144 1831 336 1882 cordia
375 1833 579 1900 culpa.]
615 1839 728 1886 Vos
767 1843 912 1888 enim
947 1841 1327 1890 obscurissimi
1361 1838 1666 1890 nebulones

141 1916 493 1980 omniumque
553 1920 881 1972 histrionum
937 1925 1139 1987 primi,
1208 1940 1471 1975 summum
1531 1923 1667 1973 mihi

141 2000 457 2067 pontificem
511 2018 578 2051 ac
632 2018 818 2054 omnes
877 2007 1053 2056 bonos
1108 2023 1206 2070 per
1258 2012 1431 2057 totum
1478 2005 1661 2075 [pene]

59 2097 116 2137 20
139 2093 413 2136 terrarum
469 2088 654 2138 orbem
710 2088 963 2140 inimicos
1008 2091 1245 2140 fecistis
1318 2093 1666 2156 Quapropter

139 2185 440 2235 suspensos
491 2189 592 2224 vos
649 2190 772 2225 esse
826 2175 1030 2227 vellem
1074 2175 1132 2224 in
1185 2177 1427 2239 furcam,
1488 2179 1585 2225 aut
1632 2192 1665 2225 a

140 2253 384 2305 Cerbero
419 2257 718 2309 inferorum
756 2276 894 2311 cane
931 2261 1259 2325 discerptos.
1304 2260 1442 2310 Vale
1481 2260 1665 2310 infeli-

139 2340 299 2389 citer.
370 2339 455 2389 Ex
493 2340 814 2406 Stutgardia
850 2346 907 2394 in
943 2345 1191 2408 profesto
1228 2343 1419 2408 Iovis[,
1454 2345 1573 2394 veri
1609 2349 1664 2394 et

133 2425 466 2476 immortalis
504 2429 848 2492 poetantium
884 2427 1013 2494 deiJ.

204 2644 226 2676 ³
262 2649 630 2710 pelrflickerio
657 2652 705 2700 2.
812 2649 854 2684 ¹4
891 2650 1269 2703 Convitiorum
1294 2656 1345 2706 2.

1683 547 1800 611 Bijb
