1942 3109
229 249 382 285 marr.
404 248 560 283 νων.
585 245 874 286 novamne
887 244 1073 281 nux
1094 246 1149 281 n.
1170 239 1237 280 23.
1252 244 1374 283 uu.
1394 237 1465 287 (A.
1482 232 1615 288 1515.)
1654 228 1753 279 149

227 352 574 401 discussione
621 350 821 401 librum
865 354 1029 413 prout
1072 351 1301 421 iacebat
1352 348 1759 411 doctrinaliter,-

231 434 682 500 quemadmodum
718 434 788 485 ad
820 450 922 485 nos
971 435 1202 499 attinet,
1252 432 1753 496 condemnavimus,

231 525 288 571 et
323 536 353 569 e
389 518 568 572 medio
602 518 904 573 tollendum
939 519 1203 571 arbitrati
1242 534 1433 572 sumus
1476 516 1753 582 expedire.

231 606 409 667 Quam
445 604 956 655 condemnationem
992 604 1065 653 ad
1083 603 1457 655 Sanctitatem
1478 604 1754 665 Vestram,

230 689 300 741 ad
343 704 510 753 quam
555 692 776 755 spectat
819 688 948 739 fidei
994 689 1261 741 materias
1314 687 1601 750 decidere,
1658 686 1754 753 he·

227 789 378 828 reses
416 778 473 825 et
506 773 778 825 scandala
805 774 1122 838 extirpare,
1160 778 1216 825 et
1240 788 1408 826 ausus
1432 772 1757 823 temerarios

227 860 592 924 supprimere,
649 862 706 909 et
754 858 1179 911 examinandam
1233 862 1289 908 et
1340 854 1757 923 approbandam

231 943 654 994 transmisimus.
749 942 1107 1006 Suscepimus
1158 943 1331 993 ctiam
1386 959 1421 993 a
1473 939 1755 991 nonnullis

231 1026 334 1081 fide
387 1026 572 1091 dignis
627 1024 943 1078 idemtidem
998 1042 1033 1077 a
1091 1026 1452 1078 celeberrima
1516 1024 1755 1088 Pan-hy-

229 1113 404 1163 siensi
433 1111 756 1176 theologica
801 1110 1077 1164 facultate
1100 1125 1249 1170 *esse
1296 1111 1537 1173 factum,
1582 1114 1641 1160 et
1684 1110 1753 1159 ab

231 1196 360 1249 aliis
399 1196 682 1247 nonnullis
717 1196 1203 1258 universitatibus,
1241 1210 1349 1262 que
1386 1210 1475 1247 res
1511 1210 1621 1245 non
1656 1210 1753 1259 pa—

229 1296 349 1332 rum
393 1279 554 1329 nobis
597 1279 906 1344 spiritualis
961 1278 1325 1333 iocunditatis
1382 1279 1575 1331 attulit
1635 1292 1757 1327 cum

232 1362 544 1417 videremus
581 1364 742 1419 deum
768 1365 1031 1429 optimum
1058 1363 1491 1415 sollicitudinem
1514 1360 1755 1427 ecclesie

231 1465 331 1515 sue
367 1464 478 1501 non
514 1464 738 1514 segnem
772 1464 992 1514 gerere,
1031 1450 1209 1500 servis
1236 1450 1350 1502 suis
1376 1447 1606 1501 eundem
1632 1462 1757 1499 sen-

227 1550 350 1588 sum
387 1534 446 1586 in
481 1532 584 1583 fide
619 1549 721 1585 sua
745 1533 1141 1600 impertiendO,
1177 1538 1240 1583 ut
1262 1533 1645 1599 theologorum
1670 1533 1757 1583 fa-

230 1618 474 1670 cultates
509 1620 569 1667 in
603 1618 760 1669 domo
796 1617 888 1668 dei
921 1618 1277 1673 ambularent
1312 1634 1435 1671 cum
1484 1633 1758 1669 consensu

231 1705 289 1751 et
325 1703 487 1764 quasi
521 1718 630 1753 uno
675 1719 770 1754 ore
817 1718 1003 1753 omnes
1048 1703 1435 1767 loquerentur,
1480 1703 1624 1753 idem
1666 1718 1757 1753 sa-

231 1789 457 1849 perent,
503 1786 648 1837 idem
691 1786 1034 1849 iudicarent,
1090 1791 1148 1835 et
1200 1786 1345 1839 idem
1388 1787 1758 1854 predicarent.

233 1868 392 1917 Nunc
429 1874 614 1921 autem
659 1870 890 1921 incessit
935 1871 1163 1923 auribus
1208 1872 1413 1923 nostris
1456 1870 1758 1923 horrendus

232 1968 337 2002 nec
382 1952 503 2001 sine
547 1952 846 2017 lachrymis
877 1953 887 2017 Ι
917 1954 1239 2006 referendus
1276 1970 1457 2005 rumor
1490 1970 1589 2017 per
1622 1951 1869 2015 Ger-(231)

232 2037 414 2103 manie
459 2040 650 2101 partes
707 2053 816 2089 non
861 2052 1037 2101 parva
1082 2036 1353 2086 scandala
1401 2036 1597 2087 oborta
1630 2052 1758 2087 esse

231 2120 418 2186 Iudeis
457 2119 788 2170 Christianis
824 2120 1247 2171 insultantibus.
1290 2121 1453 2171 immo
1498 2119 1643 2184 quod
1680 2122 1759 2171 fe-

234 2202 356 2252 dius
404 2219 471 2252 ac
517 2205 953 2255 intollerabilius
1001 2209 1115 2270 est,
1163 2206 1419 2257 nonnulli
1455 2204 1762 2255 Christiani

235 2288 317 2338 eis
353 2302 548 2339 manus
585 2291 900 2355 porrigunt,
949 2291 1169 2343 libellos
1216 2292 1419 2341 canino
1466 2291 1653 2354 lepore
1692 2305 1759 2339 ac

232 2374 462 2437 viperea
483 2372 854 2424 mordacitate
889 2375 1085 2439 plenos
1124 2374 1523 2442 componendo,
1560 2375 1760 2437 quibus

233 2461 290 2508 et
324 2457 698 2523 theologicam
733 2458 1065 2511 facultatem
1102 2463 1159 2509 et
1200 2460 1375 2523 ipsius
1418 2458 1761 2522 professores

229 2543 514 2607 lacerant,
551 2543 781 2596 eludunt
817 2558 886 2595 ac
919 2544 1300 2596 floccifaciunt
1336 2548 1393 2593 et
1426 2543 1647 2607 populis
1671 2558 1760 2591 ru-

232 2626 396 2680 dibus
439 2629 680 2681 invisam
721 2628 977 2681 reddunt.
1058 2629 1337 2690 Quantum
1379 2644 1467 2679 res
1514 2629 1618 2694 hec
1664 2643 1759 2677 ne-

232 2712 404 2766 fanda
441 2713 756 2765 detrimenti
793 2714 1095 2779 christiane
1144 2714 1226 2765 rei
1262 2711 1487 2779 publice
1532 2712 1760 2775 inferat,
